2652 4126
467 232 575 284 242
708 210 758 267 S.
846 209 1439 281 PROSPERI

459 306 742 363 prosternunt,
772 317 816 348 ut
847 304 947 348 fiant
978 303 1045 345 sub
1077 301 1244 359 pedibus
1284 304 1387 360 ejus,

458 368 522 408 cui
553 366 656 409 dixit
687 365 912 415 Dominus,
943 363 1040 404 Sede
1068 379 1092 404 a
1121 362 1265 405 dextris
1284 365 1386 417 meis,

458 426 574 468 donec
596 438 738 484 ponam
769 423 936 464 inimicos
964 435 1046 463 tuos
1077 420 1285 479 scabellum
1319 436 1386 483 pe-

454 486 546 527 dum
575 498 745 539 tuorum;
777 483 1070 539 reparabuntur
1099 483 1143 525 in
1163 485 1383 541 integrum:

456 545 549 602 quia
579 557 662 588 non
695 542 908 584 damnavit
949 542 1021 585 has
1063 545 1198 586 ruinas
1240 545 1386 586 Domi-

455 616 555 656 nus,
584 602 650 645 sed
679 603 882 660 replevit:
913 603 1017 660 quod
1048 603 1094 646 fit
1124 605 1167 646 in
1188 604 1266 651 hoc
1285 617 1386 646 tem-

453 677 575 720 pore,
605 677 696 704 cum
729 663 920 706 universis
949 664 1135 720 genti-bus
1174 665 1382 711 ruinarum

454 724 754 781 reparationem
787 722 972 766 Christus
1003 731 1214 782 operatur.

514 782 806 840 Conquaffavit
835 784 963 842 capita
992 785 1033 824 in
1062 782 1165 825 terra
1194 782 1339 828 multa.

513 844 742 886 Multorum
774 844 908 900 capita
929 874 942 896 ,
972 844 1015 885 in
1047 844 1123 886 hac
1165 845 1251 887 vita
1290 860 1382 887 con-

451 903 629 960 quassata
669 903 852 948 Christus
892 904 1063 946 inclinat
1091 934 1105 960 ,
1143 903 1239 947 dum
1272 920 1292 946 e
1326 905 1383 948 su-

454 965 587 1022 perbis
619 964 792 1006 humiles
823 965 944 1010 facit.

516 1023 576 1068 De
604 1036 772 1064 torrente
811 1022 852 1067 in
892 1025 963 1065 via
1001 1024 1102 1066 bibet
1131 1040 1144 1081 3
1180 1037 1381 1088 propterea

571 1080 756 1126 exaltabit
785 1096 918 1142 caput,

280 804 350 832 Item
359 802 397 840 γ.
408 802 436 832 6·

1526 207 2140 283 AQUITA·N1

1508 306 1715 358 Scrutare,
1746 305 1933 362 exquire,
1966 304 2140 364 vestiga,
2169 305 2197 347 fi
2230 319 2344 363 potes
2363 340 2376 363 ,

1446 379 1587 406 omnes
1620 365 1848 410 voluntates
1881 365 2080 409 Domini:
2111 366 2155 409 in
2186 367 2375 409 omnibus

1447 424 1604 480 semper
1643 438 1793 483 magna
1842 439 1965 483 opera
2014 425 2095 484 ejus
2144 427 2329 471 invenies
2360 458 2371 469 .

1447 484 1576 530 Nulla
1607 484 1719 529 enim
1752 485 1935 530 voluntas
1975 486 2181 546 potentior
2219 486 2273 528 est
2312 488 2373 545 ip-

1445 543 1519 588 fius
1551 544 1760 589 voluntate
1791 560 1806 602 3
1837 557 1978 590 contra
2017 560 2139 604 quarn
2179 560 2272 588 cum
2301 549 2373 591 ali-

1444 602 1540 661 quid
1570 602 1657 646 fieri
1686 603 1803 659 sinit,
1833 605 2147 650 misericordiam
2176 605 2288 651 suam
2317 605 2375 663 ju·

1444 664 1670 722 stitiamque
1701 663 1968 709 demonstrat.
2002 667 2111 709 Sicut
2141 666 2254 709 enim
2285 666 2375 709 vult

1443 737 1488 767 ut
1518 724 1644 769 homo
1675 739 1758 767 non
1789 738 1954 782 peccet,
1984 727 2043 771 ita
2074 727 2162 771 vult
2181 727 2372 783 peccanti

1443 799 1607 842 parcere
1638 815 1650 837 ,
1689 797 1734 830 ut
1774 799 2002 831 revertatur
2041 788 2079 832 ὃς
2121 787 2237 831 vivat
2267 801 2282 827 .-
2312 787 2372 829 ita

1443 846 1568 889 etiam
1610 845 1707 890 vult.
1736 845 1779 889 in
1821 846 1994 901 peccatis
2043 845 2373 903 perseverantem

1443 905 1611 963 punire,
1641 916 1685 946 ut
1715 903 1869 963 justitiae
1898 908 2126 962 potentiam
2148 918 2371 949 contumax

1443 979 1526 1010 non
1559 964 1730 1010 evadat.
1762 965 1826 1006 Ac
1855 964 1906 1006 fic
1936 965 2327 1023 quidquid‘elegeris
2357 995 2372 1018 ,

1442 1039 1466 1065 o
1497 1024 1644 1077 homo,
1675 1038 1758 1066 non
1789 1023 1917 1070 deerit
1930 1025 2113 1070 Domino
2133 1025 2237 1067 unde
2259 1025 2371 1069 suam

1443 1082 1491 1124 de
1523 1095 1564 1125 te
1595 1084 1797 1140 compleat
1828 1084 2083 1127 voluntatem
2104 1116 2115 1127 .
2149 1086 2244 1129 Sive
2273 1100 2370 1143 ergo

514 1146 624 1188 Sicut
656 1155 813 1185 torrens
844 1143 1085 1202 pluvialibus
1116 1144 1226 1200 aquis
1257 1145 1376 1186 colle-
1436 1141 1617 1199 justificet
1648 1144 1847 1199 impium,
1878 1143 1958 1186 five
1989 1157 2130 1201 arguat
2170 1146 2332 1210 pigrum
2356 1176 2370 1198 ‚

453 1203 557 1255 filus,
587 1201 808 1254 redundat,
841 1202 1376 1259 perstrepit‚currit,&cur-

448 1261 577 1305 rendo
607 1260 806 1316 decurrit,
834 1261 874 1302 id
895 1261 974 1315 est,
1005 1261 1158 1305 cursum
1180 1261 1296 1318 finit;
1327 1263 1378 1304 fic

451 1321 506 1364 est
536 1321 669 1366 omnis
698 1319 768 1363 iste
799 1321 927 1366 cursus
957 1322 1216 1366 mortalitatis
1236 1322 1378 1364 huma-

450 1396 533 1424 nae.
568 1379 802 1427 Nascuntur
821 1380 1032 1434 homines,
1058 1381 1229 1434 vivunt,
1259 1394 1381 1438 atque

448 1440 679 1486 moriuntur
707 1469 720 1492 ,
758 1439 962 1498 rursusque
1003 1442 1269 1483 morientibus
1312 1442 1382 1483 alii

448 1503 657 1553 oriuntur,
688 1499 925 1554 succedunt,
944 1499 1385 1553 accedunt,decedunt..

411 1570 467 1609 222⁸,
494 1561 557 1604 De
587 1561 664 1602 hoc
695 1575 792 1618 ergo
825 1574 994 1602 torrente
1012 1591 1026 1613 ,
1056 1559 1105 1602 de
1136 1561 1214 1603 hoc
1245 1560 1384 1619 strepi-

450 1636 495 1667 tu
527 1622 786 1674 transeunte,
816 1621 867 1666 de
896 1621 974 1663 hac
1005 1621 1254 1665 mortalitate
1274 1622 1378 1663 bibit

450 1683 552 1726 filius
574 1680 738 1733 David,
770 1681 975 1724 Dominus
996 1679 1160 1732 David,
1189 1680 1378 1738 dignatus

448 1754 619 1801 propter
650 1755 721 1783 nos
752 1741 860 1783 nasci
891 1742 930 1783 8<
960 1740 1088 1795 mori3
1119 1741 1159 1781 8<
1188 1740 1246 1782 ita
1276 1742 1380 1783 bibit

274 1804 497 1864 Ρμῌὼαέ
527 1814 696 1843 torrente
724 1801 766 1845 in
797 1801 867 1841 via
896 1799 1000 1858 quod
1033 1800 1075 1844 in
1107 1800 1175 1842 via
1197 1813 1379 1857 peccato-

451 1876 542 1909 rum
573 1875 654 1908 non
686 1859 815 1905 stetit,
846 1862 1056 1919 Propterea
1086 1874 1182 1916 ergo
1201 1859 1385 1902 exaltabit

279 1942 382 1982 Philip.
406 1933 565 1979 2,t-aput
596 1937 605 1963 :
636 1920 730 1978 quia
761 1920 996 1966 humiliatus
1024 1919 1079 1962 est
1090 1950 1105 1974 ‚v
1131 1920 1306 1964 &faetus
1327 1921 1382 1963 est

273 1984 305 2019 8·
328 1984 366 2015 <J
385 1993 413 2020 9·
452 1981 627 2031 subditus
659 1979 778 2037 usque
810 1978 859 2021 ad
891 1992 1088 2033 mortem,
1118 1993 1294 2024 mortem
1315 1995 1383 2023 au-

354 2062 374 2093 b
452 2053 536 2090 tem
568 2041 692 2083 crucis
706 2071 716 2086 .,
743 2043 912 2097 ΔΡνοριηεψ
932 2040 1032 2096 quod
1049 2049 1067 2080 h
1084 2038 1278 2082 exalta-vit
1294 2054 1379 2083 eum

449 2119 472 2147 a
503 2102 681 2153 mortuis,
710 2099 759 2142 (Τ
788 2100 950 2141 donavit
980 2098 1044 2141 illi
1074 2117 1209 2142 nomen
1228 2131 1241 2154 ,
1283 2102 1383 2157 quod

451 2163 505 2217 est
528 2161 645 2219 super
675 2175 782 2201 omne
814 2176 970 2203 nomen:
1001 2173 1044 2201 ut
1073 2161 1115 2204 in
1135 2163 1285 2203 nomine
1306 2163 1341 2216 J
1345 2179 1381 2202 e—

443 2222 493 2278 [οι
523 2235 632 2261 omne
658 2219 936 2276 genufleflatur
955 2250 969 2273 ,
998 2218 1196 2275 caelestium
1215 2250 1227 2272 ,
1267 2234 1385 2262 terre,

453 2282 608 2331 sirium,
639 2279 688 2320 Θ*
719 2277 951 2332 infernorum
969 2311 981 2332 ,
1024 2279 1073 2321 (θ’
1103 2281 1220 2323 omnis
1249 2277 1382 2337 lingua

451 2336 679 2399 confiteatur
708 2338 886 2392 quoniam
907 2340 1014 2396 Iesus
1036 2339 1213 2394 Christus]
1241 2337 1373 2399 inglo-

452 2401 510 2442 ria
541 2397 595 2452 est
623 2397 702 2439 Dei
730 2398 884 2442 Patris.

611 2514 641 2560 P
673 2516 699 2557 S
733 2516 773 2558 A
805 2517 840 2556 L
875 2515 925 2560 M
960 2519 1003 2558 U
1037 2518 1063 2558 S
1127 2516 1222 2557 CX.

810 2634 1037 2690 Halleluja.

316 2775 356 2812 y,
379 2786 409 2811 1,
451 2754 728 2834 ‘confitebor
765 2751 835 2797 tibi
873 2754 1037 2799 Domine
1075 2754 1117 2796 r'n
1159 2766 1241 2797 toto
1277 2751 1384 2794 corde

466 2835 469 2837 ·
557 2830 635 2859 meo
648 2846 658 2856 .

505 2931 507 2933 ¹
576 2936 647 2981 On
695 2938 854 2998 semper
891 2933 1081 2977 confeffio.
1127 2947 1386 2993 peccatorum

602 2997 683 3051 est,
711 2997 777 3040 sed
807 2995 934 3039 etiam
964 2994 1047 3036 laus
1079 2995 1163 3037 Dei
1204 2994 1386 3037 devotio-

437 3066 506 3101 'ne
537 3055 790 3103 confessionis
818 3053 1102 3112 expromitur.
1144 3054 1220 3095 Illa
1251 3055 1387 3112 luget,

439 3117 538 3159 ‘haec
569 3116 715 3173 gaudet
747 3133 761 3173 3
791 3116 862 3158 illa
892 3112 1049 3156 medico
1079 3113 1223 3155 vulnus
1253 3113 1382 3157 osten-

454 3174 537 3229 dit,
567 3177 650 3217 haec
680 3176 729 3217 de
761 3175 932 3217 sanitate
963 3173 1112 3229 gratias
1141 3173 1250 3230 agit.

515 3237 564 3277 In
595 3234 750 3276 concilio
779 3236 963 3276 refforum
991 3232 1041 3275 (T
1070 3233 1376 3290 congregatione.

514 3297 692 3347 Eorum,
723 3294 804 3338 fine
834 3291 979 3344 dubio,
1007 3292 1076 3348 qui
1107 3290 1304 3335 sedebunt
1324 3293 1382 3335 su-

456 3369 528 3410 per
558 3353 769 3398 duodecim
800 3354 967 3396 thronos
987 3382 1001 3404 ,
1039 3350 1258 3407 judicantes
1289 3351 1382 3394 duo-

456 3413 585 3455 decim
617 3414 742 3456 tribus
772 3413 894 3456 Israel
914 3442 925 3452 .
957 3412 998 3456 A
1028 3424 1198 3468 quorum
1228 3409 1382 3453 concilio

456 3472 821 3530 &congregatione,
848 3471 980 3513 omnis
1011 3470 1225 3530 hypocrita
1257 3471 1382 3530 segre-

457 3544 599 3589 gatus,
627 3533 758 3574 omnis
790 3533 866 3574 erit
897 3543 1078 3576 tentator
1108 3531 1306 3577 exclusus.

518 3593 668 3648 ,Magna
696 3604 806 3650 opera
820 3592 1011 3643 Domini,
1038 3591 1228 3648 exqutfita
1248 3592 1289 3632 in
1310 3607 1386 3632 om-

579 3666 641 3691 nes
671 3648 889 3693 voluntates
917 3651 1017 3701 ejus.

281 3252 349 3282 leem
363 3251 402 3287 V.
412 3261 439 3283 1.

283 3448 376 3480 Man.
394 3455 440 3486 19.

283 3497 298 3515 2
303 3498 329 3523 9.

323 3604 360 3641 γ.
384 3614 410 3636 ι.

501 3816 518 3837 a
540 3805 716 3845 Augustinus
742 3807 821 3839 addit
841 3828 849 3845 ,
870 3820 918 3840 nec
945 3807 1119 3841 manebunt.
1146 3807 1247 3841 Nostri
1273 3809 1387 3841 codices

444 3856 506 3882 non
533 3846 642 3878 addunt
663 3846 734 3879 issa.

1439 1202 1520 1244 sive
1552 1201 1738 1259 expetstet
1769 1202 1952 1248 aversum
1972 1233 1985 1255 ,
2015 1204 2080 1249 seu
2110 1203 2266 1248 deserat
2299 1220 2370 1262 pu-

1441 1261 1634 1305 niendum
1666 1277 1678 1318 ;
1709 1262 1868 1319 semper
1898 1262 2118 1308 misericors
2149 1263 2204 1308 est
2226 1294 2240 1317 ‚
2270 1262 2370 1307 sem·-

1440 1336 1514 1382 per
1544 1321 1683 1378 justus,
1713 1322 1871 1380 semper
1899 1324 2182 1380 omnipotens-

1504 1381 1702 1439 Confeffio
1734 1383 1784 1425 <9⁹
1813 1382 2095 1441 magnificentia
2124 1395 2212 1442 opus
2249 1385 2328 1435 ejus
2356 1401 2370 1442 3

1560 1441 1610 1484 (9⁴
1642 1442 1795 1498 justitia
1834 1443 1914 1501 ejus
1951 1456 2082 1487 manet
2118 1444 2160 1485 in
2189 1442 2371 1503 soeculum

1556 1499 1709 1560 saculi.

1504 1560 1822 1619 Magnificentia
1851 1563 2028 1606 Domini
2067 1565 2173 1606 circa
2214 1579 2285 1606 nos
2326 1565 2370 1608 in

1439 1636 1488 1666 eo
1519 1634 1688 1678 apparet
1708 1651 1722 1674 ,
1762 1621 1866 1679 quod
1897 1623 2016 1665 nullis
2056 1623 2370 1681 praecedentibus

1439 1682 1594 1727 meritis
1625 1680 1889 1724 confitentem
1910 1682 2092 1739 justificat
2103 1698 2381 1741 peccatorem,

1441 1755 1484 1783 ut
1515 1742 1582 1783 ubi
1615 1740 1838 1786 abundavit
1867 1756 2100 1799 peccatum,
2131 1743 2372 1803 superabun-
2387 1767 2545 1805 Rmsno.

1440 1801 1508 1847 det
1540 1804 1694 1859 gratia,
1725 1816 1799 1862 per
1828 1817 1950 1859 quam
1970 1804 2148 1847 excitata
2170 1803 2226 1848 est
2245 1805 2370 1847 etiam

1443 1861 1529 1918 ipsa
1559 1862 1746 1904 confeffio
1780 1878 1789 1904 :
1822 1876 1865 1904 uc
1897 1877 2018 1904 nemo
2050 1863 2093 1907 in
2135 1863 2173 1908 se
2205 1865 2373 1908 extolla-

1442 1933 1531 1974 tur,
1561 1920 1626 1964 sed
1656 1922 1725 1979 qui
1756 1922 1978 1979 gloriatur,
2005 1923 2257 1968 inDomino
2289 1925 2374 1982 glo-
2403 1957 2406 1959 <

1440 1981 1590 2026 rietur.
1622 1982 1733 2040 Quia
1763 1984 1801 2024 8<
1832 1983 2019 2028 confeffio
2050 1984 2304 2043 peccatoris»,
2334 1985 2550 2026 &neom-3¹-

1441 2041 1746 2099 magnificentia
1777 2041 2066 2098 justificationis
2094 2047 2245 2098 ,opus
2283 2044 2374 2085 Do-

1443 2102 1547 2143 mini
1579 2101 1656 2143 est:
1688 2100 1793 2156 apud
1823 2115 1944 2156 quem
1975 2101 2167 2158 iniquitas
2198 2116 2281 2144 non
2302 2102 2372 2155 est,

1442 2162 1567 2204 etiarn
1599 2161 1626 2201 fi
1658 2174 1729 2201 nos
1761 2158 1906 2215 judicia
1946 2160 2026 2215 ejus
2067 2174 2149 2202 non
2191 2174 2377 2220 compre«
2390 2170 2552 2222 Rara-91&

1443 2221 1678 2263 henditnus.
1711 2220 1921 2276 Quoniam
1944 2220 2097 2278 justitia
2127 2221 2205 2274 ejus
2242 2233 2373 2264 manet

1442 2282 1484 2324 in
1510 2277 1687 2333 fisculum
1709 2276 1867 2333 Jaeculi',

1499 2339 1727 2384 Memoriam
1749 2337 1848 2394 fecit
1877 2336 2106 2380 mirabilium
2129 2339 2285 2395 suorum
2304 2342 2374 2384 mi·
2417 2365 2460 2401 y·
2481 2374 2513 2403 4-

1550 2398 1708 2453 Jericors
1739 2398 1788 2440 (9⁹
1818 2398 2013 2453 miserator
2043 2400 2253 2445 Dominus:

1500 2458 1638 2513 Escam
1668 2457 1774 2498 dedit
1801 2457 2020 2502 timentibus
2040 2458 2109 2516 se.
2418 2481 2462 2519 y,
2486 2490 2514 2519 ς,

1503 2519 1553 2558 ln
1584 2517 1699 2557 omni
1730 2516 1891 2573 quidem
1924 2529 2109 2564 creatura
2141 2519 2395 2575 Deimirar
2439 2554 2442 2557 -

1443 2574 1542 2617 bilia
1573 2575 1653 2630 ejus
1684 2576 1722 2616 8(
1753 2574 1990 2632 quotidiana
2020 2578 2058 2621 &
2089 2590 2243 2637 magna
2264 2578 2376 2622 sunt:

1446 2633 1511 2675 sed
1542 2636 1635 2691 quia
1667 2649 1811 2691 parum
1840 2636 2161 2682 ea.consuetudo
2191 2633 2379 2693 miratur,

1444 2693 1623 2751 quaedam
1656 2696 1860 2739 Dominus
1880 2695 1991 2753 figna
2021 2698 2060 2738 8<
2090 2695 2274 2754 prodigia
2293 2713 2376 2741 cer·
2439 2716 2443 2720 ¹

1444 2755 1494 2796 tis
1527 2755 1775 2810 temporibus
1807 2755 2033 2813 promenda
2062 2755 2297 2815 disposuiti13
2326 2769 2373 2799 ut

1443 2828 1516 2872 per
1546 2814 1735 2859 inusitata
1765 2815 1942 2859 &nova
1961 2842 1977 2867 ,
1996 2815 2185 2857 >humana
2224 2815 2375 2860 excita-

1442 2887 1555 2917 retur·
1583 2873 1759 2916 intentio
1778 2902 1793 2925 ,
1819 2874 1860 2917 δε
1890 2874 2112 2918 nutriretur
2151 2874 2196 2918 in
2234 2889 2284 2918 ea
2323 2873 2374 2919 de

1446 2931 1614 2978 insolitis
1634 2931 1754 2975 utilis
1783 2931 1931 2986 timor,
1958 2933 2022 2975 cui
2052 2945 2191 2978 tamen
2221 2934 2374 2978 miseri-

1445 3007 1530 3036 cors
1561 2991 1765 3034 Dominus
1806 2990 1920 3034 daret
1958 2991 2092 3036 escam
2131 2994 2293 3038 virtutis
2332 2997 2373 3038 &

1445 3054 1562 3105 vitae,
1591 3065 1741 3109 panem
1772 3049 1921 3097 scilicet
1951 3053 2068 3095 illum
2088 3053 2541 3116 incormptibi-Joan,6·4,

1443 3114 1550 3166 lem,
1576 3112 1646 3169 qui
1676 3110 1725 3152 de
1756 3111 1850 3153 caelo
1890 3110 2094 3158 descendit
2124 3128 2147 3166 ,··
2186 3126 2229 3156 ut
2270 3116 2372 3157 Ver-

1442 3172 1538 3214 bum
1568 3171 1653 3216 Dei
1686 3169 1780 3212 esset
1810 3171 1898 3214 esca
1928 3171 2170 3227 hominum,
2200 3174 2298 3217 ficut
2318 3174 2372 3218 ci-

1439 3231 1510 3277 bus
1540 3230 1595 3273 est
1627 3231 1900 3288 Angelorum.
2371 3235 2386 3250 ·’

1503 3292 1656 3404 Μῗκρν
1700 3291 1774 3331 erit
1829 3291 1871 3335 in.
1928 3303 2108 3335 aeternum
2155 3295 2372 3350 testamenti
2386 3315 2459 3348 leem
2469 3316 2508 3354 y,
2521 3327 2547 3353 ς,

1577 3365 1639 3403 m,

1506 3411 1697 3451 Virtutem
1736 3421 1888 3469 operum
1912 3409 2072 3466 suorum.
2120 3416 2372 3459 annuntiavit
2419 3435 2461 3475 γ,
2479 3442 2508 3469 ⁶,

1555 3469 1695 3527 populo
1717 3470 1809 3526 suo.

1506 3530 1703 3585 Implevit
1734 3531 1939 3573 Dominus
1972 3535 2244 3589 promiffiones
2274 3536 2373 3590 suaS,

1445 3588 1514 3644 qui
1545 3588 1600 3630 est
1632 3590 1757 3631 virtus
1796 3591 1835 3631 δε
1872 3590 2064 3637 fortitudo
2105 3595 2328 3638 sanssorum
2359 3611 2371 3638 :

1444 3648 1646 3704 quoniam
1676 3662 1761 3705 quae
1792 3649 2025 3695 hominibus
2056 3653 2232 3697 difficilia
2261 3653 2550 3715 sunt,2·0'0r‚1„5

2218 3715 2314 3757 Deo

2413 1405 2453 1446 Υ.
2475 1417 2502 1445 3.

2631 1479 2652 1786 ‘vm-raffau&
2634 1431 2652 1474 ‘³⁴42
2628 1333 2652 1425 *effe-¹*-
2643 1318 2650 1328 2
2630 1295 2648 1313 ὀἳ
2637 1282 2645 1290 *

1487 3804 1506 3835 b
1527 3805 1674 3843 subaudi,
1693 3807 1790 3844 Deus,
1811 3814 1844 3838 ut
1864 3808 1895 3839 in
1918 3804 2038 3852 August.
2053 3806 2198 3853 propterea
2216 3822 2278 3844 rum
2292 3813 2374 3846 Deus

1461 3846 1608 3878 exaltavit
1625 3859 1645 3879 a
1664 3848 1781 3879 mortuis
1801 3847 1860 3881 &c-
