2652 4126
61 789 174 822 Matth·
190 791 218 821 8.

47 841 93 861 11-

9 1962 19 2022 ’ῗῇ
39 1978 116 2018 estet.
138 1980 221 2018 15.⁶.

82 2439 154 2477 Verl-
173 2446 203 2474 7.

7 1161 12 1170 ὲ
33 1121 121 1162 Ῑοαιι.
136 1122 164 1151 6.
174 1129 223 1157 ²9.

447 224 473 246 -,
497 203 581 263 ΕΤ
620 191 884 253 HisToR.
923 192 1214 254 SEMIPELL
1252 205 1473 254 Lucam
1514 205 1876 254 AFFERUNT.

235 284 339 329 Dei,
371 284 435 323 filii
487 288 693 326 romiffionis
708 287 885 328 ..nascendo
909 293 1102 333 venientes,
1127 294 1162 327 &

227 336 418 389 moriendo
443 295 601 375 abeuntes
619 363 632 381 ‚
657 338 766 376 donec
791 342 904 376 omnis
929 345 1101 387 generatio
1127 341 1164 376 fi-

226 391 368 434 vniatur5
393 387 488 434 quod
497 387 691 425 millenario
701 401 846 425 numero
863 389 1081 437 significatum
1093 391 1140 429 est
1152 418 1162 434 ‚

227 441 314 487 *quia
339 437 467 475 denarii
492 441 622 474 numeri
650 437 797 476 solidum
817 439 1018 487 quadratum
1045 441 1162 478 decem

234 487 369 530 decies,
394 491 429 525 δε
455 484 525 525 hoc
550 487 661 525 decies
685 488 728 525 ad
752 489 849 526 mille
873 495 1044 538 pervenit.
1071 495 1164 540 Quod

233 537 404 584 disposuit,
430 540 564 586 inquit,
588 540 630 575 ad
648 537 842 582 Abraham,
868 543 911 578 &⁴
930 539 1102 589 juramenti
1114 542 1167 586 sui

229 590 277 635 'ad
302 587 409 632 Isaac.
436 592 481 624 Et
500 586 616 631 statuit
640 588 718 625 illud
732 588 836 634 Jacob
855 614 867 632 ,
893 589 928 627 id
955 589 1004 626 est
1030 590 1090 641 ipfi
1115 596 1166 635 Ja-

229 637 324 684 tob,
349 641 383 674 in
405 646 616 684 preceptum.
642 638 708 686 Ipfi
734 638 808 676 sunt
832 650 899 676 tres
925 640 1127 678 Patriarchae
1154 668 1166 685 ,

235 700 386 737 quorum
412 685 598 736 specialiter
623 687 655 724 se
679 687 761 726 dicit
786 691 926 732 Deum,
951 696 1080 738 quos&
1092 694 1166 728 Do·

235 742 347 777 minus
372 741 527 775 nominat
546 740 582 774 in
602 737 825 776 Testamento
844 752 958 782 nove,
983 740 1040 777 ubi
1060 741 1167 785 dicit,

237 814 264 834 „
289 787 399 827 Multi
422 785 465 825 ab
489 790 635 840 Oriente
661 793 695 826 δι
723 789 914 826 Occidente
940 795 1074 827 venient
1094 817 1106 834 ,
1131 796 1166 837 ἃ

232 836 263 883 ’,,
288 835 487 877 recumbent
511 850 591 874 cum
618 836 794 876 Abraham
830 843 865 876 &
890 838 977 877 Isaac
1003 845 1036 877 &
1060 841 1165 884 Jacob

235 915 262 933 ‚,
286 891 323 925 in
347 900 453 937 regno
470 887 651 925 caelorum⁴
677 888 742 926 Ista
759 889 807 926 est
834 888 1002 926 hereditas
1024 903 1163 929 aeterna.

232 941 329 986 Nam
356 942 391 976 &
416 936 476 975 hic
495 937 553 974 ubi
579 942 651 982 ait,
674 942 797 977 Statuit
821 939 898 977 illud
923 940 1018 985 Iacob
1037 944 1067 978 in
1088 951 1166 987 pra-

235 998 362 1035 ceptum
383 1002 394 1028 5
421 987 612 1028 manifestat
637 1000 844 1040 praeceptum
870 988 931 1027 effe
958 990 1036 1028 fidei
1060 1006 1068 1027 z
1095 1004 1166 1028 non

236 1043 328 1076 enim
354 1036 556 1089 promissum
581 1039 729 1087 appellat
754 1051 961 1088 praeceptum
981 1067 989 1076 .
1016 1045 1048 1077 Si
1074 1046 1165 1078 enim

236 1103 324 1138 opus
351 1088 400 1127 est
434 1091 469 1124 in
495 1100 669 1139 praecepto
687 1115 700 1132 ,
734 1102 862 1128 merces
896 1092 933 1126 in
969 1091 1166 1138 promisso:

237 1142 320 1179 Hoc
344 1137 394 1177 est
419 1151 507 1187 opus
533 1140 601 1176 Dei
623 1165 636 1182 ,
660 1142 836 1177 Dominus
860 1142 906 1176 ait
926 1165 938 1181 ,
963 1151 1001 1176 ut
1025 1141 1167 1178 credatis

238 1193 274 1228 in
299 1201 379 1227 eum
413 1201 517 1237 quem
544 1188 601 1226 ille
636 1189 751 1227 milit.
787 1191 869 1227 Hoc
903 1201 987 1235 ergo
1023 1190 1166 1228 verbum

236 1239 332 1288 quod
358 1238 531 1276 mandavit
550 1264 562 1282 ,
596 1251 716 1277 memor
749 1242 780 1276 in
814 1248 961 1276 aeternum
994 1239 1170 1283 testamenti

16 1274 20 1283 ⁸
41 1277 119 1310 ΚΜ·
136 1278 219 1309 ¹0¹⁸·
231 1290 305 1336 sui,
330 1287 401 1327 hoc
426 1288 497 1332 est,
523 1288 669 1326 verbum
695 1289 775 1326 fidei
801 1289 895 1336 quod
922 1290 1140 1338 pra-dicamus
1156 1317 1168 1333 ,

17 1344 21 1345 ⁷
232 1339 349 1384 statuit
373 1339 452 1377 illud
478 1337 540 1387 ipfi
558 1339 662 1386 Jacob
686 1343 721 1376 in
743 1348 955 1385 praceptum,
980 1345 1014 1377 &
1040 1341 1100 1389 ipfi
1126 1341 1169 1383 Is-

238 1390 306 1427 rael
331 1393 368 1428 in
392 1388 612 1429 testamentum
637 1398 784 1427 aternum
804 1414 816 1430 ,
842 1388 877 1425 id
902 1389 951 1427 est
971 1415 983 1432 ,
1007 1391 1101 1438 quod
1126 1404 1169 1428 ex

237 1440 320 1489 ipso'
336 1438 445 1476 verbo
480 1442 515 1478 3<
543 1449 716 1488 praecepto
753 1438 897 1487 impleto
931 1439 1067 1477 daturus
1093 1439 1170 1477 esset

238 1489 367 1538 aliquid
394 1501 574 1528 aeternum.
602 1493 737 1531 Dicens,
764 1488 835 1528 Tibi
852 1488 930 1526 dabo
954 1499 1072 1527 terram
1091 1492 1171 1527 cha-

237 1553 320 1578 naan
338 1540 517 1585 funiculum
542 1539 727 1577 hereditatis
747 1538 874 1583 vestrae.
901 1541 1095 1585 Quomodo
1121 1555 1171 1576 er-

239 1603 286 1640 go
311 1589 359 1626 est
383 1587 455 1628 hoc
481 1599 645 1626 aeternum
667 1614 681 1631 ,
707 1588 765 1625 nisi
790 1589 920 1637 aliquid
946 1600 1109 1628 aeternum
1137 1590 1173 1628 fi-

170 1662 178 1672 .
215 1662 221 1667 ·
239 1639 400 1689 gnificet?
418 1640 497 1687 ‚Ipsa
510 1641 601 1678 enim
627 1638 718 1679 dieta
728 1638 775 1675 est
801 1650 890 1686 terra
917 1641 1147 1688 promiffionis
1161 1666 1176 1683 ‚

239 1702 330 1730 terra
358 1690 466 1729 fluens
494 1688 545 1725 lac
570 1693 605 1725 &
632 1690 717 1725 mel.
748 1689 857 1735 Quod
875 1699 985 1725 totum
1012 1690 1175 1736 fignificat

153 1783 161 1792 ·
178 1742 223 1792 η’
240 1744 384 1789 gratiam
396 1765 418 1793 ³>
437 1743 472 1776 in
497 1752 562 1787 qua
588 1738 739 1788 gustatur
765 1752 867 1788 quam
893 1738 998 1776 suavis
1025 1740 1072 1778 est
1101 1744 1176 1777 Do-

240 1795 384 1834 minus,
422 1789 463 1825 ad
489 1802 593 1838 quam
632 1802 702 1826 non
736 1802 854 1827 omnes
880 1787 1040 1827 homines
1074 1795 1177 1839 perti-

240 1852 340 1879 nent.
367 1840 452 1879 Non
478 1843 568 1878 enim
593 1843 750 1877 omnium
776 1839 827 1875 est>
852 1838 953 1876 fides.
982 1839 1067 1877 Ideo
1085 1841 1175 1877 addi-

237 1890 311 1934 dit,
337 1888 521 1930 [tunicatum
547 1890 740 1938 hereditatis
763 1888 890 1932 vestra.
916 1889 1017 1926 Unde
1040 1895 1077 1935 gin
1106 1892 1179 1928 alio

239 1940 398 1990 Pial'mO,
425 1938 536 1979 semen
557 1938 829 1987 Abrahaelquod
854 1938 902 1978 est
921 1937 1104 1983 Christus,
1130 1945 1179 1978 in-

239 1990 417 2039 telligitur
433 1989 533 2039 loqui
555 1988 614 2026 ubi
641 1989 760 2039 dicit,
774 1992 882 2025 Funes
907 1989 1100 2028 ceciderunt
1114 1994 1178 2027 mi-

238 2039 279 2078 hi
306 2044 350 2091 inv
367 2038 562 2088 pra-claris,
589 2038 718 2079 etenim
745 2037 917 2078 hereditas
942 2052 1015 2077 mea
1042 2041 1183 2089 praecla-

241 2104 278 2130 ra
302 2089 353 2130 est.
379 2087 495 2142 inihi,
521 2092 589 2128 &c-
762 2106 767 2109 ·

328 2293 383 2328 Ex
408 2278 543 2335 ejusdem
566 2276 762 2325 enarratione,
786 2290 819 2324 in
848 2287 1015 2334 Psalmum
1033 2293 1097 2326 CV.
1149 2266 1151 2271 -

568 2334 656 2383 vers.
677 2348 713 2380 7¹
728 2348 814 2375 iiiam.⁴
833 2348 867 2382 7.
1031 2361 1033 2366 -

346 2435 420 2475 Uid
444 2434 493 2472 est
527 2448 612 2483 ergo
629 2460 643 2478 ,
678 2442 802 2472 ‘Patres-
825 2435 918 2479 nostri
945 2450 1003 2475 mn
1025 2435 1192 2473 intellexe-

373 2494 448 2523 runt
475 2484 636 2523 mirabilia
662 2493 742 2528 tua,
769 2483 828 2520 nifi
853 2498 931 2522 nont
949 2494 1187 2533 cognoverunt

250 2538 336 2587 quid
360 2549 424 2586 per
451 2535 510 2572 illa
549 2532 720 2574 mirabilia
742 2537 790 2570 eis
814 2533 973 2582 praestare
997 2534 1191 2571 volueris?

252 2586 353 2634 Quid
379 2589 498 2633 utique
525 2584 583 2622 nisi
609 2587 717 2631 vitam
741 2595 923 2626 aeternam,
949 2589 984 2621 &
1010 2597 1079 2620 non
1105 2594 1194 2620 tem-

253 2637 372 2688 porale
393 2662 405 2679 ,
429 2634 484 2672 {ed
510 2632 794 2673 incommutabile
820 2632 951 2670 bonum
971 2659 983 2676 ‚
1008 2633 1104 2682 quod
1128 2646 1190 2681 per

256 2690 457 2737 patientiam
481 2684 716 2733 exspthatur?
741 2683 827 2720 Ideo
854 2687 1075 2732 impatienter
1099 2696 1192 2719 mur-

256 2746 502 2777 muraverunt,
529 2739 563 2771 &
596 2737 864 2770 amaricaverunt
883 2758 895 2775 ,
921 2733 1085 2771 &abonis
1110 2747 1195 2781 prae-

257 2786 403 2826 sentibus
430 2783 603 2823 fallacibus
627 2795 728 2832 atque
752 2783 927 2831 fugacibus
950 2782 1123 2821 beatosse
1135 2783 1192 2819 fie—

257 2843 286 2875 ri
312 2835 527 2885 quaefierunt.
555 2839 636 2880 Non
655 2834 787 2880 fuerunt
810 2846 960 2870 memores
978 2834 1192 2871 multitudinis

257 2887 473 2933 misericordia
497 2895 559 2922 tuae
581 2913 588 2920 .
616 2887 662 2920 Et
688 2883 902 2921 inteueetum
928 2883 1100 2930 redarguit
1120 2908 1133 2925 ,
1158 2888 1192 2919 &

260 2940 468 2975 memoriam
489 2963 497 2971 .
535 2933 718 2972 Intelleau
742 2937 870 2982 quippe
902 2947 990 2982 opus
1016 2944 1087 2971 erat
1106 2960 1118 2976 ,
1154 2942 1196 2969 ut-

261 2991 453 3035 cogitarent·
493 2984 537 3021 ad
570 2997 721 3033 quorum
764 2983 936 3021 bonorum
973 2986 1194 3020 aeternitatem

263 3051 325 3087 per
352 3037 410 3075 illa
435 3034 636 3083 temporalia
662 3045 799 3070 vocaret
819 3036 934 3070 Deus:
961 3036 1128 3070 memoria
1139 3046 1199 3067 vc-

265 3100 330 3130 r0,
354 3097 392 3124 ut
418 3085 536 3122 saltem
560 3098 634 3132 quae
658 3083 896 3132 temporaliter
915 3082 1086 3121 mirabilia
1111 3082 1196 3118 fasta

267 3136 342 3177 sunt
361 3162 376 3179 ,
398 3148 469 3172 non
495 3133 775 3172 obliviscerentur
797 3158 808 3175 ,
842 3133 1055 3181 fideliterque
1083 3131 1203 3180 praesu-

268 3194 402 3224 merent
435 3183 531 3233 quod
555 3184 672 3221 eadem
709 3183 872 3232 potestate
891 3208 904 3225 ,
939 3196 1040 3230 quam
1058 3182 1205 3219 <fuerant

271 3238 336 3285 jam
362 3236 497 3283 experti
521 3259 533 3276 ,
558 3236 654 3270 Deus
678 3233 756 3270 illos
781 3231 822 3271 ab
848 3236 1068 3271 inimicorum
1098 3230 1203 3279 perse·

272 3289 413 3324 cutione-
436 3283 623 3321 liberaret:
658 3283 759 3320 obliti
795 3282 868 3319 sunt
902 3293 1014 3320 autem
1050 3281 1133 3330 quid
1157 3284 1209 3317 eis,

274 3340 312 3374 in
337 3339 498 3383 AEgypto
512 3332 554 3370 ad
579 3335 736 3369 inimicos
762 3345 884 3371 eorum
909 3331 1134 3369 conterendos
1147 3344 1206 3379 per

276 3395 369 3422 tanta
393 3382 548 3432 prodigia
573 3380 771 3431 praestitiss'et
790 3410 799 3419 .
818 3410 826 3419 .
849 3408 857 3416 .
878 3409 887 3419 .
908 3382 1207 3420 NOTANDUM

277 3434 327 3472 est
353 3432 427 3470 sane
461 3432 752 3481 quemadmodum
776 3436 948 3481 Scriptura
986 3433 1123 3480 cuipare
1147 3443 1208 3465 vo·

279 3486 405 3527 luerit,
429 3495 507 3531 non
526 3482 713 3530 intelligere
740 3481 836 3530 quod
862 3482 1119 3531 intelligendum
1138 3480 1213 3521 est,

281 3540 316 3574 &
347 3547 417 3571 non
452 3530 638 3571 meminisse
664 3532 759 3580 quod
793 3536 962 3575 memoria
998 3530 1212 3568 retinendum

282 3583 332 3624 est
354 3598 363 3620 ε
389 3576 484 3632 quod
502 3580 661 3620 homines
681 3582 742 3619 fiiae
762 3581 871 3629 culpae‘
890 3581 1046 3630 deputari·
1071 3581 1214 3620 nolunt,

278 3631 327 3674 >ad
351 3632 441 3671 nihil
465 3631 558 3669 aliud
577 3632 637 3668 nili
661 3643 699 3668 ut
720 3635 838 3670 minus
858 3630 1071 3680 supplicent,
1096 3628 1217 3666 minus·

287 3698 355 3733 que
380 3683 442 3720 smt
467 3680 615 3720 humiles
640 3684 743 3725 Deo,
766 3685 802 3719 in
828 3682 919 3725 cujus
945 3680 1215 3729 conspe-§tucon-

277 3735 449 3774 ‚fiteantur
473 3731 569 3781 quod
594 3730 691 3776 sunt,
714 3741 816 3780 atque
835 3733 1020 3779 impetrato
1044 3730 1217 3778 adjutorio

1222 289 1343 337 poffint
1369 286 1431 326 ess‘e
1455 289 1549 338 quod
1574 303 1642 326 non
1669 290 1762 327 sunt.
1791 292 1882 327 Nam
1906 294 2005 328 etiam
2031 309 2143 343 pecm-

1221 352 1252 377 ta
1279 343 1473 385 ignorantiae
1499 340 1554 376 vel
1575 341 1786 387 negligentiae
1813 340 1932 377 melius
1951 346 2140 384 accusantur

1203 401 1259 426 ‚ut
1287 401 1442 437 pereant,
1467 403 1568 437 quam
1594 392 1791 428 excusantur
1810 401 1848 427 Ut
1872 404 2047 431 maneant?
2072 409 2140 432 me-

1221 439 1350 487 liusque
1376 451 1560 487 purgantur
1581 444 1742 479 invocato
1752 443 1854 483 Deo,
1880 454 1983 490 quam
2007 444 2139 482 firman-

1210 499 1278 526 -tur
1303 493 1437 525 irritato
1447 517 1455 525 .
1674 506 1677 513 ⁴

1314 697 1368 731 Ex
1393 696 1499 731 eadem
1525 697 1715 732 enarratione
1742 698 1775 732 in
1796 696 1959 739 'Psalmum
1988 702 2050 734 CV.

1523 744 1607 789 vers:
1615 748 1674 793 46.
1694 757 1777 782 num.
1792 747 1845 792 36.

1296 846 1324 879 T
1347 845 1432 880 dedit
1456 857 1506 881 eos
1538 848 1569 880 in
1592 845 1813 888 misericordias
1830 873 1838 882 .
1873 850 1929 884 Ut
1947 846 2048 883 essent
2074 861 2143 885 non
2181 860 2251 895 mrs.
2268 860 2316 894 46.

1322 893 1395 929 vasa
1422 897 1501 936 irae,
1528 895 1582 930 scd
1607 894 1679 930 vasa
1704 895 1954 932 misericordiae.
1981 899 2069 934 Ideo
2090 912 2143 934 au-
2161 902 2277 932 Rom-9·
2295 909 2329 926 2²

1223 954 1292 979 tem
1303 955 1390 990 puto
1415 943 1591 991 pluraliter
1604 944 1849 982 misericordias
1864 946 1991 989 dictas,
2019 952 2143 996 inques
2162 941 2256 976 ΘΒ·

1223 1006 1282 1028 eos
1308 993 1402 1030 dedit
1423 1018 1434 1035 ,
1459 998 1536 1042 quia
1566 994 1785 1041 unusquisque
1810 1001 1990 1043 proprium
2014 998 2145 1034 donum
2165 989 2190 1010 Ι·
2205 981 2339 1017 Cor.7.7.

1224 1042 1328 1079 habet
1347 1057 1365 1079 a
1384 1045 1486 1086 Deo,
1511 1044 1603 1080 alius.
1621 1045 1685 1086 fic,
1710 1045 1793 1080 alius
1818 1056 1938 1081 autem·
1955 1046 1998 1080 fic
2017 1073 2024 1081 .
2051 1049 2145 1083 Dedit

1225 1106 1308 1140 crgo
1333 1105 1380 1128 eos
1397 1096 1428 1129 in
1445 1093 1668 1137 misericordias
1694 1098 1727 1130 in
1756 1094 1917 1139 conspefiiu-
1938 1099 2074 1131 omnium
2094 1099 2148 1142 qm*

1225 1152 1371 1188 ceperant
1388 1156 1455 1178 eos·
1483 1147 1558 1191 Age
1577 1157 1687 1185 nunc,
1712 1143 1859 1191 quisquis
1883 1143 1956 1181 haec
1982 1145 2086 1193 legis,
2111 1151 2147 1183 δε

1226 1196 1368 1240 gratiam
1387 1195 1476 1235 Dei,
1501 1206 1565 1241 qua
1592 1197 1624 1230 in
1646 1202 1801 1230 aeternam
1822 1198 1925 1231 vitam
1946 1207 2006 1242 per
2026 1198 2150 1232 Domi·

1226 1256 1307 1279 num
1335 1242 1489 1279 nostrum
1515 1243 1626 1285 Jesum
1652 1242 1830 1280 Christum
1856 1244 2081 1288 redimimur,
2107 1246 2151 1282 le-

1227 1293 1339 1341 gendo
1358 1296 1393 1329 in
1415 1293 1630 1341 Apostolicis
1650 1293 1794 1337 litteris,
1819 1298 1853 1330 in
1874 1293 2087 1343 propheticis
2097 1309 2151 1332 au-

1227 1354 1296 1379 tem
1316 1342 1494 1379 scrutando
1514 1343 1712 1390 cognostiS,
1738 1348 1876 1381 &vetus
1894 1344 2151 1381 Testamentum

1229 1396 1264 1429 in
1291 1406 1386 1429 novo
1412 1393 1625 1437 revelatum,
1650 1397 1682 1429 in
1710 1406 1822 1430 vetere
1848 1407 1977 1430 novum
2003 1395 2150 1431 velatum

1230 1443 1355 1482 vides5
1392 1443 1504 1479 recole
1538 1457 1638 1491 quem
1665 1443 1790 1480 dixerit
1826 1443 1999 1492 apostolus
2034 1444 2153 1482 Paulus
2182 1475 2192 1481 ,
2219 1477 2225 1487 ,

1229 1497 1419 1541 principem
1443 1493 1615 1540 potestatis
1625 1497 1729 1536 aeris,
1754 1497 1813 1542 qui
1831 1506 1993 1542 operatur
2012 1498 2045 1530 in
2065 1494 2154 1531 filios
2173 1481 2265 1519 epnes.
2283 1490 2347 1510 ²¹²·

1231 1547 1264 1580 in
1293 1543 1463 1580 fidelitatis
1483 1568 1494 1585 ,
1529 1548 1563 1580 δε
1590 1544 1676 1580 illud
1700 1543 1758 1580 ubi
1783 1547 1829 1581 ait
1852 1544 1894 1580 de
1918 1543 2116 1592 quibusdam
2141 1570 2155 1587 ,

1232 1597 1333 1640 „‚Ut
1361 1592 1549 1640 resipiscant
1586 1594 1627 1629 de
1653 1593 1782 1630 diaboli
1807 1593 1932 1642 laqueis
1949 1620 1960 1636 ‚
1994 1598 2155 1641 captivati

1234 1668 1259 1686 „
1285 1642 1327 1678 ab
1354 1643 1428 1690 ipso
1445 1643 1624 1680 secundum
1645 1643 1742 1691 ipsius
1763 1644 1974 1680 voluntatem
1994 1659 2002 1679 :
2029 1649 2063 1681 δε
2083 1657 2156 1679 ver-

1234 1718 1260 1735 „
1285 1692 1325 1728 ba
1346 1695 1489 1729 Domini
1517 1694 1588 1734 Jesu
1610 1693 1774 1735 Christi,
1799 1693 1856 1730 ubi
1882 1707 1960 1730 eum
1987 1694 2159 1742 expellens

1233 1743 1274 1777 de
1301 1742 1452 1778 fidelium
1473 1743 1632 1779 cordibus
1657 1747 1725 1785 ait,
1752 1747 1854 1779 Nunc
1881 1747 2036 1790 princeps
2060 1743 2162 1788 hujus
2176 1759 2355 1795 Joan.12.3¹.

1234 1791 1352 1829 mundi
1380 1793 1492 1828 miffus
1519 1791 1566 1828 est
1594 1792 1682 1828 foras
1705 1806 1714 1826 ε
1739 1797 1773 1828 &
1800 1793 1899 1840 ipfius
1922 1793 2040 1828 itidem
2068 1791 2175 1840 Apo-⁵

1237 1841 1315 1878 stoli
1341 1841 1484 1879 dicentis
1508 1866 1522 1884 ,
1558 1845 1630 1887 Qui
1657 1844 1744 1878 eruit
1771 1855 1834 1877 nos
1856 1842 1897 1877 de
1924 1841 2088 1891 potestate
2114 1853 2161 1877 te·
2179 1855 2335 1892 Col-1-13·

1236 1891 1415 1931 nebrarum
1440 1917 1452 1934 ,
1477 1891 1700 1929 &transtulit
1727 1895 1761 1927 in
1788 1904 1928 1938 regnum
1946 1892 2022 1928 Filii
2048 1897 2164 1929 carita-

1236 1947 1279 1979 tis
1298 1941 1381 1982 suae,
1408 1944 1493 1978 Haec
1518 1952 1618 1988 atque
1638 1940 1831 1984 hujusmodi
1853 1944 2089 1983 ratiocinatus,
2115 1945 2164 1978 in·

1237 1992 1513 2029 tende-animum
1540 1996 1572 2027 Sc
1599 1995 1632 2028 in
1669 1991 1795 2027 litteras
1821 1993 1943 2026 veteris
1971 1990 2165 2027 Testamen-

1237 2046 1265 2079 ti
1282 2066 1295 2084 ‚
1332 2047 1366 2079 δι
1395 2041 1472 2078 vide
1498 2041 1760 2088 quid'cantetur
1785 2043 1887 2076 ineo
1913 2040 2045 2077 Psalmo
2071 2042 2165 2084 cuius
2315 2079 2317 2082 Α

1238 2092 1286 2129 est
1312 2091 1432 2133 titulus
1451 2117 1463 2134 ,
1498 2091 1647 2140 Quando
1670 2091 1804 2128 domus
1839 2090 2064 2128 aediflcabatur
2090 2089 2166 2145 post
2188 2089 2254 2154 Psal
2271 2121 2307 2153 ,ς
2333 2121 2362 2143 ¹·

1238 2145 1473 2190 captivitatem
1496 2155 1505 2178 ε
1532 2140 1578 2179 ibi
1599 2145 1689 2177 enim
1710 2141 1856 2182 dicitur,
1883 2144 2025 2178 Caritate
2044 2143 2169 2176 Domi-
2186 2137 2263 2189 &cf
2311 2136 2322 2148 ⁶

1239 2205 1288 2226 no
1306 2195 1484 2230 canticum
1509 2203 1640 2228 novum
1659 2217 1667 2225 .
1704 2194 1750 2226 Et
1775 2204 1815 2226 ne
1842 2190 2012 2227 existimes
2049 2190 2091 2226 ad
2116 2192 2171 2231 Juv·

1241 2239 1392 2275 daeorum
1413 2239 1581 2285 populum
1607 2241 1850 2274 tantummodo
1859 2243 2026 2286 pertinere
2047 2254 2057 2274 ι
2084 2244 2175 2275 Can·

1244 2313 1269 2329 ‚,
1296 2297 1386 2328 tate,
1413 2290 1522 2334 inquit
1542 2312 1554 2329 ,
1579 2289 1739 2323 Domino
1765 2291 1876 2323 omnis
1903 2298 1990 2324 terra
2011 2302 2020 2326 3
2045 2299 2175 2325 cantate

1244 2361 1271 2378 n
1296 2339 1478 2377 Domino,
1505 2335 1693 2372 benedicite
1719 2349 1844 2371 nomen
1869 2339 1959 2380 ejus,
1985 2337 2067 2374 bene
2091 2350 2173 2372 nun-

1244 2409 1272 2426 „
1297 2388 1399 2426 tiate,
1425 2389 1558 2425 immo,
1584 2396 1622 2419 ut
1639 2384 1747 2430 ipsum
1758 2383 1900 2421 verbum
1919 2385 2013 2431 quod
2034 2388 2068 2421 in
2078 2389 2174 2423 Grae-

1246 2446 1291 2469 co
1316 2433 1461 2481 pofitum
1488 2433 1559 2473 est,
1585 2433 1804 2475 transferam,
1830 2434 2174 2481 evangelizate'diem

1247 2495 1289 2518 ex
1316 2482 1370 2518 die
1405 2481 1543 2518 salutare
1569 2484 1638 2527 ejus
1658 2509 1666 2518 .
1702 2485 1795 2518 Hinc
1820 2487 1910 2518 enim
1949 2485 2175 2531 Evangelium

1247 2542 1478 2579 nuncupatum
1503 2531 1551 2567 est
1570 2557 1582 2573 ,
1620 2536 1652 2567 in
1677 2545 1749 2580 quo
1785 2537 2002 2570 annuntiatur
2035 2533 2105 2570 dies
2131 2547 2175 2571 ex

1247 2581 1326 2624 die,
1350 2584 1523 2618 Dominus
1542 2580 1699 2618 Christus
1714 2607 1725 2624 ,
1752 2582 1866 2618 lumen
1885 2596 1927 2618 ex
1947 2583 2097 2626 lumine,
2124 2587 2172 2620 Fi-

1250 2632 1313 2669 lius
1339 2645 1381 2669 ex
1407 2636 1524 2668 Patre.
1550 2634 1631 2668 Hoc
1659 2635 1750 2667 enim
1777 2632 1825 2668 est
1852 2636 1886 2668 ἃ
1912 2632 2052 2670 salutare
2075 2635 2142 2677 eius
2163 2647 2174 2672 ³

1249 2685 1330 2729 quia
1353 2680 1492 2719 salutare
1512 2684 1579 2717 Dei
1591 2680 1748 2718 Christus
1767 2682 1836 2724 cst,
1861 2681 1943 2719 ficut
1966 2688 2000 2720 &
2026 2683 2176 2732 superius

1249 2734 1313 2778 jam
1340 2731 1647 2768 demonstravimus
1668 2759 1675 2767 .
1711 2735 1918 2771 Annuntiate
1946 2736 1978 2768 in
2004 2732 2177 2770 Gentibus
2193 2746 2282 2781 supra
2298 2756 2325 2776 n.
2344 2755 2370 2779 5.

1251 2807 1277 2825 ,‚
1301 2781 1447 2828 gloriam
1474 2782 1543 2825 eius
1563 2807 1576 2824 ,
1602 2785 1634 2816 in
1661 2781 1823 2818 omnibus
1845 2782 1983 2830 populis
2007 2782 2175 2820 mirabilia
2195 2786 2368 2823 Μῶα-(ἕο.

1251 2857 1280 2875 „
1303 2833 1391 2874 eius.
1419 2833 1597 2874 Quoniam
1622 2843 1761 2878 magnus
1787 2835 1981 2874 Dominus,
2008 2837 2043 2869 &
2068 2833 2176 2870 lauda·

1251 2907 1277 2924 ‚,
1302 2880 1379 2917 bilis
1399 2880 1518 2922 valde,
1544 2879 1707 2917 terribilis
1733 2881 1781 2918 est
1799 2881 1896 2929 super
1921 2894 2038 2917 omnes
2060 2885 2175 2918 Deos:

1253 2935 1416 2979 quoniam
1443 2943 1561 2967 omnes
1586 2930 1634 2967 dii
1656 2935 1807 2978 gentium
1834 2930 2017 2967 daemonia.
2043 2931 2102 2967 Isti
2123 2945 2177 2967 er-

1253 2995 1299 3029 go
1325 2983 1456 3017 inimici
1481 2993 1559 3016 cum
1585 2993 1662 3024 rege
1680 2980 1739 3016 suo
1764 2979 1905 3016 diabolo
1932 2983 2105 3028 captivum
2132 2991 2179 3017 te·

1255 3030 1377 3068 nebant
1405 3031 1572 3078 populum
1599 3033 1685 3066 Dei.
1714 3033 1767 3066 De
1793 3043 1858 3078 qua
1880 3034 2074 3078 captivitate
2100 3043 2177 3067 cum

1256 3081 1458 3118 redimimur
1483 3106 1495 3122 ,
1527 3085 1562 3116 &
1585 3083 1743 3128 princeps
1769 3079 1866 3124 hujus
1892 3080 2007 3116 mundi
2034 3084 2181 3116 mittitur

1257 3131 1369 3171 foras,
1393 3130 1578 3167 aedificatur
1603 3129 1724 3165 domus
1747 3129 1822 3176 post
1844 3133 2073 3178 captivitatem
2094 3145 2102 3164 ε
2129 3143 2186 3165 cu—-
2201 3142 2376 3183 Ερῇθῇως,

1259 3182 1308 3227 jus
1333 3180 1418 3228 lapis
1443 3180 1606 3228 angularis
1631 3178 1680 3215 est
1703 3178 1880 3220 Christus,
1905 3183 1963 3227 qui
1992 3180 2077 3216 duos
2104 3193 2187 3215 com
2204 3191 2264 3218 (sc.

1260 3229 1348 3267 didit
1369 3233 1402 3264 in
1428 3229 1459 3265 se
1473 3254 1484 3271 ,
1510 3233 1543 3265 in
1565 3241 1669 3265 unum
1689 3241 1818 3266 novum
1839 3228 2039 3271 hominem,
2065 3228 2184 3265 faciens

1265 3291 1403 3328 pacem,
1428 3292 1530 3326 quam
1550 3279 1619 3317 dies
1643 3292 1686 3314 ex
1713 3278 1767 3314 die
1793 3279 2185 3326 veniensevangelizavit

1263 3332 1311 3365 eis
1337 3331 1400 3376 qui
1422 3339 1516 3366 erant
1541 3338 1650 3377 prope
1673 3353 1684 3370 ‚
1717 3332 1751 3364 ὅτ
1775 3331 1822 3364 eis
1847 3331 1904 3375 qui
1931 3340 2024 3366 erant
2049 3328 2188 3376 longe,

1265 3379 1392 3416 faciensr
1412 3388 1552 3426 utraque
1577 3390 1705 3415 unums
1730 3381 1764 3412 δε
1790 3376 1956 3414 adducens
1982 3378 2059 3415 alias
2085 3391 2188 3420 oves,

1266 3441 1344 3476 quae-
1364 3440 1438 3464 non·
1453 3427 1527 3464 sunt
1552 3426 1673 3464 dehoc
1694 3426 1804 3469 ovili,
1828 3437 1867 3463 ut
1885 3426 1927 3465 fit,
1950 3441 2033 3464 unus
2059 3433 2188 3475 grex&

1268 3491 1353 3515 unus
1374 3476 1487 3525 pastor
1508 3504 1515 3512 .
1551 3480 1597 3513 Et
1621 3481 1666 3513 ita
1691 3478 1785 3512 Deus
1809 3477 1895 3513 dedit
1912 3481 1943 3514 in
1969 3478 2194 3522 mistericordiar
2203 3485 2288 3520 Joan.
2298 3486 2381 3513 1016.

1271 3526 1519 3576 praedestinatos
1548 3526 1622 3562 suos
1643 3540 1652 3562 z
1686 3529 1763 3574 quia
1789 3539 1858 3562 non
1884 3527 2057 3569 volentis,
2084 3540 2191 3575 neque

1271 3579 1434 3614 currentis
1453 3601 1468 3619 ,⁴
1499 3575 1552 3615 sed
1572 3575 1755 3615 miserentis
1773 3575 1821 3611 est
1841 3578 1908 3612 Dei
1929 3590 1938 3611 ε
1971 3580 2002 3612 in
2033 3576 2192 3622 conspeflu

1273 3629 1408 3664 omnium
1425 3630 1634 3672 quiet-perant
1653 3637 1724 3662 eos·⁸⁴
1746 3628 1894 3672 Hiergo.
1907 3629 2055 3668 inimici,
2080 3626 2195 3664 diabo-

1273 3677 1324 3714 lus
1343 3680 1377 3714 &
1394 3675 1503 3723 angeli
1521 3677 1588 3722 ejus
1609 3678 1859 3722 captivaverent
1887 3675 2134 3722 pradestinatos
2159 3681 2194 3713 in

1274 3729 1343 3765 Dei
1361 3738 1503 3773 regnum
1520 3729 1554 3763 δι
1574 3724 1718 3772 gloriam
1739 3739 1748 3759 ε
1784 3737 1801 3760 a
1822 3724 2056 3774 Redemptore
2082 3736 2193 3764 autem

2088 3788 2145 3810 no-

2174 1580 2352 1610 1.Tim.2,26.

2215 3661 2292 3689 Rom.
2302 3668 2320 3695 9
2343 3658 2387 3685 16.
