2652 4126
0 925 11 988 Τ,
0 837 10 914 *⁸7⁷*-
0 789 4 824 w*

4 1022 9 1029 1

7 1075 11 1086 i

0 1153 7 1254 Γ

430 165 898 231 Aorsia-as
938 170 1858 233 us‘ffAVAR1T1AJ‘M4
2016 202 2124 256 279

229 264 371 310 scopus,
395 272 467 311 tum
479 274 514 300 ut
524 266 870 303 communisomnium
880 262 1008 304 laetitiai
1033 276 1098 302 non
1112 277 1147 307 ut

231 313 333 362 aliqui
353 315 385 349 in
406 313 528 359 gaudio
547 313 628 355 (int,
654 318 762 354 caeteri
782 317 814 349 in
837 314 1147 354 moerore&lu‹stu.

231 363 271 401 Id
289 365 376 400 enim
400 360 490 399 bello
502 366 600 410 magis
618 375 716 409 quam
743 363 826 400 festo
835 368 1010 410 congruit,
1035 368 1067 402 in
1079 377 1148 414 quo

231 409 352 449 necesse
375 412 422 450 est
440 413 584 451 victores
610 413 788 460 exsultare,
813 413 988 460 laetiti'aque
1014 426 1150 464 propter

230 463 405 499 victoriam
424 461 483 500 sese
499 461 612 501 efferre
632 476 641 499 ς
667 465 770 500 victos
795 463 922 504 cladem
942 465 1027 502 suam
1054 477 1151 513 atque

227 510 445 551 calamitatem
453 511 626 560 deplorare
635 539 643 550 .
663 515 788 551 verum
798 517 887 552 enim
898 527 996 558 vero,
1008 518 1151 562 primum

230 573 333 609 quem
358 560 474 600 habeat
493 561 593 599 finem
618 563 846 609 (originem)
872 562 995 603 horum
1020 564 1151 601 dierum

230 610 395 649 celebritas
405 637 417 655 ,
426 610 601 651 obscurum
611 614 645 649 &
657 615 816 652 incertum
829 637 836 646 .
860 617 943 652 Nam
954 613 1069 654 fabulae
1077 627 1152 663 quae

230 661 346 699 multae
362 673 556 704 narrantur,
582 660 641 699 sese
661 665 801 700 invicem
822 662 912 702 facile
939 663 1152 707 subvertunt,

231 724 270 750 ae
281 714 349 749 veri
361 711 454 759 plane
471 710 556 748 nihil
568 709 708 751 habent.
737 713 868 751 Deinde
877 725 954 750 cum
967 726 1086 761 paucos
1097 714 1151 752 ad-

231 761 373 801 modum
390 761 498 808 gaudii
522 773 696 809 compotes
716 787 728 805 ‚
753 774 827 801 tum
855 762 961 810 plures
980 764 1076 810 longe
1095 767 1152 800 tri-

229 810 298 850 stes
315 814 481 859 animique
497 823 601 857 aegros
621 812 740 853 video,
765 825 964 862 quamquam
983 814 1053 851 laeta
1071 813 1154 853 sere-

233 873 341 909 naque
352 860 460 899 fronte
478 860 632 899 dolorem
643 872 758 908 tegunt
776 865 810 899 δε
827 861 1027 900 obumbrant
1046 878 1056 901 ε
1080 875 1155 900 om->

223 914 288 950 ,nia
298 910 441 957 denique
459 910 594 959 strepitu
606 911 700 958 plena
718 925 755 949 ac
765 912 933 955 tumultu,
958 912 1158 961 turbamque

234 972 358 998 mutuo
378 959 696 1008 seieimpellentem.
722 964 772 998 At
781 961 828 998 est
843 965 916 1002 anni
926 965 1071 1001 ineuntis
1084 964 1154 999 laeta

235 1010 385 1060 quaedam
394 1011 599 1049 recordatio.
626 1015 740 1058 Quam
750 1012 821 1051 laeta
832 1011 963 1059 quaeso,
985 1011 1070 1049 bone
1082 1016 1161 1049 vii-l

238 1065 327 1098 Ante
343 1064 455 1098 omnia
474 1061 612 1108 quidem
637 1059 821 1108 congreffus
848 1065 1022 1108 imaginem
1052 1066 1163 1099 inme--

237 1110 301 1150 bor
310 1110 417 1159 qualis
426 1110 485 1153 fit,
511 1121 548 1146 ut
559 1110 651 1158 plena
671 1111 859 1158 suspicionis
877 1124 913 1147 ac
931 1115 1066 1150 minime
1080 1116 1158 1148 ami·

238 1174 295 1197 ca.
324 1160 484 1197 Salutatio
508 1164 599 1197 tenui
627 1161 841 1208 inclinataque
852 1173 934 1198 voce
957 1162 1127 1209 profertur
1146 1187 1160 1203 ,

237 1210 446 1259 succeditque
461 1209 612 1249 osculum
630 1216 776 1248 muneris
794 1213 948 1253 initium,
973 1216 1005 1247 δι
1017 1211 1162 1249 suavium

235 1258 370 1307 quidem
381 1263 555 1308 pangitur,
580 1260 739 1300 numisma
757 1271 868 1299 autem
889 1265 1077 1307 expetitur,
1102 1260 1160 1298 ob-

236 1321 436 1358 tentumque
445 1309 611 1348 charitatis
620 1313 762 1351 avaritiae
772 1309 904 1349 litatur.
931 1314 1019 1349 Nam
1034 1324 1076 1358 pu
1082 1324 1114 1347 ra
1124 1323 1161 1347 ac

234 1359 356 1398 fincera
378 1364 518 1397 amicitia
542 1360 749 1401 humanitatis
781 1359 890 1399 officia
915 1373 983 1397 non
1011 1362 1124 1398 vendit
1150 1374 1163 1401 ‚-

235 1413 335 1456 gratis
362 1410 488 1458 praestat
514 1415 549 1451 δε
573 1414 654 1449 citra
680 1409 886 1449 mercedem.
913 1411 1163 1448 circumfertur

237 1463 348 1509 itaque
361 1461 471 1508 panim
481 1473 518 1497 ac
535 1461 680 1499 donatur
688 1463 756 1498 auri
769 1471 883 1507 magna
893 1463 991 1508 copia
1002 1486 1013 1504 ,
1036 1461 1161 1507 fineju-

236 1507 288 1547 sto
305 1509 421 1559 aliquo
441 1509 492 1548 vel
513 1510 660 1558 specioso
684 1510 872 1548 donationis
898 1510 997 1546 titulo
1022 1524 1059 1547 ac
1086 1523 1164 1558 prae-

236 1570 347 1599 teittu.
372 1564 509 1608 Nuptiae
532 1573 600 1605 ¹¹0⁰.
619 1560 712 1603 sunt,
739 1573 799 1597 nec
824 1559 1040 1608 superbientis
1063 1559 1165 1598 ambi·

237 1614 361 1648 tionem
388 1609 495 1658 sponfi
521 1623 639 1647 vocare
666 1622 778 1657 potes·
805 1613 879 1647 Nec
905 1609 950 1646 est
975 1615 1053 1647 item
1069 1610 1163 1658 quod

236 1659 482 1708 eleemosynam
516 1661 685 1707 sumptum
710 1672 785 1696 eum
809 1660 1013 1708 appellemus
1031 1685 1043 1703 ‚
1078 1662 1165 1697 unde

235 1708 367 1748 nullum
395 1709 590 1758 pauperibus
607 1710 822 1749 commodum
839 1722 894 1747 aut
912 1710 1134 1749 levamentum
1153 1724 1164 1748 t

237 1771 306 1796 non
330 1762 428 1799 etiam
454 1760 658 1798 contrastum
673 1786 682 1799 ,
706 1759 762 1796 ubi
789 1772 942 1799 mutuum
968 1761 1087 1796 nonsit
1107 1771 1163 1796 aut

234 1808 302 1848 ulla
323 1813 521 1857 permutatio
540 1825 549 1848 ε,
576 1809 790 1848 donationem
800 1810 908 1846 multo
919 1814 1026 1846 minus
1045 1814 1097 1846 cui
1109 1823 1165 1846 ne-

233 1858 358 1898 ceffitas
373 1858 535 1897 adhaeret.
564 1860 859 1906 Quemadmodum
872 1864 972 1906 igitur
987 1864 1022 1896 &
1044 1859 1164 1897 festum

233 1906 304 1947 hoc
323 1912 356 1949 δε
368 1909 516 1954 sumptus
531 1907 596 1945 hos
615 1909 890 1955 indigetabimus?
914 1911 1070 1958 equidem
1095 1923 1163 1947 non

237 1962 387 2005 reperio.
413 1959 811 2005 vosagendumindicate
828 1961 1006 2008 quicolitis
1027 1964 1060 1996 &
1081 1959 1166 1996 cele-

235 2007 335 2047 bratis
356 2023 366 2048 z
393 2009 521 2047 reddite
533 2011 691 2046 rationem
706 2034 716 2051 ‚
742 2009 823 2046 ficut
846 2023 904 2045 nos
914 2011 1100 2047 divinarum
1123 2009 1169 2046 fea

236 2061 382 2101 riarum,
406 2070 567 2106 quaevere
588 2058 719 2098 striae&
731 2058 923 2098 sunt&dici
934 2059 1074 2098 debent.
1102 2064 1168 2098 Na-

236 2107 334 2145 talem
360 2110 450 2144 enim
474 2106 677 2144 celebramus
696 2134 707 2150 ‚
745 2110 838 2156 quod
865 2123 907 2146 eo
933 2120 1081 2159 tempore
1108 2109 1173 2149 sese

236 2158 331 2195 Deus
351 2160 489 2189 incarne
509 2154 710 2192 mortalibus
721 2158 1026 2205 ostenderecoepit.
1046 2162 1171 2197 'Lumi-

237 2218 318 2243 num
345 2202 462 2241 festum
487 2206 646 2250 agitamus
667 2227 679 2245 ,
705 2205 781 2249 quia
809 2215 868 2249 per
889 2216 1102 2249 peccatorum
1122 2222 1172 2241 re-

241 2254 430 2291 mistionem
454 2262 611 2298 tanquam
637 2263 679 2290 ex
704 2250 851 2287 obscuro
877 2255 996 2298 prioris
1008 2255 1083 2291 vitae
1108 2265 1175 2288 cai·-

242 2314 317 2341 eere
337 2298 481 2339 lucidam
490 2299 530 2338 ad
550 2302 651 2334 vitam
662 2310 759 2351 atque
770 2299 908 2337 liberam
927 2305 1075 2338 eximus.
1103 2305 1175 2344 Jam

243 2363 327 2389 vei-o
352 2350 406 2385 die
425 2347 694 2389 Resurrestionis
718 2352 925 2387 ornatiorem
951 2350 1082 2387 cultum
1101 2350 1177 2386 affu-

244 2406 392 2442 mimus‚
417 2409 633 2446 magnamque
657 2397 803 2436 laetitiam
831 2398 1030 2449 praeferimus
1050 2423 1064 2440 ‚
1087 2398 1181 2446 quod

244 2465 281 2490 ea
305 2450 376 2486 dies
402 2446 688 2485 immortalitatem
724 2446 821 2484 nobis
844 2449 883 2486 ad
910 2448 1082 2486 meliorem
1109 2448 1180 2484 feli-

245 2507 441 2548 cioremque
468 2497 586 2535 statum
606 2496 812 2533 manifestum
838 2497 964 2534 reddit.
992 2501 1108 2545 Atque
1133 2500 1178 2533 ita

250 2553 407 2597 deinceps
417 2548 459 2584 de
469 2549 616 2585 caeterist
641 2547 696 2582 Ad
706 2547 862 2583 summam
874 2572 883 2587 .
901 2545 991 2583 nulla
1001 2559 1050 2583 res
1059 2546 1105 2583 est
1115 2546 1181 2584 hu-

245 2614 344 2641 mana
354 2625 364 2641 ‚
391 2600 482 2642 cuius
495 2610 561 2633 non
572 2596 680 2645 aliqua
691 2600 774 2633 ratio
786 2596 879 2633 reddi
890 2597 1010 2644 possit-t
1020 2600 1054 2632 &
1064 2597 1085 2633 fi
1096 2597 1182 2645 quid

250 2651 298 2688 est
308 2650 395 2688 forte
405 2647 567 2694 ejusmodi
580 2671 593 2690 a
617 2646 710 2694 quod
721 2649 884 2684 rationem
893 2657 949 2684 aut
959 2646 1096 2695 scopum
1108 2659 1182 2684 nom

250 2700 376 2743 habet,
401 2711 500 2735 merae
510 2709 602 2743 nugae
613 2697 703 2732 sunt.
730 2700 766 2732 Ο
778 2709 849 2733 rem
872 2700 1014 2743 ineptam
1025 2700 1058 2733 &
1069 2697 1181 2733 absur-

252 2753 332 2788 dam
354 2751 363 2783 !.
388 2751 521 2785 Omnes
539 2746 685 2785 alienum
703 2745 865 2793 sperantes
886 2745 1112 2796 inhiantesque
1129 2747 1180 2783 di-

253 2802 403 2840 scurrunt
412 2802 446 2836 &
458 2807 632 2843 vagantur:
652 2799 711 2845 qui
723 2809 801 2833 mun
807 2809 846 2833 us
852 2795 1015 2834 dederunt
1025 2822 1037 2839 ‚
1047 2797 1184 2836 dolenta

257 2855 317 2899 qui
337 2858 533 2896 acceperunt
552 2872 564 2890 ,
591 2846 649 2884 sibi
676 2859 745 2882 non
771 2849 911 2883 retinent
935 2858 993 2884 aut
1017 2847 1145 2884 servant
1170 2873 1179 2883 .

257 2900 509 2939 Transmittitur
520 2899 612 2933 enim
620 2896 659 2934 ad
671 2896 737 2932 alio
748 2921 763 2939 ‚
785 2901 820 2933 δε
832 2896 925 2945 quod
933 2900 1009 2943 quis.
1025 2909 1042 2932 a
1059 2896 1185 2933 cliente

258 2953 389 2988 donum
405 2951 533 2995 accepit
549 2972 562 2989 ,
588 2959 630 2982 eo
650 2946 742 2982 suum
763 2946 828 2992 ipse
848 2958 1025 2994 patronum
1040 2946 1185 2994 aliquem

259 3010 450 3039 muneratur
462 3025 474 3034 a
497 2995 641 3034 Fluxum
658 2999 691 3032 δι
711 2995 896 3032 inconstans
914 2995 1014 3040 hujus
1031 2996 1112 3032 lucis
1130 3009 1184 3031 au-

260 3063 338 3088 rum
354 3048 401 3086 est
413 3074 423 3090 ‚
448 3051 483 3084 δε
502 3047 591 3095 quasi
609 3044 731 3092 sphaera
751 3045 869 3083 lusoria
885 3045 928 3082 ab
946 3045 1128 3084 aliostatim
1146 3046 1188 3083 ad

261 3102 367 3138 alium
383 3096 512 3134 tranfit.
540 3100 660 3134 Novus
676 3095 731 3132 hic
750 3097 944 3133 munerandi
964 3096 1105 3138 modus,
1130 3109 1189 3131 no·

264 3161 347 3186 vum
366 3147 478 3183 cultus
501 3144 715 3195 obsequiique
734 3157 839 3192 genusv
854 3158 933 3183 cum
958 3145 1194 3192 indeprecabili

266 3198 490 3248 pensitationis
518 3194 583 3231 five
609 3195 725 3235 tributi
749 3196 930 3232 necestitate
955 3197 1193 3238 coniunistum.

266 3253 359 3289 Nam
381 3247 486 3291 maior
512 3248 547 3281 &
564 3244 721 3291 dignitate
747 3244 899 3293 praestans.
919 3246 985 3293 ipsa-
1009 3246 1120 3282 vultus
1145 3246 1194 3282 sui

268 3299 454 3337 reverentia
474 3305 612 3333 movete
631 3298 742 3332 minoi·
751 3300 856 3344 perit,
883 3306 982 3343 atque
991 3308 1107 3333 omnes
1124 3307 1191 3331 tan-

271 3361 372 3400 quam
399 3343 555 3393 gradibus.
577 3347 613 3380 in
637 3345 720 3381 finus
740 3349 967 3393 potentiorum
991 3344 1192 3382 exhauriun-

272 3411 348 3438 tur.
373 3395 478 3442 Quod
496 3397 529 3430 in
548 3406 706 3442 aquarum
721 3396 864 3444 deniqne
879 3395 1121 3434 confluentibus
1145 3408 1196 3431 ac-

274 3450 380 3491 cidit,
402 3446 471 3482 hoc
480 3456 633 3491 tempore
659 3445 770 3481 videre
788 3445 837 3482 est
853 3473 862 3482 .
887 3445 960 3482 Illic
978 3449 1066 3482 enim
1090 3448 1199 3481 tenuis>

276 3495 490 3543 minutusque
516 3494 642 3532 rivulus
651 3498 685 3530 in
708 3494 814 3532 alium
832 3497 987 3538 maiorem
1009 3495 1136 3536 influit,
1161 3499 1195 3531 &

276 3548 335 3585 hic
352 3547 418 3582 alio
446 3543 556 3583 rursus
573 3546 747 3591 grandiore
765 3548 798 3580 δι
819 3548 921 3591 magis
937 3545 1120 3582 exundante
1144 3543 1197 3580 ab·

279 3597 449 3636 sconditur
468 3609 477 3630 τ
502 3604 601 3642 atque
610 3594 692 3631 adeo
709 3597 854 3631 minores
864 3594 960 3631 multi
979 3597 1042 3630 rivi
1063 3596 1198 3634 coniun-

281 3650 324 3684 fli
340 3673 350 3686 ‚
373 3648 470 3681 vicini
484 3644 631 3681 fluminis
650 3644 877 3681 acceffiofiunt
896 3658 906 3679 :
931 3644 1023 3693 quod
1045 3649 1078 3680 δι
1096 3643 1200 3691 ipsum

282 3698 358 3735 dein
383 3696 513 3731 alterius
538 3706 629 3739 mage
655 3696 809 3739 majoris,
832 3705 933 3741 atque
958 3696 1001 3730 ita
1018 3695 1170 3738 deinceps
1189 3718 1201 3735 ,

283 3748 363 3784 dum
388 3757 571 3782 extremum
598 3743 666 3780 lato
700 3743 936 3792 profundoque
960 3747 1037 3781 mari
1073 3742 1202 3780 miscea-

1209 276 1280 303 tur·
1307 264 1433 302 Festum
1460 263 1527 302 hoc
1554 278 1620 303 non
1647 264 1786 310 festum,
1811 269 1845 303 δε
1870 271 2013 308 mendaci
2032 287 2129 321 pror.

1208 315 1257 353 sus
1277 319 1409 353 nomine
1437 316 1569 363 plenum
1590 315 1771 354 acerbitatis
1787 329 1823 353 ac
1841 317 2006 356 molestiae:
2029 334 2128 368 grave

1210 364 1450 412 prodeuntibus
1469 369 1501 401 in
1524 365 1713 413 publicum,
1738 378 1834 412 grave
1854 368 1946 405 domi
1968 381 2129 411 remanen-

1210 418 1233 451 ti
1245 439 1254 449 .
1281 414 1373 453 Viles
1391 418 1479 452 enim
1498 416 1539 452 de
1559 415 1653 463 plebe
1669 414 1820 455 homines
1839 442 1849 458 ‚
1874 428 1997 467 agyrtae
2015 424 2047 457 &
2068 423 2130 458 sce.

1210 468 1273 502 nici
1304 464 1549 512 praestigiatores
1574 469 1606 501 in
1626 477 1748 503 turmas
1765 466 1892 504 discreti
1911 492 1924 511 ,
1957 468 2044 506 nulli.
2065 484 2132 507 non

1210 515 1323 554 domui
1349 514 1551 553 clamoribus
1569 528 1604 552 ac
1618 515 1799 562 plausibus,
1826 517 1915 554 velut
1939 518 2039 556 fausta
2060 533 2132 569 pre-

1210 577 1336 605 cantes,
1361 563 1542 603 molestiam
1566 564 1740 603 exhibent.
1767 569 1812 604 Et
1836 569 1921 604 circa
1945 570 2050 613 januas
2060 575 2134 619 qui·

1211 614 1286 652 dem
1311 627 1429 653 eorum
1454 618 1511 662 qui
1539 614 1660 653 tributa
1684 627 1809 662 cogunt
1825 620 1858 653 &
1877 620 2010 663 exigunt
2037 624 2135 666 perti-

1212 667 1320 702 nacius
1341 663 1488 708 haerent,
1512 665 1620 702 donec
1631 665 1764 702 tandem
1775 669 1833 714 qui
1853 667 2135 713 intusobfidetur,

1211 714 1310 752 taedio
1334 712 1547 761 molestiaque
1574 727 1778 761 expugnatus
1799 741 1811 758 ,
1837 721 2007 763 pecuniam
2034 722 2136 766 proji-

1209 767 1274 801 ciat
1290 777 1391 810 quam
1410 762 1507 801 habet
1527 768 1667 812 &quam
1689 777 1755 800 non
1773 763 1875 803 habet
1883 781 1896 802 .’
1918 770 1988 814 Qui
2006 767 2139 806 alterius

1210 813 1248 851 ad
1260 813 1346 849 fores
1354 814 1534 858 accedunt,
1560 826 1619 850 nec
1629 825 1702 850 ante
1719 814 1883 863 vesperam
1908 817 1973 852 ulla
1992 818 2069 854 mali
2087 832 2136 855 re·

1212 865 1320 900 missio
1332 888 1341 899 .
1365 866 1486 901 Coetus
1497 875 1621 901 cccrum
1633 867 1754 912 excipit
1767 890 1776 905 ‚
1803 866 1930 902 clamor
1938 867 2113 905 clamorem
2124 889 2136 912 ·‚

1212 914 1335 958 jaetura
1353 915 1526 958 jacturam.
1552 916 1734 960 Egregium
1746 913 1813 951 hoc
1824 914 1939 951 festum
1951 941 1962 958 ‚
1986 920 2056 954 aeris
2065 917 2141 954 alie-

1214 966 1247 1000 ni
1270 962 1359 1000 causa
1378 975 1414 999 ac
1434 962 1592 1004 foenoris,
1621 969 1816 1010 paupertatis
1831 966 1977 1009 occano,
2003 967 2143 1005 miseria·

1215 1024 1290 1051 rum
1309 1015 1457 1050 initium.
1484 1011 1661 1059 SLquisob
1681 1013 1888 1051 fortunarum
1905 1019 2094 1052 tenuitatem
2105 1016 2143 1051 fi·

1216 1063 1291 1100 dem
1318 1074 1383 1098 non
1403 1060 1521 1098 habeat
1543 1087 1554 1104 ‚
1580 1065 1700 1109 quique
1720 1073 1873 1100 mutuum
1891 1065 1948 1100 det
1966 1090 1976 1105 ,
2001 1068 2145 1102 inveniat

1218 1115 1382 1148 neminem
1395 1138 1407 1157 ,
1433 1110 1621 1149 trahiturac
1640 1124 1795 1155 vexatur,
1820 1113 1922 1149 utille
1932 1114 2079 1161 quiforo
2095 1128 2147 1151 ce-

1218 1162 1298 1200 dens
1308 1161 1421 1200 fiscum
1433 1174 1469 1197 ac
1482 1160 1649 1206 vestigalia
1662 1166 1747 1208 regia
1758 1163 1909 1200 deservir
1918 1187 1931 1206 ‚
1959 1164 2066 1212 plorat
2077 1176 2148 1212 per·

1220 1211 1297 1249 inde
1315 1212 1402 1259 quasi
1428 1210 1596 1248 bonorum
1617 1211 1856 1260 proscriptione
1884 1213 2069 1251 multetur:
2103 1214 2158 1251 la-‘

1221 1272 1405 1303 mentatus,
1431 1273 1467 1296 ut
1476 1260 1710 1307 quilatronum
1731 1265 1764 1297 in
1777 1275 1889 1298 manus
1900 1265 2067 1305 inciderit,
2093 1277 2161 1299 cur

1222 1311 1365 1349 stoditur
1386 1336 1397 1353 ,
1424 1310 1631 1348 verberatur.
1657 1314 1688 1348 Si
1709 1312 1888 1359 pauxillum
1914 1313 2036 1360 aliquid
2057 1314 2149 1350 domi

1223 1361 1396 1399 conditum
1423 1362 1455 1396 in
1481 1360 1632 1397 alimenta
1656 1364 1806 1407 conjugis
1831 1373 1927 1408 atque
1955 1363 2165 1411 miserorum·

1222 1410 1428 1454 liberorum,
1455 1411 1658 1457 promiturid
1678 1416 1711 1447 &
1732 1413 1924 1458 projicitur3
1949 1425 1984 1448 ac
1996 1412 2082 1448 sedet
2098 1412 2165 1448 ille·

1222 1474 1300 1497 cum
1327 1462 1391 1497 suis
1419 1473 1478 1507 pei·
1504 1459 1623 1497 festum
1648 1459 1716 1496 hoc
1743 1461 1930 1506 praeclarum
1955 1462 2093 1498 esuriens
2120 1466 2154 1498 δε

1223 1513 1374 1547 omnium
1394 1509 1538 1556 indigus.
1566 1512 1666 1547 Nova
1687 1523 1792 1558 pravae
1816 1510 2060 1548 consuetudinis
2079 1512 2154 1554 lex,

1225 1560 1389 1599 molestias
1407 1564 1440 1596 &
1461 1558 1586 1596 affanias
1597 1559 1783 1602 celebrare,
1810 1566 1999 1607 pauperiem
2018 1565 2052 1597 δι
2072 1561 2155 1597 indi·

1224 1614 1369 1658 gentiam
1388 1609 1504 1646 festum
1516 1609 1679 1657 appellare
1691 1635 1698 1642 .
1725 1612 1806 1648 Haec
1829 1623 1980 1657 praeterea
1999 1611 2067 1646 dies
2086 1610 2157 1646 fim-

1224 1660 1365 1711 plicibus
1386 1659 1566 1706 tenerisque
1594 1664 1702 1705 pueris
1726 1664 1852 1706 argenti
1877 1662 2094 1707 cupiditatem
2122 1664 2157 1696 δε

1223 1709 1510 1748 amoreminstillat
1531 1723 1539 1744 :
1565 1707 1635 1745 haec
1654 1709 1693 1745 ab
1704 1710 1810 1746 unaad
1829 1709 1922 1746 aliam
1944 1706 2076 1746 transire
2100 1709 2161 1745 do-

1225 1772 1318 1796 mum
1344 1760 1446 1797 docet
1471 1771 1548 1794 cum
1574 1760 1774 1794 munusculis
1792 1772 1829 1794 ac
1854 1759 2015 1796 fructibus
2033 1771 2163 1795 autum-

1225 1809 1351 1847 nalibus
1376 1818 1515 1853 argento
1541 1808 1722 1854 compactis
1744 1833 1752 1840 .
1789 1813 1854 1844 Pro
1878 1809 1998 1855 quibus
2022 1809 2161 1856 duplum

1224 1859 1330 1907 ipsum
1351 1858 1522 1898 redditur,
1548 1868 1736 1905 teneraeque
1753 1869 1878 1894 mentes
1896 1859 1934 1894 ad
1956 1859 2163 1895 nundinatio-

1225 1923 1281 1947 nes
1299 1935 1313 1953 ,
1336 1913 1370 1945 δε
1392 1906 1552 1956 quaestum
1572 1906 1763 1945 illiberalem
1782 1908 1950 1945 informari
1979 1907 2060 1943 hinc
2086 1910 2164 1943 inci-

1226 1963 1342 2007 piunt.
1370 1958 1462 2005 Qiid
1476 1970 1578 2006 porro
1598 1956 1800 1992 sacrossnnis
1825 1956 2162 2004 optimisqueagrico—

1227 2010 1266 2048 lis
1288 2007 1348 2044 hac
1359 2008 1429 2044 fieri
1451 2008 1506 2044 die
1519 2006 1623 2045 solet?
1647 2005 1804 2042 abstinere
1823 2005 1982 2054 publico,
2009 2008 2176 2054 vicosque·

1229 2063 1262 2098 δι
1284 2058 1402 2107 plateas
1427 2057 1519 2094 urbis
1539 2056 1651 2103 fugere
1662 2068 1829 2103 coguntur
1856 2062 1957 2103 magis
1974 2061 2166 2104 quamretia

1230 2110 1362 2156 lepores
1373 2133 1381 2141 .
1401 2111 1488 2144 Nam
1499 2107 1519 2142 si
1532 2110 1590 2155 qui
1602 2106 1897 2154 deprehenduntur
1906 2132 1918 2150 ,
1930 2106 2142 2143 verberantur
2154 2132 2166 2149 ,

1232 2161 1373 2205 injuriaa
1395 2157 1587 2194 tumulentis
1606 2157 1829 2201 adficiuntur,
1853 2161 2012 2194 amittunt
2033 2171 2106 2208 quae
2133 2161 2179 2193 in·

1232 2208 1384 2243 manibus
1395 2234 1403 2244 ,
1414 2212 1448 2242 in
1463 2221 1540 2251 pace
1552 2219 1614 2251 pro
1625 2206 1774 2245 hostibus
1786 2206 1949 2245 habentur
1960 2234 1971 2249 ‚
1982 2207 2169 2249 subsannan-

1234 2265 1290 2288 tur
1299 2265 1335 2288 ac
1347 2253 1559 2288 ludificantur
1572 2278 1581 2292 ‚
1593 2264 1661 2288 tam
1674 2255 1781 2288 verbis
1791 2268 1892 2300 quam
1903 2257 1995 2290 faffis
2007 2281 2019 2297 2
2030 2257 2177 2303 impr-:m

1237 2313 1360 2348 turque
1383 2301 1591 2337 contumeliae
1609 2305 1730 2347 optimi
1756 2302 1859 2339 nostri
1886 2304 2061 2350 Prophetae
2084 2305 2178 2342 mali·>

1240 2354 1414 2387 tiaeomnis
1439 2361 1608 2395 expertes,
1635 2350 1965 2395 fimplices&candid
2002 2357 2067 2388 Dei
2093 2357 2173 2390 ima-

1241 2403 1354 2444 gines,
1379 2397 1548 2444 fidiquein
1566 2395 1713 2434 libertate
1724 2401 1798 2434 vitae
1807 2399 1926 2435 nostrae
1950 2366 2030 2436 {gvi
2047 2414 2086 2438 ac
2110 2407 2175 2439 mi-

1240 2446 1350 2484 nistri.
1376 2448 1427 2482 Sic
1445 2444 1706 2492 igiturhomines
1725 2447 1880 2494 dignitate
1901 2449 2103 2496 praestantes,
2128 2453 2170 2490 sic

1241 2500 1375 2543 inopes,
1402 2494 1444 2532 sic
1457 2498 1569 2541 pueri,
1594 2495 1637 2531 fic
1656 2495 1792 2543 agrestes
1810 2513 1819 2533 ε
1846 2498 1898 2534 alii
1913 2512 2093 2544 vexantur,
2117 2503 2173 2539 alii·

1240 2556 1447 2583 murmurant
1464 2550 1497 2583 &
1525 2545 1671 2582 fremunt
1688 2571 1698 2587 ‚
1724 2547 1779 2582 alii
1799 2547 1928 2584 discunt
1952 2562 2026 2595 quae
2050 2551 2174 2590 nescire

1239 2594 1421 2645 pulchrum
1432 2593 1622 2642 bonumque
1633 2594 1718 2631 foret
1729 2623 1738 2632 .
1763 2597 1943 2635 Videamus
1955 2601 2017 2644 jam
2026 2602 2108 2649 quid
2117 2614 2172 2638 ar«

1238 2650 1332 2682 matis
1343 2643 1504 2683 militibus
1523 2644 1590 2681 hoc
1600 2644 1719 2681 festum
1739 2646 1856 2693 profit.
1881 2650 2052 2686 Bonorum
2072 2652 2172 2696 janu-

1239 2709 1308 2732 ram
1319 2695 1463 2736 faciunt,
1488 2694 1730 2741 luxationisque
1746 2696 1964 2735 &vulnerum
1985 2701 2171 2739 mercedem

1240 2757 1402 2784 annonam
1425 2758 1461 2782 ac
1488 2744 1607 2781 cibaria
1634 2757 1815 2792 promunt²
1837 2749 1871 2783 δι
1892 2748 2071 2795 prodigunt
2095 2764 2171 2788 cum

1241 2799 1333 2843 gravi
1358 2807 1494 2833 morum
1519 2794 1762 2843 disciplinaeque
1787 2796 1912 2832 damno
1928 2823 1937 2831 .
1964 2799 2172 2837 Condiscunt

1242 2850 1333 2881 enim
1349 2843 1523 2881 illiberales
1539 2848 1573 2880 δε
1594 2843 1780 2882 inhonestas
1806 2845 2008 2884 scenicorum
2027 2859 2110 2885 artes
2135 2862 2175 2886 ae

1242 2895 1346 2932 studia
1354 2919 1368 2936 ‚v
1375 2894 1463 2930 unde
1474 2893 1628 2930 mollities
1636 2907 1672 2930 ac
1681 2894 1847 2931 dissolutio
1856 2909 2000 2938 morum,
2012 2896 2173 2947 ludosque

1245 2944 1444 2991 ejusmodi&
1459 2945 1568 2988 jocos,
1594 2947 1651 2989 qui
1666 2943 1832 2988 iegibus&
1846 2948 2062 2993 principatui,
2086 2961 2173 2994 quo-

1247 3007 1324 3032 rum
1341 2992 1493 3030 custodes
1508 2993 1677 3029 constituti
1699 2993 1792 3036 sunt,
1819 2998 1929 3031 minus
1945 2996 2172 3034 adversantur.

1248 3048 1414 3083 Summam
1425 3041 1615 3090 potestatem
1636 3043 1732 3079 risum
1742 3045 1916 3091 jocumque
1938 3045 2079 3090 faciunt,
2103 3061 2175 3084 cur-

1251 3107 1325 3132 rum
1338 3104 1395 3135 ,ut
1405 3096 1440 3129 in
1449 3093 1539 3130 scena
1549 3119 1556 3132 ,
1569 3092 1805 3135 conscendunt,
1815 3094 1956 3131 satellitia
1967 3095 2041 3132 fieta
2051 3107 2175 3139 creant,

1250 3143 1448 3192 publiceque
1467 3141 1499 3175 ⁴&
1523 3142 1629 3190 palam
1645 3146 1766 3189 agitant
1782 3156 1853 3191 quae
1863 3149 1996 3192 propria
2019 3146 2092 3182 sunt
2117 3150 2177 3182 mi-

1251 3198 1425 3232 morum&
1445 3191 1662 3229 histrionum.
1689 3193 1749 3228 Sed
1760 3192 1812 3229 illa
1832 3205 1942 3231 tamen
1967 3207 2099 3243 pompae
2123 3208 2177 3232 au-

1251 3242 1393 3291 gustiora
1405 3266 1415 3284 ,
1440 3253 1554 3279 caetera
1563 3245 1791 3291 quisenarret?
1817 3247 1942 3280 Nonne
1952 3244 2059 3280 velato
2068 3257 2126 3280 ore
2143 3249 2176 3281 in

1252 3293 1425 3330 foeminam
1432 3292 1605 3338 degenerat
1614 3291 1669 3327 ille
1678 3292 1791 3334 fortis,
1818 3292 1872 3328 ille
1882 3297 1992 3329 animo
2011 3294 2155 3342 praestans
2165 3320 2177 3337 ,

1253 3342 1308 3378 ille
1318 3346 1350 3378 in
1361 3345 1458 3377 armis
1474 3341 1536 3377 suis
1546 3341 1740 3378 admirabilis
1749 3367 1759 3384 ,
1784 3340 1933 3379 hostibus
1945 3343 2178 3386 ffirmidabilis5

1255 3391 1468 3429 Tunicamad
1487 3391 1570 3426 talos
1578 3391 1741 3433 demittit,
1766 3403 1886 3427 zonam
1895 3393 2022 3439 peeori
2040 3397 2178 3430 circum-

1255 3442 1362 3478 volvit
1371 3467 1384 3484 ,
1391 3441 1603 3476 calceamenta
1614 3439 1783 3477 muliebria
1792 3441 1887 3477 sumit
1896 3467 1910 3484 ‚
1925 3445 1959 3478 &
1968 3454 2059 3479 more
2072 3442 2179 3478 foemi·

1256 3503 1374 3527 narum
1385 3494 1502 3538 ‚capiti
1513 3489 1697 3537 crobylum
1709 3493 1851 3537 imponit
1870 3506 1882 3525 :-
1904 3495 1987 3539 quin
1997 3495 2092 3529 etiam
2101 3505 2178 3528 cum

1257 3541 1328 3577 sana
1337 3539 1450 3577 colum
1460 3539 1671 3582 circumfert,
1688 3540 1868 3587 dextraque
1879 3540 1974 3578 filum
1985 3541 2076 3578 ducit
2086 3567 2097 3584 ,
2116 3554 2179 3588 qua

1256 3588 1447 3636 trophaeum
1456 3600 1528 3624 ante
1538 3589 1614 3624 tulit
1626 3614 1635 3630 ,
1661 3589 1875 3636 spiritumque
1884 3595 1918 3627 δε
1931 3603 2047 3626 vocem
2066 3594 2098 3626 in
2108 3603 2180 3627 acu-

1258 3644 1377 3676 tiorem
1397 3642 1430 3674 &
1450 3637 1643 3674 muliebrem
1670 3638 1786 3674 sonum
1797 3650 1968 3676 extenuat.
1995 3643 2078 3678 Haec
2097 3640 2180 3676 cele-

1259 3689 1385 3727 britatis
1412 3687 1508 3733 hujus
1531 3687 1652 3723 utilitas
1671 3703 1680 3723 ε
1706 3687 1776 3723 haec
1800 3687 1952 3724 hodierni
1970 3688 2038 3725 sesti
2060 3688 2183 3736 publici

1261 3737 1437 3777 commoda
1456 3750 1492 3774 ac
1511 3738 1653 3774 fruiftus.
1679 3737 1840 3774 Consules
1857 3739 2023 3787 etiamipfi
2033 3738 2116 3776 fama
2137 3742 2183 3774 in·

2065 3788 2135 3835 cly-
