2652 4126
0 2575 5 2594 ,⁵

0 2599 5 2611 'A

0 2613 9 2655 Ε

0 2667 11 2692 1,,

0 3323 8 3379 ἤην-γ
0 3210 8 3311 *ww-2*
0 3145 2 3152 .

70 2651 152 2679 Rom.
170 2656 251 2687 3.21·

71 2730 154 2758 Rom.
167 2738 231 2767 7.7.

71 2769 252 2804 Exod.20.i7.

77 2924 156 2955 Rom.
168 2934 198 2965 7.
207 2934 253 2956 22.

99 3045 174 3077 ibid.
185 3057 235 3083 ²4·

521 278 600 323 ΕΤ
642 263 906 322 HisToR.
944 262 1232 329 SnMipi-:u
1276 279 1494 323 LUCEM
1534 279 1907 325 AFFERUNT.

272 364 321 398 uis
346 364 401 407 qut·
423 359 550 409 judicai-
569 375 578 396 ε
604 363 636 397 ίη
661 371 720 405 quo
745 361 827 397 enim
850 358 947 397 alium
967 357 1094 405 judicas
1115 383 1127 401 ,
1153 365 1199 394 te-

271 411 371 457 ipsum
389 414 570 449 condemnas
582 436 592 451 ‚
616 411 723 445 eadem
741 412 823 446 enim
839 412 909 454 agis
923 420 990 454 quae
1004 407 1128 454 judicas
1138 431 1148 441 .

319 463 417 498 Dicit
434 465 536 498 ctiam
555 458 622 508 ipse
631 461 806 496 Dominus
815 462 850 495 in
861 457 1049 506 Evangelio
1061 484 1072 501 ‚
1097 461 1197 495 sinon

271 508 440 556 venissem,
465 512 508 549 (α’
524 510 645 546 locutus
669 511 713 545 eis
726 507 873 554 fuissem,
895 517 1062 555 peccatum
1080 508 1200 546 nonha-

270 560 376 599 berem
401 575 411 597 :
445 572 524 598 nm
550 568 657 595 autem
681 558 912 602 excusafionem
939 570 996 595 non
1021 556 1135 596 habent
1159 558 1198 594 de

267 619 398 656 peccato
416 610 473 655 suo
491 629 512 645 .-
526 612 610 646 Non
636 611 758 656 utique,
778 618 955 656 peccatum
980 607 1114 644 nullum
1141 606 1199 645 ha-

271 659 391 698 berent
411 684 424 704 ,
448 662 508 707 qui
535 659 625 708 pleni
649 669 745 696 erant
771 658 844 696 aliis
869 660 999 706 magnis
1018 656 1199 706 multisque

270 713 444 759 peccatist
479 707 535 745 sed
559 707 630 745 hoc
656 719 834 756 peccatum
859 707 936 746 vult
954 708 1099 755 intelligi
1123 720 1194 745 non

268 773 328 796 eos
344 758 525 797 habituros
542 757 635 796 fuiss'e
655 757 677 794 fi
698 770 768 794 non
780 757 939 800 veniss'et,
963 770 1035 806 quo
1053 770 1195 799 eimau-

267 807 385 847 dissent
401 821 503 849 eum,
527 821 598 845 non
615 807 833 845 crediderunt
852 811 886 844 in
905 820 1002 844 eum.
1028 811 1127 846 Hanc
1136 821 1195 846 eos

267 858 519 896 excusationem
537 871 607 895 non
634 856 759 895 habere
776 855 908 900 ass'erit,
931 870 996 906 qua
1016 857 1196 905 poffintdi-

267 922 343 946 cere
365 935 378 953 ,
401 913 486 947 Non
506 908 698 946 audivimus
719 933 731 951 ,
757 908 836 944 ideo
860 920 931 944 non
957 907 1160 945 credidimus
1186 936 1193 945 .

268 962 429 998 Humana
455 963 513 1008 qui
542 972 583 1008 pe
620 957 773 1006 superbia
799 968 970 1006 tamquam
997 957 1197 1006 praesumens

267 1009 310 1046 de
335 1009 465 1047 viribus
491 972 592 1046 liberi
628 1007 760 1045 arbitrii
788 1006 978 1045 excusatam
1004 1006 1035 1043 sc
1062 1019 1158 1056 putat
1184 1034 1196 1052 ,

267 1060 405 1109 quando
424 1062 645 1109 ignorantiae,
669 1071 739 1095 non
768 1058 952 1095 voluntatis
977 1056 1115 1095 videtur
1135 1058 1196 1097 effe

268 1110 363 1158 quod
389 1120 525 1159 peccat.

316 1159 507 1198 Secundum
533 1158 622 1196 hanc
649 1157 899 1201 excusationem
919 1183 931 1201 ,
960 1158 1200 1197 inexcusabiles

267 1210 352 1248 dicit
371 1213 544 1258 Scriptura
572 1209 688 1247 divina
705 1209 938 1259 quoscumque
965 1207 1103 1246 scientes
1122 1223 1200 1258 pec·

265 1273 342 1298 care
367 1264 562 1297 convincit.
590 1263 659 1297 Dei
678 1271 791 1297 tamen
811 1258 934 1307 justum
953 1259 1117 1306 judicium
1136 1273 1198 1297 nec

264 1310 333 1348 illis
352 1314 459 1358 parcit
476 1313 534 1359 qui
557 1323 628 1346 non
647 1311 841 1348 audierunt.
867 1311 1087 1357 Quicumque
1107 1314 1198 1347 enim

263 1360 331 1397 fine
358 1361 430 1408 lege
460 1371 685 1410 peccaverunt
701 1385 715 1405 ‚
739 1359 804 1397 fine
830 1358 903 1407 lege
930 1358 1089 1407 peribunt
1106 1387 1114 1396 .
1151 1363 1199 1397 Et

264 1417 420 1460 quamvis
439 1409 541 1460 seipfi
558 1410 715 1448 excusare
733 1409 932 1452 videantur,
957 1422 1027 1445 non
1048 1409 1198 1447 admittit

262 1460 352 1499 hanc
370 1461 646 1503 excusationem,
671 1463 729 1508 qui
750 1460 810 1496 scit
837 1457 866 1495 se
886 1457 993 1498 fecisse
1014 1458 1196 1497 hominem

262 1513 396 1549 reffitm
415 1537 427 1554 ,
452 1515 551 1560 eique
577 1510 779 1548 obedientiae
802 1509 923 1549 dedisse
956 1521 1162 1558 praeceptum
1180 1535 1194 1553 ,

263 1575 326 1599 nec
343 1560 404 1598 nifi
428 1563 496 1608 ejus
511 1575 583 1610 quo
608 1561 696 1598 male
714 1560 789 1597 usus
815 1559 994 1602 estlibero
1006 1562 1193 1598 voluntatis

263 1611 429 1655 arbitrio,
452 1615 557 1648 etiam
576 1611 672 1660 quod
693 1610 845 1647 traniiret
867 1614 901 1646 in
922 1609 1074 1658 posteros
1087 1636 1100 1653 ,
1126 1624 1194 1648 ma—

262 1661 347 1699 naffe
367 1673 542 1710 peccatum
554 1690 562 1697 .
588 1666 712 1709 Neque
731 1665 822 1697 enim
831 1660 1035 1698 damnantur
1054 1665 1193 1710 quinon

263 1723 512 1761 peccaverunt,
535 1711 813 1760 quandoquidem
823 1710 910 1748 illud
928 1723 970 1747 ex
991 1724 1062 1748 uno
1073 1715 1107 1747 in
1119 1726 1194 1748 om-

263 1775 322 1799 nes
349 1763 537 1812 pertransiit
555 1788 568 1805 ‚
594 1766 628 1798 in
655 1776 725 1810 quo
743 1761 879 1810 lingulis
897 1773 973 1808 ante
991 1765 1131 1810 propria
1158 1766 1193 1798 in

263 1811 451 1860 quibusque
479 1824 613 1862 peccata
631 1824 750 1852 omnes
777 1815 1010 1848 communiter
1040 1824 1197 1860 peccave-

264 1873 344 1900 runt
354 1890 362 1898 .
376 1866 428 1900 Ac
439 1875 499 1910 per
508 1862 578 1899 hoc
588 1861 822 1900 inexcusabilis
831 1861 879 1898 est
889 1866 1002 1898 omnis
1013 1873 1198 1910 peccator,

264 1913 321 1950 vel
333 1923 427 1949 reatu
438 1916 579 1960 originis
590 1939 602 1956 ,
621 1913 676 1949 vel
687 1912 920 1949 additamento
931 1916 1032 1948 etiam
1047 1917 1196 1961 propriae

263 1962 473 2005 voluntatis,
499 1963 566 1999 five
587 1966 644 2011 qui
665 1965 786 2004 novit,
812 1962 877 1998 sive
897 1966 957 2011 qui
976 1966 1132 2010 ignorat,
1160 1963 1198 1999 fi-

263 2024 305 2050 ve
323 2016 380 2061 qui
395 2013 536 2057 judicat,
565 2012 632 2053 five
651 2016 790 2062 quinon
813 2011 1196 2061 judicat..Quia&ipia

262 2066 456 2110 ignorantia
481 2067 516 2099 in
535 2066 582 2099 eis
600 2066 660 2110 qui
678 2062 866 2109 intelligere
885 2062 1070 2100 noluerunt
1092 2088 1103 2104 ,
1129 2063 1196 2099 fine

261 2111 474 2147 dubitatione
493 2122 669 2157 peccatum
690 2111 766 2149 ests*
785 2116 819 2147 in
838 2116 884 2148 eis
910 2125 1023 2152 autem
1041 2117 1099 2160 qui
1126 2126 1197 2149 non

262 2168 470 2210 potuerunt,
497 2170 598 2206 poena
617 2162 768 2205 peccati.
796 2162 892 2202 Ergo
913 2165 947 2195 in
967 2162 1114 2208 utrisque
1127 2176 1197 2199 non

262 2209 311 2248 est
331 2208 414 2256 justa
438 2206 634 2248 excusatio,
660 2204 716 2242 sed
736 2203 816 2250 iusta
838 2205 1029 2242 damnatio.

313 2259 399 2294 Ideo
416 2255 530 2294 autem
539 2256 657 2294 divina
675 2254 811 2304 eloquia
821 2268 879 2291 eos
900 2254 1140 2292 inexcusabiles
1152 2257 1201 2292 di-

266 2317 370 2349 cunt,
395 2309 454 2354 qui
474 2319 544 2343 non
554 2309 744 2353 ignorantes
754 2326 770 2346 ‚·
790 2303 846 2340 {ed
864 2303 1000 2341 scientes
1028 2318 1166 2353 peccant
1185 2332 1198 2349 ,

266 2368 304 2394 ut
330 2355 510 2393 secundum
538 2354 700 2402 judicium
723 2353 884 2403 superbiae
909 2354 995 2397 suae‚
1019 2368 1092 2403 quo
1111 2357 1199 2392 mul-

266 2417 343 2443 tum
361 2406 537 2443 confidunt
562 2404 604 2442 de
614 2403 745 2442 viribus
764 2408 914 2453 propriae
933 2405 1141 2447 voluntatis,
1168 2405 1199 2441 se

266 2454 508 2493 inexcusabiles
533 2455 670 2491 videant
698 2468 708 2490 ι
741 2458 820 2502 quia
841 2454 883 2490 de
915 2458 1105 2500 ignorantia
1132 2455 1199 2498 jam

268 2518 339 2542 non
357 2503 484 2542 habent
501 2503 752 2540 excusstionem
771 2501 862 2538 suam
874 2527 887 2543 ‚
914 2507 947 2538 δι
969 2501 1123 2538 nondum
1149 2501 1199 2537 est

270 2554 392 2598 iustitia
419 2558 475 2591 cui
501 2550 742 2602 praesumebant
770 2550 923 2587 sufficere
946 2550 1162 2587 voluntatem
1191 2578 1199 2587 .

270 2610 319 2643 At
338 2605 490 2642 veroille
502 2607 556 2640 cui
575 2604 748 2639 Dominus
768 2606 801 2637 &
821 2600 966 2643 sciendi,
993 2605 1027 2636 δε
1040 2599 1200 2636 obedien-

269 2655 305 2692 di
332 2655 471 2703 largitus
491 2653 539 2691 est
549 2657 692 2700 gratiam
705 2677 716 2692 ‚
742 2657 807 2686 ‘Per
824 2651 922 2695 legem
937 2653 1017 2686 enim
1029 2675 1041 2692 ,
1067 2654 1199 2698 inquit,

269 2709 402 2750 cognitio
416 2707 541 2751 peccati
559 2717 568 2738 :
594 2707 629 2739 &
647 2727 659 2744 ,
684 2708 860 2737 Peccatum
885 2713 942 2737 non
959 2703 1092 2745 cognovi
1108 2726 1120 2744 ,
1146 2701 1201 2746 mfi

268 2767 325 2802 per
333 2763 461 2800 Legem.
487 2759 585 2799 Nam
594 2750 838 2797 concupiscentia
848 2749 1018 2794 nesciebam
1032 2775 1045 2793 ,
1069 2750 1124 2797 rufi
1132 2757 1202 2788 Lex

269 2808 408 2848 diceret,
433 2810 514 2849 ‘Non
531 2801 741 2848 concupisces·
769 2804 845 2838 Nec
865 2800 941 2836 vult
966 2800 1110 2847 intelligi
1138 2799 1202 2837 ho-

270 2860 400 2896 minem
420 2856 647 2904 praeceptricis
674 2854 774 2899 Legis
794 2854 948 2897 ignarum
968 2876 979 2893 ,
998 2850 1060 2886 sed
1082 2849 1200 2887 libera-

271 2909 365 2943 tricis
392 2905 542 2951 indigum
553 2906 689 2950 gratiae,
714 2900 772 2938 ubi
792 2901 895 2938 dicits
923 2900 1201 2945 eondelectorzegi

271 2959 332 2994 Dei
349 2952 861 3001 secunduminterioremhominem
880 2965 890 2986 t
916 2955 949 2987 &
966 2963 1043 2997 cum
1054 2949 1119 2987 hac
1129 2963 1198 2987 non

271 3006 380 3043 solum
400 3005 556 3045 scientia,
583 3015 705 3039 verum
725 3005 823 3038 etiam
850 3005 884 3037 δε
901 2999 1126 3037 delectatione
1136 3005 1199 3037 Le-

271 3060 343 3103 gis,
369 3054 484 3104 postea
493 3053 598 3095 dicit,
625 3051 720 3095 Miser
736 3064 789 3096 ego
807 3051 918 3092 homo,
937 3054 1008 3096 quis
1018 3063 1069 3087 me
1085 3049 1198 3086 libera-

271 3105 320 3143 bit
336 3107 373 3141 de
391 3114 512 3150 corpore
530 3106 641 3140 mortis
665 3103 779 3148 hujus?
806 3102 918 3137 Gratia
937 3103 997 3136 Dei
1019 3109 1076 3145 per
1092 3100 1197 3145 Iesum

272 3153 427 3197 christum
451 3156 617 3189 Dominum
641 3150 794 3194 nostrum.
830 3154 948 3187 Nemo
973 3155 1086 3197 itaque
1113 3150 1194 3186 libe-

272 3215 324 3242 rat
350 3217 368 3240 a
395 3201 588 3240 vulneribus
613 3202 702 3238 illius
728 3199 944 3237 trucidatoris
962 3225 975 3243 ,
1010 3201 1070 3236 nisi
1093 3200 1194 3243 huius

271 3256 378 3303 gratia
392 3253 595 3290 Salvatoris.
621 3254 738 3289 Nemo
757 3250 876 3286 liberat
902 3250 1125 3286 venumdatos
1136 3250 1194 3287 sub

273 3314 414 3354 peccato
439 3316 456 3339 a
483 3300 628 3338 vinculis
653 3304 873 3349 captivantis,
898 3299 957 3336 nifi
979 3304 1085 3348 gratia
1109 3301 1194 3337 redi-

273 3358 413 3391 mentis.

325 3407 379 3441 Ac
399 3416 458 3450 per
478 3401 546 3438 hoc
555 3401 700 3438 universi
720 3400 819 3448 quise
838 3404 872 3436 in
883 3404 1063 3450 nequitiis,
1089 3405 1194 3438 &ini-

274 3452 460 3502 quitatibus
485 3451 656 3488 excusatos
676 3452 818 3493 volunt,
845 3451 921 3487 idco
945 3450 1111 3495 justiffime
1138 3464 1196 3498 pu-

275 3509 438 3544 niuntur,
463 3506 623 3550 quoniam
643 3500 917 3549 quiliberantur,
945 3514 1012 3537 non
1024 3502 1081 3537 nifi
1092 3505 1196 3549 gratia

277 3553 479 3591 liberantur.
503 3556 596 3588 Nam
616 3551 638 3587 si
655 3550 892 3587 excusatioilia
910 3551 991 3596 justa
1001 3548 1100 3594 esset,
1126 3564 1195 3587 non

279 3604 355 3641 inde
382 3604 445 3648 jam
462 3605 588 3648 gratia,
614 3601 668 3636 sed
688 3600 810 3643 iustitia
835 3600 1010 3637 liberaret.
1039 3606 1129 3639 Cum
1143 3614 1196 3636 ve-

278 3667 322 3692 ro
346 3665 415 3689 non
433 3650 554 3688 liberat
579 3651 638 3687 nisi
662 3655 788 3698 gratia,
814 3648 902 3687 nihil
928 3650 1051 3694 justum
1070 3655 1197 3687 invenit

279 3707 321 3740 in·
341 3716 384 3739 eo
400 3701 654 3749 quemliberat,
679 3713 747 3736 non
769 3699 1002 3743 voluntatem,
1028 3714 1097 3736 non
1117 3714 1197 3748 ope-

277 3757 445 3790 rationem
458 3778 469 3794 ,
494 3764 562 3787 non
573 3750 686 3793 saltem
708 3749 809 3798 ipsam
821 3749 1066 3793 excusationem
1084 3765 1092 3785 ε
1118 3763 1196 3786 nam

281 3803 305 3839 fi
330 3802 402 3840 haec
429 3801 508 3846 justa
535 3800 583 3836 est
602 3826 613 3843 ,
638 3799 792 3849 quisquis*
810 3813 846 3841 ea
873 3803 981 3842 utitur
999 3825 1010 3842 ,
1036 3804 1161 3840 merito
1187 3825 1200 3843 ‚

286 3866 356 3890 non
380 3855 485 3900 gratia
502 3850 680 3888 liberatur.
705 3853 877 3888 Novimus
895 3849 1199 3899 enimliberari,per

378 3910 409 3940 S.
436 3901 598 3948 Prosperi.

2075 293 2172 347 195

1258 362 1398 404 gratiam
1429 358 1564 397 Christi
1590 359 1756 408 quosdam
1781 363 1883 398 etiam
1905 369 2025 399 eorum
2051 368 2107 410 qui
2133 365 2181 402 di-

1259 420 1338 445 cunt
1361 425 1370 446 τ
1397 413 1482 460 Quid
1491 411 1591 447 adhuc
1602 412 1821 456 conqueritur?
1846 423 1918 447 nam
1943 411 2182 459 voluntatiejus
2202 419 2278 448 Rom.
2294 423 2377 452 9³9·

1258 466 1313 506 qui
1336 460 1466 506 refiliit?
1491 463 1577 505 Quae
1605 459 1627 496 fi
1649 461 1731 504 justa
1748 460 1796 497 est
1821 460 2014 504 excusatio,
2039 475 2107 498 non
2118 464 2184 508 jam

1258 514 1400 557 gratuita
1429 514 1534 557 gratia
1554 535 1565 552 ,
1591 509 1646 549 sed
1671 524 1818 559 proprer
1845 510 2184 554 huius¹excusationis

1259 561 1416 608 justitiam
1442 559 1646 596 liberantur.
1671 565 1702 597 Si
1723 572 1833 597 autem
1860 564 1967 609 gratia
1981 561 2030 599 est
2055 574 2121 610 qua
2148 562 2186 598 li—

1259 611 1440 653 berantur,
1467 610 1624 659 profecto
1635 608 1706 646 haec
1732 611 1902 648 excusatio
1929 611 2012 657 justa
2036 625 2106 649 non
2117 611 2184 651 est.

1260 665 1359 698 Tunc
1383 664 1475 697 enim
1502 673 1580 696 vera
1601 664 1706 706 gratia
1731 660 1779 696 est
1801 686 1812 703 ‚
1837 674 1903 710 qua
1929 659 2040 698 homo
2066 662 2187 700 libera-

1255 724 1332 754 tur,
1357 710 1381 747 fi
1406 723 1475 747 non
1502 708 1682 746 secundum
1708 709 1862 747 debitum
1883 710 2018 756 iustitiae
2028 711 2188 750 retribui·

1256 773 1331 799 tur.
1358 759 1460 799 Nihil
1486 773 1570 808 ergo
1589 760 1630 796 fit
1654 764 1689 798 in
1714 764 1760 803 eis
1781 760 2000 810 qui2dicunt,
2025 764 2112 815 ,quid
2133 765 2187 800 ad-
2206 769 2290 799 Prov.
2302 777 2347 810 ¹9·
2356 779 2382 806 3·

1255 813 1314 848 buc
1340 813 1558 857 conqueritur?
1582 823 1655 847 nam
1680 812 1845 848 voluntati
1868 810 2026 858 ejus-quis
2053 810 2185 856 resistit}

1256 862 1316 899 nifi
1341 861 1435 910 quod
1462 861 1583 908 legitur
1610 864 1644 896 in
1670 860 1760 897 libro
1785 861 1975 898 Salomonis
1997 865 2024 904 ‚'
2042 862 2185 907 Infipien—

1256 916 1304 948 tia
1331 915 1398 948 viri
1425 912 1529 948 violat
1556 913 1632 947 vias
1655 910 1723 957 ejus
1742 926 1751 947 z
1777 919 1880 948 Deum
1905 920 2013 949 autem
2033 911 2184 957 causatur

1257 964 1292 998 in
1316 963 1404 997 corde
1427 960 1502 1004 suo.
1573 1000 1578 1006 ,
1700 998 1701 1001 ,
2151 1007 2155 1011 ⁸

1307 1014 1476 1057 Quamvis
1497 1015 1607 1059 itaque
1619 1014 1713 1047 Deus
1739 1010 1840 1048 faciat·
1855 1011 1929 1050 vasa
1951 1017 2007 1050 irae
2024 1017 2058 1050 in
2078 1015 2187 1061 perdi-

1257 1065 1412 1103 tionem,
1437 1072 1474 1097 ut
1493 1061 1646 1098 ostendat
1667 1065 1751 1097 iram
1765 1087 1776 1103 ‚
1803 1062 2057 1100 &demonstret
2069 1075 2187 1112 poten-

1258 1115 1341 1148 tiam
1362 1111 1475 1153 suam,
1502 1126 1567 1159 qua
1587 1110 1671 1148 bene
1695 1115 1797 1147 etiam
1810 1115 1916 1149 utitur
1943 1113 2040 1149 malis
2055 1139 2066 1156 ,
2092 1117 2126 1149 δε
2152 1124 2188 1149 ut

1258 1173 1354 1199 notas
1364 1162 1462 1197 faciat
1479 1161 1615 1198 divitias
1634 1161 1752 1208 gloriae
1774 1161 1836 1198 suae
1862 1166 1896 1198 in
1920 1163 2190 1201 vasamisericor-

1259 1212 1343 1255 diae,
1368 1224 1442 1260 quae
1462 1211 1546 1248 facit
1566 1215 1598 1248 in
1611 1210 1805 1254 honorem,
1832 1224 1900 1248 non
1914 1212 2191 1249 damnabilimas-

1259 1261 1299 1299 sae
1318 1261 1492 1304 debitum,
1518 1261 1572 1299 sed
1591 1261 1655 1298 suae
1676 1265 1791 1309 gratiae
1812 1261 1965 1310 largitate
1989 1262 2153 1300 donatum
2180 1277 2189 1299 ε

1259 1323 1370 1349 tamen
1390 1316 1424 1348 in
1443 1311 1568 1348 eisdem
1594 1316 1650 1348 irae
1673 1311 1753 1348 vafis
1772 1323 1915 1360 propter
1937 1316 2098 1349 meritum
2109 1312 2191 1350 mas-

1259 1362 1297 1400 sae
1309 1367 1343 1399 in
1361 1362 1606 1399 contumeliam
1625 1361 1775 1399 debitam
1798 1362 1917 1406 factis,
1943 1362 2055 1405 idest,
2085 1367 2118 1398 in
2128 1362 2191 1400 ho-

1258 1412 1407 1450 minibus
1432 1423 1575 1462 propter
1602 1423 1725 1449 naturae
1754 1412 1894 1461 quid'em
1921 1412 2010 1449 bona
2040 1419 2160 1449 creatis
2179 1439 2192 1456 ,

1254 1463 1311 1499 sed
1330 1474 1473 1512 propter
1499 1466 1581 1499 vitia
1606 1461 1774 1511 supplicio
1799 1462 1972 1500 destinatis
1995 1487 2007 1505 ,
2035 1466 2193 1511 iniquita-

1256 1524 1326 1550 tem
1343 1539 1354 1556 ,
1379 1526 1480 1561 quam
1493 1513 1671 1550 tefflffime
1693 1516 1818 1554 veritas
1837 1512 2032 1561 improbat,
2058 1512 2193 1552 damnaff

1257 1577 1292 1600 re
1318 1567 1418 1600 novit
1439 1563 1531 1612 ipse,
1558 1563 1762 1602 nonfacere.
1791 1566 1883 1599 Sicut
1904 1567 1996 1600 enim
2016 1563 2197 1602 voluntati-

1255 1616 1324 1658 eius
1335 1613 1498 1651 tribuitur
1516 1613 1663 1650 humana
1688 1625 1805 1650 natura
1816 1613 1914 1650 nullo
1940 1612 2113 1650 dubitante
2123 1611 2192 1649 lau-

1257 1663 1389 1706 danda,
1417 1664 1458 1700 fic
1469 1663 1620 1702 hominis
1641 1663 1810 1700 voluntati
1824 1664 1923 1711 culpa
1943 1662 2107 1701 tribuitur
2118 1664 2194 1700 nul-

1257 1715 1295 1750 lo
1321 1715 1491 1750 recusante
1510 1714 1696 1750 damnanda
1712 1741 1719 1749 .
1748 1717 1835 1758 Quae
1856 1714 2014 1752 voluntas
2040 1711 2194 1750 hominis

1257 1775 1314 1800 aut
1333 1762 1578 1800 hereditarium
1605 1766 1727 1798 vitium
1753 1763 1930 1799 transmisit
1953 1766 1987 1798 in
2008 1762 2162 1811 posteros
2180 1787 2193 1803 ,

1257 1826 1345 1862 quos
1363 1817 1397 1849 in
1425 1812 1455 1849 se
1480 1812 1600 1849 habuit
1621 1824 1700 1848 cum
1728 1823 1904 1859 peccaret,
1930 1824 1985 1848 aut
2013 1811 2194 1859 adquifivit

1258 1868 1362 1900 etiam
1387 1874 1497 1899 cetera
1528 1866 1611 1899 vitia
1631 1888 1642 1904 ,
1668 1874 1747 1897 cum
1774 1865 1806 1898 in
1835 1860 1941 1910 seipso
1967 1861 2194 1910 unusquisque

1259 1913 1390 1962 perdite
1417 1916 1568 1949 viveret.
1595 1911 1658 1949 Sed
1680 1923 1787 1959 neque
1814 1912 1855 1947 ab
1883 1911 1946 1947 illo
1972 1911 2066 1959 quod
2092 1915 2195 1959 origi-

1259 1964 1382 2000 naliter
1407 1962 1578 2005 trahitur,
1605 1974 1712 2009 neque
1734 1961 1777 1996 ab
1801 1960 1856 1997 his
1883 1974 1957 2007 quae
1968 1960 2195 2008 unusquisque

1258 2018 1294 2050 in
1322 2017 1390 2050 vita
1417 2016 1558 2061 propria
1585 2011 1640 2047 vel
1671 2023 1739 2046 non
1769 2009 1992 2056 intelligendo
2015 2035 2026 2052 ‚
2053 2010 2107 2046 vel
2133 2024 2194 2046 no-

1258 2063 1361 2100 lendo
1376 2063 1588 2110 intelligere,
1614 2061 1915 2107 malacongregat‚
1942 2059 1997 2095 vel
2022 2063 2124 2096 etiam
2146 2064 2194 2097 in-

1260 2113 1406 2150 structus
1433 2126 1476 2149 cx
1503 2116 1592 2158 Lege
1613 2136 1624 2153 ,
1650 2110 1881 2146 additamento
1907 2112 2193 2157 praevaricationis

1260 2172 1441 2212 exaggerat
1463 2189 1474 2207 ‚
1500 2162 1677 2210 quisquam
1704 2159 1868 2196 liberatur
1896 2164 1929 2200 ὅ(
1958 2159 2155 2204 justificatur
2182 2186 2194 2202 ,

1262 2212 1321 2246 nifi
1347 2217 1454 2257 gratia
1481 2215 1550 2246 Dei
1578 2224 1637 2256 per
1664 2210 1772 2251 lesum
1795 2209 1975 2247 Christum
1997 2213 2193 2252 Dominum

1262 2258 1419 2293 nostrum
1442 2283 1454 2299 ,
1481 2271 1549 2293 non
1578 2258 1686 2293 solum
1714 2261 1904 2294 remiffione
1932 2270 2151 2305 peccatorum
2179 2285 2191 2302 ,

1259 2306 1315 2343 sed
1353 2310 1446 2355 prius
1485 2307 1582 2355 ipfius
1619 2306 1837 2355 inspiratione
1872 2307 1953 2343 fidei
1990 2312 2023 2344 &
2058 2304 2194 2347 timoris

1261 2360 1332 2393 Dei
1354 2382 1366 2398 ,
1403 2360 1582 2404 impartito
1609 2355 1784 2392 salubriter
1819 2360 1983 2393 orationis
2007 2356 2129 2395 affeetu
2156 2363 2192 2396 &

1260 2406 1405 2446 effectu,
1431 2406 1541 2440 donec
1567 2405 1656 2439 sanct
1682 2417 1800 2439 omnes
1825 2406 2004 2451 languores
2029 2407 2191 2449 nostros,
2212 2412 2386 2452 l³ss<l.102,3.

1260 2458 1294 2489 &
1321 2453 1464 2488 redimat
1488 2453 1530 2487 de
1556 2455 1779 2498 corruptione
1805 2456 1909 2488 vitam
1936 2452 2087 2491 nostram
2107 2481 2120 2499 ‚
2155 2453 2272 2493 &sffe-

1260 2512 1405 2538 coronet
1430 2514 1492 2537 nos
1518 2504 1553 2536 in
1580 2500 1792 2537 miseratione
1819 2506 1853 2538 δε
1879 2502 2128 2541 misericordia.

1310 2555 1444 2588 Verum
1471 2550 1548 2593 isti,
1574 2554 1649 2598 qui.
1658 2551 1876 2599 personarum
1905 2563 2119 2602 acceptorem
2130 2556 2194 2592 fle:
2226 2574 2335 2602 Cart

1261 2606 1290 2638 ri
1319 2601 1513 2637 existimant
1541 2603 1680 2643 Deum,
1704 2600 1727 2637 fi
1755 2605 1790 2637 in
1815 2615 1879 2638 una
1905 2602 2087 2652 eademque
2098 2605 2190 2647 caus-,2

1261 2651 1292 2687 sa
1318 2650 1416 2699 super
1452 2651 1535 2687 alios
1562 2655 1673 2687 veniat
1701 2651 1930 2692 misericordia
1956 2655 2023 2700 ejus
2043 2679 2055 2695 ,
2090 2654 2188 2703 super

1263 2701 1348 2745 alios
1373 2714 1458 2737 vero
1485 2712 1616 2737 maneat
1642 2704 1690 2737 ira
1717 2702 1811 2748 ejus,
1836 2715 1959 2750 nempe
1985 2714 2072 2740 totas
2099 2708 2189 2742 vires

1262 2754 1561 2799 argumentationis
1587 2749 1744 2788 humanae
1767 2755 1802 2788 in
1827 2753 1977 2800 parvulis
2003 2754 2150 2802 perdunt
2177 2784 2185 2792 .

1261 2805 1352 2838 Nam
1388 2811 1425 2838 ut
1453 2804 1589 2837 interim
1615 2811 1743 2837 taceam
1765 2827 1776 2844 ‚
1810 2802 1903 2851 quod
1929 2815 1998 2838 non
2033 2804 2081 2840 est
2109 2818 2189 2852 prae·

1261 2862 1314 2887 ter
1339 2852 1500 2899 parvulos
1515 2875 1531 2893 -,
1558 2850 1743 2899 quamlibet
1769 2863 1925 2889 materno
1949 2863 2049 2890 utero
2075 2867 2188 2898 reccn7

1259 2902 1402 2939 tiffimos
1427 2915 1463 2937 ea
1489 2901 1678 2949 poena‚·-de
1703 2914 1769 2949 qua
1795 2902 1937 2950 loquens
1963 2903 2152 2951 Apostolus
2175 2929 2188 2947 ,

2330 2582 2337 2596 ι
2348 2583 2367 2602 Τ

2249 2613 2272 2642 V
2287 2615 2335 2642 11.

1258 2956 1327 2994 ait,
1353 2958 1418 2987 'Per
1442 2955 1532 2988 unius
1556 2950 1702 2987 deliffum
1728 2955 1759 2986 in
1783 2963 1891 2990 omnes,
1908 2953 2044 2988 homines
2069 2955 2111 2990 ad
2119 2966 2188 2991 con-.
2207 2962 2287 2993 Rom.
2307 2963 2381 2998 5.18

1257 3004 1505 3040 deminutionem
1530 3000 1618 3038 unde
1644 3013 1713 3036 non
1739 2999 1859 3036 liberat
1878 3001 1936 3036 nifi
1962 3015 2045 3039 unus
2065 3002 2186 3046 illede

1257 3064 1327 3100 quo
1353 3050 1442 3087 idem
1461 3054 1530 3093 ait,
1556 3057 1621 3086 ‘Per
1645 3054 1733 3086 unius
1756 3049 2004 3097 justificationem
2029 3056 2060 3088 in
2085 3066 2186 3098 omnes

1255 3102 1390 3139 homines
1415 3103 1457 3137 ad
1476 3098 1726 3148 justificationem
1743 3103 1822 3136 vim
1842 3114 1849 3135 ε
1876 3112 1913 3137 ut
1939 3114 2022 3149 ergo
2048 3100 2118 3138 hoc
2136 3107 2184 3140 in-

1255 3155 1356 3187 terim
1382 3155 1541 3187 omittam
1566 3176 1577 3193 ,
1602 3155 1636 3186 &
1663 3149 1731 3186 hoc
1758 3150 1867 3186 solum
1893 3151 1934 3186 de
1961 3152 2108 3199 parvulis
2133 3152 2183 3190 di-

1255 3213 1327 3239 cam
1349 3226 1361 3243 ,
1396 3201 1491 3249 quod
1518 3199 1576 3249 ipfi
1602 3213 1737 3248 quoque
1763 3203 1963 3237 auctoritate
1989 3202 2182 3249 evangelica.

1255 3254 1364 3288 territi
1384 3276 1396 3294 ,
1431 3251 1484 3286 vel
1512 3254 1624 3299 potius
1659 3249 1936 3287 Christianorum
1966 3253 2181 3299 populorum

1254 3301 1512 3337 concordissima
1532 3301 1610 3337 fidei
1637 3300 1885 3347 conspiratione
1905 3301 2086 3349 perfracti,
2111 3302 2182 3339 fine.

1252 3351 1320 3388 ulia
1336 3349 1550 3388 recusatione
1577 3351 1788 3391 concedunt,
1813 3350 1906 3397 quod
1926 3351 2034 3387 nullus
2053 3364 2178 3399 parvu-

1258 3402 1331 3444 lus,
1357 3401 1416 3436 nifi
1441 3411 1572 3437 renatus
1597 3415 1639 3436 ex
1666 3413 1748 3447 aqua
1774 3404 1807 3435 &
1834 3403 1959 3447 Spiritu
1977 3426 1988 3442 ‚
2014 3405 2116 3438 intrat
2141 3407 2178 3438 in

1258 3464 1396 3498 regnum
1417 3451 1578 3486 caelorum
1599 3466 1606 3485 :
1634 3463 1758 3497 quam,
1784 3449 1917 3496 quaeso,
1943 3450 2077 3487 allaturi
2102 3451 2176 3488 sunt

1257 3499 1417 3542 cauffarn‚
1443 3500 1536 3548 quod
1561 3501 1645 3536 alius
1671 3500 1712 3535 fic
1737 3498 1942 3547 gubernatur
1967 3512 2004 3536 ut
2030 3500 2177 3549 baptiza-

1256 3562 1309 3587 tus
1335 3549 1417 3586 hinc
1445 3560 1540 3586 exeat
1558 3575 1569 3592 ,
1605 3550 1688 3586 alius
1714 3548 1909 3593 infidelium*
1929 3551 2080 3587 manibus
2114 3562 2178 3593 trae

1257 3600 1344 3636 ditus
1366 3626 1377 3642 ,
1412 3600 1465 3636 vel
1491 3603 1592 3635 etiam
1630 3599 1780 3636 fidelium
1808 3603 1901 3646 prius
1935 3613 2035 3646 quam
2061 3599 2103 3637 ab
2132 3597 2179 3638 eis'

1256 3649 1476 3698 baptizandus
1505 3648 1695 3691 offeratur,
1727 3648 1904 3696 exspirat?
1939 3653 1996 3695 An
2030 3649 2099 3686 hoc
2135 3650 2180 3686 fa—

1257 3711 1294 3736 to
1323 3725 1335 3742 ,
1377 3699 1430 3735 vel
1465 3699 1608 3735 fortunae
1641 3698 1749 3735 daturi
1783 3697 1856 3735 sunt
1890 3699 1903 3733 ἓ
1937 3701 2019 3739 Non
2053 3703 2181 3748 opinor

1257 3763 1314 3786 eos
1339 3753 1372 3785 in
1407 3760 1532 3785 tantam
1558 3748 1760 3797 dementiam
1788 3758 2014 3796 prorupturos
2032 3775 2044 3792 ,
2079 3763 2181 3798 quan-

1260 3800 1516 3848 tulumcumque
1554 3811 1678 3836 nomen
1713 3797 1947 3837 Christianum
1982 3809 2106 3840 tenere>
2128 3813 2182 3836 cu-

1261 3854 1388 3899 pientes
1401 3877 1408 3885 .
1811 3889 1813 3892 ,
1834 3888 1837 3892 ,
2143 3874 2147 3878 -

1808 3899 1830 3937 b
1842 3898 1864 3936 b
2061 3902 2135 3936 Cur

2229 3049 2340 3084 Ibidem
2349 3075 2358 3084 .

2230 3181 2238 3203 1
