2652 4126
457 206 577 260 412

700 182 750 240 S.
837 181 1430 240 Paospnrzr

1514 173 2129 247 AqurrAN'r

451 291 571 332 runt,
602 278 705 338 apud
738 275 958 321 Seleuciam
988 270 1142 313 Isauriae
1172 271 1382 315 civitatem
1444 268 1562 326 usque
1585 267 1635 311 ad
1655 265 1829 310 nostram
1851 267 2093 312 memoriam
2108 267 2226 314 durat
2242 284 2381 316 exem·

352 342 371 366 ²
447 341 644 392 moritur,
675 352 782 380 anno
815 333 939 376 aetatis
970 338 985 355 ²
1015 331 1130 373 lxrv.
1158 329 1281 373 *Ossas'
1297 332 1379 388 ejus
1443 330 1580 387 plum.

442 398 493 440 ”in
526 413 669 441 urnam
703 408 863 440 auream
905 392 1099 443 conlata,
1137 391 1176 432 8<
1214 391 1257 432 in
1297 392 1384 436 foro

448 458 517 505 sub
557 460 742 504 columna
774 453 943 556 posita,
982 449 1158 507 solusque
1198 452 1382 495 omnium

792 529 811 556 e

443 517 554 563 intra
585 517 744 559 Urbem
815 513 946 574 pultus
978 509 1055 553 est.

504 576 827 623 ADRIANUS
875 574 970 615 XII.
1020 572 1211 629 regnavit
1262 573 1380 614 annis

442 649 543 677 xm.
587 636 670 678 Hic
711 635 860 677 Italicae
901 633 943 674 in
987 632 1189 689 Hispania
1228 644 1378 686 natus,

441 696 684 742 consobrinae
717 694 889 751 Trajani
921 691 1021 733 filius
1052 691 1149 735 fuit.

539 759 679 794 VERO
706 759 770 793 ET
797 755 1082 791 AUCURINO.

537 809 727 847 AVIOLA
753 808 818 844 ET
845 806 1017 841 PANSA.

439 862 442 865 ’
502 859 673 900 Senatus
694 855 922 910 Trajanum
953 854 996 894 in
1029 854 1141 895 Deos
1160 852 1306 908 refert,
1335 857 1374 897 8<

433 916 642 962 'Adrianus
672 916 826 972 reliqua
857 914 1101 956 tributorum
1131 913 1292 956 urbibus
1313 929 1374 957 re-

434 977 550 1021 laxat
568 1007 583 1030 ‚
621 976 771 1018 chartis
811 974 969 1032 publice
1008 972 1179 1015 incensis
1198 1003 1211 1025 ‚
1248 975 1370 1031 pluri·

433 1037 598 1094 mosque
629 1035 722 1095 ipfis
755 1034 915 1078 tributis
944 1033 1090 1076 liberos
1121 1032 1240 1075 facit.

494 1096 697 1139 Adrianus
717 1094 867 1152 Judaeos
877 1094 1012 1151 capit,
1041 1090 1211 1134 secundo
1230 1090 1370 1136 adver-

429 1155 491 1201 sus
523 1159 731 1199 Romanos
762 1154 1027 1197 rebellantes.

528 1218 771 1254 PATERNO
796 1218 861 1251 ET
887 1213 1194 1264 TORQUATO.

526 1267 817 1303 GLABRIONE
843 1267 910 1300 ET
934 1265 1234 1299 APRUNIANO

487 1317 645 1355 Bellum
677 1312 830 1369 gestum
861 1323 1002 1354 contra
1033 1313 1258 1354 Sarmatas.

484 1374 690 1414 Romanae.
725 1371 910 1414 Ecclesiae
952 1372 1030 1412 VI.
1072 1370 1366 1429 Episcopatum

326 1439 350 1473 b
423 1431 583 1489 suscipit
615 1431 827 1473 XISTUS
859 1430 876 1459 b
905 1430 1024 1474 annis
1058 1443 1124 1473 rx.

484 1489 743 1534 Alexandriae
787 1492 836 1533 V.
879 1489 1102 1548 Episcopus
1154 1489 1364 1535 ordinatur

419 1551 753 1650 JUstuISKSIATICO
773 1615 839 1651 ET
862 1614 1158 1658 QUINTILLIO
1171 1642 1180 1651 .

482 1663 694 1720 Cephisius
735 1664 877 1704 fluvius
919 1663 1154 1706 Eleusinam
1194 1661 1364 1710 inunda-

420 1720 505 1763 vit:
534 1737 653 1778 quem
687 1721 891 1765 Adrianus
922 1736 1049 1779 ponte
1081 1722 1327 1781 conjungens
1348 1757 1364 1780 ,

421 1781 602 1826 Athenis
633 1783 828 1836 hyemem
861 1784 1025 1838 exegit.

519 1844 659 1879 VERO
680 1845 745 1879 ET
765 1842 1014 1880 AMBIGUO.

518 1895 812 1932 GALLICANO
832 1895 897 1931 ET
918 1896 1134 1934 TITIANO
1147 1923 1157 1933 .

478 1941 734 1998 Jerosolymis
766 1942 853 2000 post
884 1944 1123 2002 Philippum
1154 1946 1357 1990 constitui-

418 2013 484 2043 tur
525 2003 574 2043 X.
618 2002 840 2058 Episcopus
881 2005 1064 2047 Seneca:
1107 2005 1193 2062 post
1234 2022 1356 2064 quem

415 2062 489 2102 XI.
520 2059 667 2115 justus:
697 2061 760 2104 cui
781 2060 955 2106 succedit
989 2066 1082 2108 XII.
1107 2066 1238 2107 Levi:
1270 2066 1356 2124 post

414 2133 535 2176 quem
557 2121 678 2161 XIII.
703 2121 885 2176 Ephres:
918 2124 1034 2163 XIV.
1059 2124 1230 2180 joseph:
1261 2128 1354 2167 XV.

413 2177 554 2236 Judas.
587 2179 649 2221 Hi
680 2193 821 2220 omnes
852 2178 970 2235 usque
1003 2182 1052 2223 ad
1081 2183 1355 2236 eversionem,

412 2251 538 2294 quam
588 2253 662 2296 per
702 2236 931 2281 Adrianum
972 2241 1190 2295 Jerusalem
1244 2241 1352 2298 passa

413 2296 494 2350 est,
523 2311 575 2339 ex
606 2297 920 2342 Circumcisione
954 2300 1148 2357 Episcopi
1190 2301 1355 2358 pra-’fue-

411 2368 529 2398 rant.

472 2419 611 2457 Terrae
642 2427 756 2458 motu
787 2417 1035 2457 Nicomedia
1067 2419 1170 2463 ruit,
1199 2417 1238 2453 6<
1270 2411 1350 2452 Ni-

409 2488 494 2517 caeae
525 2474 631 2514 urbis
663 2468 859 2527 plurima:
889 2471 939 2512 ad
969 2485 1136 2528 quarum
1158 2468 1349 2512 instaura-

407 2533 564 2575 tionem
597 2529 798 2574 Adrianus
828 2528 878 2571 de
909 2532 1072 2587 publico
1102 2529 1159 2572 est
1178 2530 1347 2587 largitus

407 2591 631 2651 impensas.

507 2653 791 2696 TORQUATO
810 2653 875 2688 ET
896 2653 1097 2688 LIBONE.

510 2705 661 2740 CELSO
681 2704 746 2737 ET
768 2703 1120 2738 MARCELLINO.

508 2753 770 2787 CATULINO
787 2753 853 2786 ET
875 2754 1028 2789 APRO.

511 2803 774 2838 PONTIANO
793 2803 858 2837 ET
878 2802 1087 2839 RUFINO.

474 2852 589 2896 Finis
611 2851 730 2904 Cycli
761 2852 911 2907 primi,
938 2853 979 2895 8<
1013 2853 1213 2911 sequentis
1233 2867 1348 2896 exor·

414 2913 546 2955 dium.

475 2969 705 3029 Quadratus
736 2970 946 3029 discipulus
969 2971 1279 3030 Apostolorum,
1307 2976 1349 3017 8<

414 3031 608 3077 Aristides
638 3030 768 3073 noster
799 3032 1060 3088 Philosophus
1080 3062 1093 3084 ‚
1124 3034 1246 3077 libros
1274 3049 1349 3091 pro

418 3089 650 3132 Christiana
680 3091 872 3146 religione
905 3091 1145 3148 compositos
1164 3093 1346 3137 edidere.

476 3151 643 3191 Serenus
676 3151 847 3190 Granius
878 3151 941 3190 vir
972 3152 1157 3207 apprime
1178 3153 1349 3208 nobilis,

416 3209 569 3253 litteras
608 3207 656 3250 ad
698 3210 990 3265 Imperatorem
1038 3211 1179 3265 misit,
1217 3213 1347 3270 iniqu·

414 3283 483 3309 um
515 3266 588 3310 esse
627 3266 761 3310 dicens
801 3269 1037 3312 clamoribus
1078 3272 1188 3329 vulgi
1228 3274 1345 3315 inno-

415 3328 594 3370 centium
626 3328 839 3370 hominum
869 3328 1105 3386 sanguinem
1145 3333 1345 3387 concedi,

416 3388 455 3428 &
486 3387 565 3428 sine
598 3387 677 3428 ullo
708 3388 899 3441 crimine,
930 3390 1105 3432 nominis
1125 3404 1285 3436 tantum
1305 3395 1344 3437 8<

415 3445 525 3489 secia·
546 3461 631 3490 reos
651 3445 757 3489 fieri.
790 3449 946 3506 Quibus
966 3464 1187 3495 commotus
1199 3453 1343 3495 Adria-

415 3518 512 3558 nus,
544 3506 727 3549 Minucio
760 3507 955 3551 Fundano
988 3511 1212 3554 Proconsuli
1244 3512 1344 3556 Afiae

416 3563 573 3618 scribit,
605 3567 698 3609 Sine
729 3568 882 3625 obje6’tu
911 3570 1128 3615 criminum
1151 3572 1344 3617 Christia-

417 3635 488 3666 nos
518 3638 599 3667 non
630 3626 973 3671 condemnandos.
1008 3630 1130 3687 Cujus
1170 3631 1341 3691 epistolae

1543 390 1813 427 AUCURINO
1833 390 1898 426 ET
1919 391 2200 430 SERGIANor

1543 441 1752 478 TIBERIQ
1768 442 1835 477 ET
1854 442 2030 478 SILANO
2041 467 2050 477 .

1503 491 1646 531 Romae
1679 491 1777 556 VII.
1809 488 2030 552 Episcopus
2058 469 2265 536 ordinatur
2293 494 2379 536 Te-

1439 548 1792 653 lesi'xhn‘iifchffiffis
1809 563 1994 652 {gilefiae
2035 612 2113 653 IV.
2162 611 2379 669 preficitur

1437 669 1650 712 Cornelius
1664 698 1675 710 .

1534 731 1788 767 SERGIANO
1808 730 1853 764 11.
1872 730 1938 767 ET
1957 732 2118 770 VERO.

1532 781 1820 817 POMPEIANO
1839 781 1904 817 ET
1923 783 2187 822 ATILIANOE

1493 829 1783 873 Alexandrinae
1805 829 1990 872 Ecclefiae
2020 834 2099 875 VI.
2129 832 2268 891 praeest
2291 835 2375 878 Eu-·

1432 902 1571 933 menes
1583 921 1594 933 υ

1531 953 1821 990 ΡΟΜΡΕῘΑΝΟ
1838 954 1885 988 Π.
1905 954 1971 988 ET
1989 956 2275 993 COMMOD0·.

1528 1003 1681 1040 LAELIO
1700 1005 1766 1040 ET
1784 1003 1989 1040 ALBINO.

1489 1050 1610 1107 Judaei
1641 1052 1682 1093 in
1714 1066 1827 1094 arma
1866 1053 1966 1095 versi
1987 1084 2000 1108 ,
2033 1054 2275 1098 Palestinam
2305 1054 2374 1100 de-

1431 1112 1617 1168 populati
1648 1110 1761 1165 sunt,
1791 1124 1959 1155 tenente
1990 1115 2247 1170 provinciam
2279 1118 2372 1158 Tae-

1431 1171 1500 1214 nio
1533 1171 1674 1213 Rufo:
1704 1172 1768 1214 cui
1799 1171 1848 1213 ad
1879 1173 2168 1230 opprimendos
2197 1175 2368 1220 rebelles

1426 1229 1630 1274 Adrianus
1662 1231 1771 1274 misit
1801 1233 2047 1276 exercitum.

1525 1292 1795 1333 CAMERINO
1813 1295 1880 1331 ET
1899 1294 2063 1333 NIGRO
2074 1301 2086 1331 .’

1488 1341 1677 1386 Bafilides
1707 1342 1984 1385 haerefiarches
2023 1342 2069 1386 in
2112 1344 2368 1391 Alexandria

1426 1414 1722 1456 commoratur,
1753 1417 1777 1445 a
1807 1417 1886 1461 quo
1920 1402 2125 1446 Gnostici.
2167 1406 2262 1447 Hoc
2301 1421 2369 1449 au-

1425 1473 1510 1504 tem
1545 1461 1732 1506 Basilides
1762 1461 1933 1505 distabat
1964 1478 1988 1506 a
2009 1464 2185 1507 Simonis
2204 1463 2370 1523 dogma-

1424 1531 1465 1563 te
1486 1551 1500 1574 ,
1539 1521 1645 1581 quod
1688 1523 1840 1572 ccclxv,
1883 1523 1995 1567 caelos
2037 1524 2112 1567 esse
2145 1523 2335 1571 credebat
2353 1557 2370 1583 ,

1426 1596 1505 1639 quo
1546 1596 1715 1626 numero
1754 1580 1911 1626 dierum
1953 1598 2081 1627 annus
2113 1584 2333 1630 includitur
2352 1618 2368 1631 .

1425 1639 1551 1684 Unde
1583 1642 1708 1685 etiam
1740 1643 1846 1700 quasi
1876 1642 2056 1686 sane‘ium
2087 1659 2238 1689 nomen
2258 1662 2368 1692 com-

1423 1701 1667 1757 mendabat,
1697 1702 1802 1761 quod
1833 1701 1889 1745 est
1919 1706 2199 1748 ABRAXAS
2218 1737 2232 1761 ‚
2270 1709 2367 1765 quia

1421 1762 1537 1819 hujus
1569 1763 1747 1808 nominis
1778 1763 1945 1818 litterae,
1975 1763 2191 1808 secundum
2221 1766 2366 1826 suppuq

1422 1824 1623 1867 tationem
1664 1826 1846 1868 Graecam
1867 1854 1881 1878 ‚
1919 1823 2108 1868 eumdem
2149 1838 2366 1877 numerum

1420 1884 1654 1941 complent.
1688 1883 1870 1927 Gnostici
1902 1897 2039 1928 autem
2071 1899 2095 1928 a
2115 1886 2363 1945 praesumtio,->

1418 1958 1471 1987 ne
1503 1945 1802 1989 excellentioris
1821 1945 1994 1988 scientiae
2015 1948 2220 1990 nominati
2250 1948 2365 2004 sunt,
2402 1958 2405 1960 ‘

1418 2019 1515 2063 quos
1546 2004 1710 2062 quidam
1724 2005 1956 2048 Borboritas
1967 2019 2119 2048 vocant
2128 2035 2144 2058 ,
2172 2008 2280 2062 quasi
2291 2023 2363 2049 cae-

1418 2064 1621 2119 nosos,pro
1622 2075 1716 2119 pter
1734 2064 1907 2104 nimiam
1918 2061 2228 2118 turpitudinem,
2236 2079 2362 2121 quam

1416 2123 1460 2163 in
1483 2121 1559 2163 suis
1579 2120 1779 2175 mysteriis
1799 2134 1987 2162 exercere
2009 2119 2221 2164 dicuntur.
2254 2127 2361 2168 Tra·

1415 2179 1515 2222 dunt
1544 2191 1680 2222 autem
1720 2179 2009 2222 fabulosissimis
2050 2180 2245 2238 dogmata.
2273 2185 2360 2240 ple-

1415 2253 1469 2282 na
1519 2237 1757 2296 figmentis.
1801 2240 2049 2281 Animarum
2096 2240 2362 2286 substantiam
2398 2256 2405 2259 ”

1416 2297 1556 2339 dicunt
1599 2299 1681 2338 Dei
1712 2297 1787 2338 esse
1819 2310 2040 2339 naturam:
2082 2299 2222 2339 Deum
2261 2313 2359 2356 quo-

1413 2369 1490 2405 que
1541 2355 1691 2390 bonum
1741 2355 1781 2389 &
1822 2356 1961 2391 Deum
2001 2351 2157 2396 malum
2194 2356 2240 2398 in
2287 2356 2357 2402 sua

1410 2406 1681 2463 perhibentur
1710 2405 1861 2450 habere
1892 2407 2097 2454 doarina.

1472 2466 1748 2509 Barcochebas
1778 2467 1860 2511 dux
1891 2468 2142 2526 judaeorum,
2167 2476 2356 2521 nolentes

1408 2526 1480 2568 sibi
1520 2525 1706 2569 adversus
1717 2529 1952 2571 Romanurn
1965 2531 2139 2575 militem
2150 2532 2256 2579 ferre
2267 2537 2354 2580 sub·

1407 2586 1451 2639 fi,
1461 2585 1570 2628 dium
1582 2587 1828 2630 omnimodis
1837 2589 2074 2634 cruciatibus
2087 2607 2205 2638 necat
2215 2626 2226 2636 .
2261 2598 2354 2640 Bel-

1409 2647 1494 2689 lum
1514 2646 1747 2704 Judaicum‚
1779 2647 1883 2705 quod
1914 2650 1957 2690 in
1970 2650 2168 2696 Palestina
2187 2657 2353 2712 gereba-

1409 2718 1498 2760 tur,
1528 2706 1650 2749 finem
1663 2707 1776 2749 rebus
1808 2706 2023 2765 Judeorum
2042 2712 2175 2768 posuit
2184 2716 2353 2772 penitus

1409 2767 1621 2823 oppressis.
1655 2768 1722 2808 Ex
1753 2782 1831 2823 quo
1863 2780 2046 2825 tempore
2065 2773 2191 2814 etiam
2221 2775 2348 2817 intro-

1408 2825 1531 2868 eundi
1572 2827 1627 2868 eis
1667 2826 1957 2882 jerosolymam
1997 2829 2163 2873 licentia
2210 2833 2348 2877 ablata

1407 2885 1486 2942 est3
1518 2886 1696 2943 primum
1728 2887 1812 2928 Dei
1843 2899 1944 2929 nutu
1963 2917 1977 2941 ‚
2006 2888 2103 2933 ficut
2133 2892 2347 2950 Prophetae

1407 2946 1622 2988 vaticinati
1654 2944 1768 2999 sunt,
1797 2944 1943 2989 deinde
1975 2949 2256 2996 Romanorum
2282 2955 2348 2997 in·-

1408 3004 1712 3048 terdinfiionibus
1723 3036 1733 3047 .

1504 3068 1778 3104 ANTONINO
1799 3070 1866 3105 ET
1887 3071 2169 3111 PRAESENTE;

1468 3115 1722 3173 Jerosolymis
1752 3118 1905 3174 primus
1935 3133 1987 3161 ex
2025 3124 2213 3178 gentibus
2251 3134 2346 3169 con·¹

1409 3175 1584 3218 stituitur
1615 3175 1838 3233 Episcopus
1870 3180 2034 3222 Marcus
2054 3213 2068 3236 ,
2107 3183 2346 3230 cessantibus

1405 3236 1468 3278 his
1498 3236 1564 3292 qui
1596 3234 1754 3277 fuerant
1776 3251 1826 3278 ex
1857 3236 2020 3293 Judaeis.
2102 3244 2104 3246 ’

1501 3297 1772 3333 ΑΝΤΟΝΙΝΟ
1789 3301 1834 3334 II.
1856 3300 1922 3335 ET
1941 3302 2202 3343 PRAESENTE
2218 3309 2264 3345 11.

1503 3347 1695 3383 SEVERO
1716 3349 1783 3383 ET
1801 3350 2033 3387 SILVANO.

1465 3395 1576 3438 AElia
1607 3396 1657 3436 ab
1690 3397 1803 3439 AElio
1837 3397 2022 3442 Adriano
2053 3403 2216 3448 condita
2255 3405 2345 3461 est,

1404 3454 1442 3494 8(
1472 3454 1515 3494 in
1546 3453 1680 3497 fronte
1711 3455 1792 3511 ejus
1823 3470 1947 3514 portae
1965 3489 1979 3513 ,
2017 3476 2096 3520 qua
2128 3465 2343 3509 Bethleem

1403 3512 1665 3569 egredimur,
1702 3513 1761 3557 sus
1801 3515 1973 3576 sculptus
2012 3521 2057 3563 in
2107 3538 2340 3578 marmore,

1405 3571 1627 3690 ssgpificans
1669 3576 1865 3622 Romana:
1905 3579 2094 3638 potestati
2141 3584 2340 3640 subjacere

1430 3647 1454 3673 u
1482 3647 1578 3675 aeos.

2135 3698 2282 3745 Adria-

455 3764 473 3784 ι
494 3755 531 3786 In
552 3756 664 3787 chron.
685 3758 801 3790 Eusebii
823 3763 892 3808 edit..
913 3762 1110 3832 liunt-&Min
1132 3765 1341 3800 duobusCoib.
1361 3765 1411 3806 63·
1433 3765 1500 3799 Mss-
1523 3775 1597 3804 tres,
1619 3778 1669 3809 73.

889 3813 901 3832 5
942 3816 969 3835 0·

456 3794 476 3824 b
496 3797 532 3828 In
553 3795 670 3829 Eusebii
690 3799 799 3831 Chrou.
819 3812 885 3832 anm
