2652 4126
513 276 593 321 ET
634 260 901 320 HisTOR·
940 260 1229 321 SEM1PEL.
1271 276 1490 323 LUCEM
1535 277 1905 325 AFFERUNT.

272 366 516 394 convertentur
541 384 550 392 .
583 359 635 393 Sic
668 360 759 392 enim
796 356 923 393 sactum
951 355 998 394 est
1025 382 1038 400 ‚
1072 358 1204 394 Fratres

271 411 340 443 mei
360 421 371 443 ε
395 410 523 455 accepit
541 403 654 442 homo
671 419 796 454 corpus
814 416 986 454 tamquam
1007 410 1042 444 in
1067 406 1205 444 {amula-

271 466 369 500 tum,
395 460 511 494 Deum
531 461 643 492 autem
664 457 860 493 Dominum
886 455 1013 493 habens
1033 483 1044 500 ,
1071 456 1204 494 servum

270 519 398 555 corpus
417 532 430 550 ,
455 504 579 544 habens
599 503 695 554 supra
727 506 757 542 {e
777 506 1007 543 Conditorem
1028 532 1039 549 ,
1066 508 1151 544 infra
1172 507 1203 544 se

269 556 366 604 quod
387 556 447 594 {hb
465 556 528 592 illo
557 555 734 592 conditum
755 555 804 592 est
826 569 838 596 ;
864 559 898 592 in
919 555 1035 593 medio
1053 557 1202 605 quodam

271 606 353 643 loco
372 605 542 643 rationalis
567 609 677 642 anima
704 605 885 643 constituta
906 631 918 648 ,
943 606 1053 654 legem
1071 611 1201 656 aceepit

268 655 398 693 haerere
429 655 627 704 superiori,
661 668 775 703 regere
803 656 1001 692 inferiorem
1020 685 1027 693 .
1065 661 1199 706 Regere

268 718 340 742 non
369 705 478 755 potest
499 704 694 742 inferiorem
715 732 727 749 ,
753 705 812 742 nifi
840 718 974 754 regatur
999 721 1017 743 a
1036 707 1198 744 meliore.

269 755 441 793 Trahitur
458 755 501 792 ab
522 755 706 799 inferiore,
731 755 875 792 deseruit
895 769 978 804 ergo
1000 753 1208 795 meliorem.v

267 808 353 842 Non
372 805 484 854 potest
511 817 625 852 regere
642 806 737 854 quod
757 805 891 854 regebat
910 832 922 849 ,
946 810 1112 854 quiaregi
1139 821 1199 844 no-

267 854 331 892 luit
349 869 367 891 a
387 868 458 903 quo
479 854 655 903 regebatur
674 882 683 892 .
719 855 833 892 Modo
861 869 944 903 ergo
966 857 1075 893 redeat
1094 883 1106 900 ,
1132 857 1198 894 lau-

265 905 324 941 det
342 933 350 941 .
378 905 570 943 Confilium
590 904 649 942 slbi
677 919 719 942 ex
739 906 813 942 luce
835 908 901 942 Dei
927 906 983 942 dat
1002 906 1068 955 ipsa
1087 911 1198 944 anima

265 968 328 1003 per
356 955 557 993 rationalem
588 966 736 992 mentem
756 982 767 998 ,
793 955 881 992 unde
912 959 1062 1005 concipit
1096 957 1202 993 consi-

264 1005 352 1043 lium
381 1005 490 1043 fixum
509 1009 543 1042 in
562 1009 745 1043 aeternitate
763 1007 912 1043 auetoris
932 1005 979 1042 sui
999 1034 1007 1042 .
1034 1010 1132 1054 Legit
1154 1007 1199 1044 ibi

221 1054 227 1059 ’
263 1055 429 1142 ἓυίἀάειῐιι
456 1055 671 1092 tremendum
690 1082 702 1098 ,
727 1054 930 1092 laudandum
957 1081 969 1098 ‚
993 1057 1196 1100 amandum,

57 1665 132 1706 vers:
154 1674 178 1697 Ι.

289 1105 517 1142 esiderandum
547 1110 581 1143 &
601 1106 860 1154 appetendum:
887 1105 1037 1142 nondum
1066 1118 1156 1143 tenet
1183 1133 1195 1149 ,

263 1154 418 1193 nondum
437 1158 527 1204 capit
548 1168 561 1195 ‚-
585 1155 837 1192 corruscatione
865 1156 1007 1203 quadam
1036 1156 1195 1205 perstrin-

262 1209 377 1252 gitur,
403 1218 473 1242 non
491 1204 539 1242 est
559 1216 628 1242 tam
647 1205 756 1243 valida
778 1217 816 1242 ut
832 1216 963 1242 maneat
985 1206 1051 1243 ibi.
1077 1210 1195 1254 Itaque

261 1255 399 1303 colligit
426 1255 457 1291 se
485 1254 527 1292 ad
563 1255 737 1293 sanitatem
766 1254 947 1304 quamdam
972 1282 984 1299 ,
1019 1261 1053 1293 ει
1081 1256 1196 1300 dicit,

262 1306 375 1343 Lauda
393 1310 498 1342 anima
516 1317 587 1342 mea
607 1310 777 1344 Dominum
791 1330 800 1339 -

310 1477 365 1510 Er
395 1476 588 1511 enarratione
613 1472 748 1520 ejusdem
773 1477 806 1510 in
822 1473 986 1517 ‘Psalmum
1011 1479 1145 1512 CXLVI.

515 1521 600 1567 vers.
626 1534 655 1558 1.
675 1535 760 1560 num.
786 1535 813 1558 ι.
835 1525 878 1560 &⁴
898 1535 929 1558 22.

261 1657 409 1745 HIc
428 1670 513 1706 ergo
537 1657 622 1706 quid
647 1655 746 1694 nobis
765 1657 980 1706 propositum
1007 1658 1085 1695 est?
1110 1666 1195 1696 Lau·

395 1708 469 1743 date
489 1733 501 1750 ,
536 1711 647 1756 inquit
668 1733 680 1750 ‚
705 1712 873 1745 Dominum
893 1736 900 1744 .
941 1713 1056 1755 Quare
1082 1708 1194 1746 laude·

257 1767 334 1792 mus
357 1759 576 1794 Dominum?
600 1761 757 1810 ,Quoniam
768 1758 860 1795 bonus
869 1758 910 1802 est
929 1759 1092 1802 Psalmus.
1119 1758 1194 1807 Ipse

256 1804 402 1854 psalmus
431 1807 500 1845 laus
520 1810 667 1845 Domini
686 1807 734 1843 est
754 1836 762 1843 .
790 1810 871 1846 Hoc
897 1821 980 1856 ergo
1005 1811 1051 1844 ait
1070 1834 1083 1851 ‚
1107 1812 1195 1846 Lau-

254 1855 333 1892 date
361 1858 555 1902 Dominum
576 1883 588 1900 ,
623 1862 787 1904 quoniam
816 1857 947 1895 bonum
980 1857 1028 1895 est
1057 1858 1193 1895 laudate

254 1907 451 1944 Dominum
477 1935 485 1942 .
522 1910 605 1944 Non
624 1907 667 1943 fic
694 1918 930 1956 praetereamus
960 1907 1094 1945 laudare
1114 1911 1188 1945 Do·

252 1959 386 1992 minum
408 1984 415 1992 .
444 1958 590 1994 Didium
609 1956 658 1994 est
684 1983 696 1999 ,
721 1962 756 1994 &
773 1958 901 1995 tranfiit
921 1973 931 1996 3
966 1959 1092 1995 fae'tum
1113 1958 1160 1995 est
1174 1985 1186 2001 ,

251 2009 287 2042 δε
307 2005 455 2043 {iluimus
474 2021 483 2044 ς
508 2007 719 2044 laudavimus
739 2033 750 2051 ,
777 2012 812 2045 δε
830 2012 1014 2050 tacuimus;
1040 2012 1187 2044 cantavi-

250 2067 326 2092 mus
353 2081 365 2098 ,
399 2062 434 2094 δε
462 2061 724 2105 conquievimus
751 2085 759 2093 .
795 2062 888 2095 Imus
918 2062 951 2095 in
978 2058 1070 2094 aliud
1095 2058 1185 2094 forte

249 2105 418 2151 agendum
437 2105 532 2152 quod
553 2105 653 2141 restat
673 2131 684 2146 ‚
710 2112 743 2142 δι
762 2107 834 2144 aliae
852 2110 1003 2144 astiones
1027 2116 1105 2144 cum
1131 2121 1188 2144 oc-

248 2157 420 2190 currerint
440 2152 539 2189 nobis
560 2177 572 2193 ,
599 2153 750 2188 laudatio
769 2155 882 2191 divina
911 2157 1043 2194 ceffabit
1072 2162 1107 2194 in
1128 2171 1188 2194 no-

249 2202 330 2241 bis?
354 2207 437 2240 Non
457 2202 500 2239 fic
525 2217 534 2237 ε
574 2213 651 2236 nam
681 2200 793 2248 lingua
810 2212 867 2237 tua
898 2204 941 2237 ad
973 2204 1097 2239 horam
1118 2206 1186 2242 lau-

249 2252 308 2286 dat
326 2275 340 2292 ,
370 2255 440 2288 vita
457 2263 515 2288 tua
533 2250 664 2298 semper
687 2249 800 2287 laudet
821 2278 830 2287 .
858 2250 942 2287 Inde
964 2264 1047 2300 ergo
1075 2251 1184 2289 bonus

250 2298 401 2338 Psalmus
415 2327 423 2336 .
668 2300 671 2302 ’

301 2348 450 2387 psalmus
468 2352 596 2398 quippe
612 2360 728 2387 cantus
747 2349 818 2393 est,
844 2363 914 2387 non
935 2350 1077 2400 quilibet
1089 2376 1101 2393 ‚
1128 2352 1184 2388 sed

250 2398 294 2437 ad
314 2398 506 2447 psalterium
528 2424 537 2433 -
564 2398 762 2437 Plalter‘ium
790 2412 903 2437 autem
930 2401 1104 2449 quoddam
1128 2414 1183 2437 or-

249 2461 376 2498 ganum
394 2448 442 2486 est
459 2449 656 2495 cantilenae,
678 2449 760 2485 ficut
779 2449 857 2494 lyra
875 2475 888 2492 ,
913 2450 994 2485 sicut
1014 2449 1190 2495 cythara,

248 2504 286 2536 δι
304 2498 500 2544 huiusmodi
519 2510 645 2546 organa
665 2522 677 2540 ,
703 2510 778 2546 quae
797 2501 933 2534 inventa
954 2498 1028 2534 sunt
1046 2498 1087 2534 ad
1106 2511 1182 2534 can-

249 2549 423 2586 tandumi.
450 2551 522 2594 Qui
541 2559 625 2594 ergo
643 2546 752 2596 psallit
770 2571 783 2590 ,
807 2559 877 2582 non
905 2546 974 2583 sola
994 2560 1079 2583 voce
1099 2546 1181 2594 pial-

250 2599 292 2636 lit
313 2624 326 2642 ,
351 2598 405 2635 sed
422 2597 589 2647 ass'umpto
607 2601 709 2633 etiam
728 2595 877 2644 quodam
897 2609 1028 2644 organo
1047 2622 1059 2639 ‚
1085 2596 1179 2644 quod

251 2659 396 2686 vocatur
413 2648 605 2698 psalterium
626 2672 638 2689 ,
662 2645 895 2683 accedentibus
923 2645 1076 2682 manibus
1097 2649 1178 2682 voci

250 2698 438 2736 concordat
457 2726 465 2734 .
491 2701 555 2735 Vis
572 2709 656 2744 ergo
674 2696 813 2746 psallere
832 2697 845 2732 ἓ
871 2699 952 2732 Non
970 2695 1079 2733 solum
1106 2709 1178 2732 vox

250 2760 307 2786 tua
325 2748 419 2786 sonet
436 2747 548 2785 laudes
566 2750 634 2784 Dei
653 2772 666 2790 ‚
692 2746 746 2783 [εά
768 2759 872 2794 opera
891 2757 947 2782 tua
967 2746 1178 2782 concordent

249 2812 328 2836 cum
349 2812 436 2836 voce
453 2809 528 2835 tua.
553 2801 648 2834 Cum
671 2809 755 2844 ergo
774 2809 860 2832 voce
878 2799 1084 2838 cantaveris,
1110 2796 1180 2832 file-

250 2849 303 2886 bis
320 2848 501 2898 aliquando
521 2862 529 2883 :
556 2851 626 2884 vita
653 2846 695 2882 fic
716 2857 810 2882 canta
833 2871 845 2888 ,
870 2856 908 2882 ut
938 2858 1122 2894 numquam
1144 2846 1180 2881 fi-

212 2893 216 2897 *
250 2900 336 2936 leas.
363 2902 552 2946 Negotium
571 2901 660 2944 agis,
686 2901 720 2933 &
739 2894 890 2933 fraudem
909 2899 1038 2942 cogitas
1057 2909 1067 2934 5
1093 2895 1180 2932 filui-

65 3546 87 3568 ι-
100 3538 163 3567 Cor.
175 3544 221 3566 ιο.

65 3586 114 3615 3¹·

252 2949 294 2986 sti
322 2963 339 2985 a
361 2949 457 2986 laude
478 2951 544 2984 Dei
565 2961 573 2982 ε
600 2951 633 2984 &
653 2945 748 2994 quod
777 2949 913 2994 gravius·
933 2945 981 2982 est
1002 2970 1014 2988 ,
1039 2958 1108 2981 non
1130 2945 1179 2981 so-

251 2999 324 3036 lum
346 3013 363 3036 a
382 2998 479 3035 laude
499 2996 614 3034 siluisti
635 3022 647 3039 ,
672 2996 726 3032 sed
747 3000 780 3032 in
803 2994 1047 3044 blasphemiam
1067 3008 1178 3043 perre-

252 3048 334 3085 xisti
353 3077 362 3085 .
389 3053 480 3087 Cum
499 3051 589 3084 enim
611 3049 704 3083 Deus
722 3045 874 3082 laudatur
898 3045 940 3082 de
960 3044 1054 3082 bono
1074 3058 1178 3092 opere

252 3109 338 3140 tuo,
363 3111 467 3146 opere
488 3109 550 3134 tuo
566 3096 681 3133 ‘laudas
700 3098 815 3132 Deum
837 3109 847 3133 ε
874 3099 1007 3132 &cum
1028 3093 1179 3142 blasphe-

253 3158 367 3184 matur
388 3150 481 3183 Deus
500 3147 542 3183 de
561 3146 653 3182 malo
671 3158 775 3194 opere
791 3156 876 3187 tue,
902 3158 1005 3193 opere
1016 3156 1077 3180 tuo
1099 3144 1181 3181 blas-

254 3196 395 3247 phemas
414 3199 547 3233 Deum.
575 3199 691 3244 Itaque
700 3195 741 3231 ad
750 3199 881 3231 aurium
900 3193 1179 3231 exhortationem

254 3259 352 3284 canta
377 3260 462 3283 voce
489 3260 498 3282 ε
522 3245 626 3282 corde
654 3259 695 3281 ne
723 3245 811 3281 sileas
839 3270 849 3286 ,
877 3248 945 3282 vita
973 3258 1013 3280 ne
1045 3255 1150 3280 taceas
1172 3271 1180 3279 .

254 3301 339 3335 Non
368 3301 495 3344 cogitas
517 3299 550 3331 in
580 3299 719 3342 negotio
738 3294 889 3331 fraudem
909 3319 920 3337 ‚
945 3294 1056 3343 psallis
1083 3296 1180 3330 Deo.

255 3351 348 3384 Cum
369 3346 545 3382 manducas
572 3349 606 3381 δε
632 3343 718 3381 bibis
737 3370 748 3386 ,
775 3344 875 3393 psalle
895 3357 908 3383 3
934 3357 1003 3380 non
1032 3347 1182 3380 intermi-

255 3396 379 3433 scendo
406 3396 568 3432 sonorum
595 3394 769 3431 suavitates
796 3394 837 3430 ad
858 3407 952 3430 aures
970 3405 1061 3442 aptas
1079 3420 1091 3436 ‚
1126 3393 1182 3429 sed

257 3445 409 3482 modeste
428 3450 462 3481 δι
490 3444 663 3492 frugaliter
683 3449 718 3480 &
735 3454 962 3492 temperanter
982 3443 1181 3480 manducan-

257 3496 306 3531 do
332 3500 366 3532 δι
385 3494 551 3531 bibendo.
579 3497 670 3539 Quia
697 3492 766 3530 hoc
794 3495 878 3530 dicit
898 3492 1085 3542 Apostolus
1103 3521 1111 3529 .
1137 3497 1183 3530 Si—

258 3559 301 3581 ve
321 3544 527 3582 manducatis
547 3569 559 3586 ,
584 3543 649 3579 five
669 3542 783 3579 bibitis
805 3569 816 3586 ,
842 3544 907 3579 five
935 3543 1018 3591 quid
1039 3543 1144 3579 facitis
1170 3568 1183 3585 ‚

259 3598 376 3632 omnia
395 3599 427 3630 in
446 3594 591 3642 gloriam
613 3596 679 3629 Dei
698 3592 814 3628 facite.
841 3596 874 3629 Si
894 3606 976 3640 ergo
995 3592 1079 3629 bene
1100 3596 1188 3640 agis,

260 3644 354 3694 quod
383 3648 416 3680 &
434 3644 612 3680 manducas
632 3647 665 3679 δι
694 3641 781 3678 bibis
801 3667 812 3684 ‚
847 3647 880 3678 &
898 3643 939 3678 ad
967 3643 1188 3678 refeffionem

258 3699 417 3743 corporis
443 3693 542 3730 sumis
571 3695 884 3740 reparationemque
911 3691 1146 3728 membrorum
1173 3716 1187 3733 ,

259 3749 381 3793 gratias
399 3744 496 3789 agens
523 3746 555 3778 ei
573 3745 631 3789 qui
650 3740 711 3777 tibi
739 3740 881 3788 praebuit
908 3742 1046 3778 mortali
1067 3746 1100 3778 &
1123 3741 1186 3776 fra-

239 3795 321 3842 ‘gili
337 3794 396 3831 ista
425 3792 738 3841 supplementorum
758 3790 900 3828 solatias
925 3795 959 3828 &
987 3790 1080 3828 cibus
1109 3801 1186 3826 tuus

259 3849 295 3882 δι
316 3855 416 3893 potus
434 3854 510 3879 tuus
528 3841 639 3879 laudat
661 3844 795 3879 Deum:
821 3839 845 3877 [ι
864 3853 948 3877 vcro
967 3840 1108 3881 modum
1131 3853 1186 3876 na-

354 3901 387 3932 S.
412 3892 576 3940 Prosperi.
876 3910 880 3915 -

2078 289 2185 343 235

1265 369 1348 395 turae
1378 358 1531 397 debitum
1561 360 1844 398 immoderatione
1880 364 2072 398 voracitatis
2098 377 2193 401 exce—

1264 408 1342 452 das,
1369 413 1401 445 &
1415 409 1599 446 vinolentia
1611 422 1644 446 te
1659 414 1860 459 ingurgites3
1886 411 2107 460 quantaslibet
2127 414 2195 450 lau-

1264 457 1320 494 des
1344 462 1410 495 Dei
1431 459 1543 506 lingua
1564 471 1619 496 tua
1638 460 1731 497 sonet
1745 487 1757 504 ‚
1782 465 1851 498 vita
1862 459 2090 510 blasphemat.
2115 463 2194 500 1³0st

1262 508 1377 545 cibum
1397 513 1431 545 &
1453 520 1574 556 potum
1593 511 1789 558 requiesci5‚
1814 523 1852 549 ut
1873 509 2022 548 dormias
2042 514 2067 550 3'
2080 524 2141 548 nec
2160 516 2193 549 in

1262 558 1353 595 lecto
1384 559 1511 607 aliquid
1538 564 1683 608 turpiter
1711 574 1784 609 agas
1811 587 1823 604 ,
1857 575 1917 598 nec
1946 560 2085 598 excedas
2104 562 2194 599 ultra

1261 605 1446 645 conceffam
1466 609 1635 646 licentiam
1657 614 1691 646 in
1714 611 1778 657 legi
1797 614 1864 648 Dei
1885 626 1894 647 :
1931 610 1968 647 fit
1988 610 2094 648 castus
2113 625 2192 648 cum

1259 659 1401 706 conjuge
1426 657 1549 695 thorus
1576 672 1588 698 ,-
1612 664 1646 697 &
1665 660 1686 696 fi
1707 660 1756 697 est
1776 671 1854 698 cura
1883 661 2090 710 propagandi
2112 661 2193 698 libe-

1259 721 1339 750 ros,
1366 720 1434 744 non
1455 709 1493 745 fit
1511 707 1668 746 effrenata
1693 710 1842 748 luxuries
1867 711 2068 748 libidinum:
2096 711 2189 751 defer

1258 760 1292 794 in
1312 758 1402 794 lecto
1420 769 1482 796 tuo
1501 761 1636 806 coniugi
1658 770 1726 796 tuae.
1743 786 1755 804 ‚
1792 764 1868 808 quia
1888 760 2038 798 membra
2057 759 2190 798 Christi

1258 807 1335 844 estis
1355 807 1480 852 ambo,
1505 808 1608 845 ambo
1633 809 1750 847 abillo
1766 811 1917 853 conditi,
1943 810 2044 847 ambo
2064 810 2190 859 sangui·

1258 871 1299 893 ne
1330 858 1425 906 ipfius
1457 863 1600 907 reparati
1627 885 1633 893 -
1670 864 1753 897 l-laec
1778 874 1875 909 agens
1905 861 2017 897 laudas
2038 863 2153 897 Deum
2178 887 2191 903 ,

1258 920 1318 943 nec
1339 911 1483 944 omnino
1503 908 1610 945 filebit
1634 910 1782 947 laudatio
1801 922 1875 947 tua.
1902 911 1996 958 Quid
2015 923 2092 946 cum
2104 909 2190 946 som—

1258 970 1318 994 nus
1343 957 1517 994 advenerit
1535 962 1547 994 ?
1573 962 1617 994 Et
1635 973 1712 996 cum
1734 961 1863 997 dormis
1886 986 1899 1003 ,
1924 974 1993 996 non
2011 971 2043 996 te
2063 964 2188 997 excitet

1258 1020 1276 1043 a
1305 1011 1419 1054 quiete
1449 1008 1535 1044 mala
1561 1008 1764 1045 conscientia
1795 1021 1851 1046 tua
1885 1036 1897 1052 ‚
1937 1015 1971 1047 &
2001 1013 2190 1046 innocentia

1259 1057 1366 1093 somni
1401 1061 1451 1093 tui
1477 1057 1589 1094 laudat
1611 1061 1725 1095 Deum
1747 1087 1756 1094 .
1791 1062 1822 1096 Si
1843 1073 1925 1107 ergo
1952 1059 2065 1096 laudas
2083 1084 2096 1101 ,
2122 1072 2191 1095 non

1255 1117 1384 1143 tantum
1407 1107 1519 1156 lingua
1539 1119 1634 1144 canta
1655 1133 1667 1150 ‚
1694 1108 1748 1144 sed
1778 1112 1880 1145 etiam
1902 1106 2069 1156 assumpto
2086 1107 2193 1145 bono·

1256 1170 1332 1193 rum
1362 1170 1506 1206 operum
1526 1157 1684 1206 psalterio
1708 1172 1716 1193 ε
1742 1163 1887 1204 quoniam
1914 1157 2009 1195 bonus
2027 1157 2189 1203 psalmus·-

1256 1207 1386 1244 Laudas
1414 1220 1493 1243 cum
1510 1211 1579 1254 agis
1599 1207 1773 1255 negotium
1795 1234 1807 1251 ,
1832 1208 1945 1244 laudas
1974 1220 2053 1244 cum
2073 1206 2189 1244 cibum

1256 1261 1292 1293 δι
1313 1268 1431 1305 potum
1453 1261 1566 1305 capis,
1592 1257 1702 1295 laudas
1721 1271 1800 1294 cum
1828 1261 1861 1294 in
1880 1258 1971 1295 lecto
1991 1256 2188 1305 requiescis,

1257 1307 1369 1343 laudas
1387 1319 1465 1344 cum
1484 1306 1615 1344 dormis
1634 1323 1643 1343 ε
1668 1308 1806 1355 quando
1829 1320 1898 1344 non
1917 1307 2029 1344 laudas
2049 1309 2061 1343 ἓ
2087 1306 2189 1344 Perfi-

1256 1360 1362 1393 cietur
1381 1363 1415 1394 in
1440 1356 1540 1393 nobis
1558 1357 1707 1394 laudatio
1732 1361 1829 1400 Dei,
1855 1370 1933 1394 cum
1962 1357 2003 1394 ad
2028 1356 2120 1393 illam
2141 1359 2190 1392 ci·

1254 1410 1397 1443 vitatem
1424 1411 1615 1444 venerimus
1635 1432 1647 1450 ,
1673 1407 1808 1456 quando
1829 1406 1940 1444 effeffi
1970 1407 2130 1443 fuerimus
2149 1419 2189 1442 ae-

1254 1457 1368 1505 quales
1397 1456 1521 1504 angelis
1541 1459 1608 1493 Dei
1627 1482 1640 1500 ,
1665 1457 1801 1506 quando
1821 1470 1882 1494 nos
1910 1456 1979 1493 ulla
1999 1453 2187 1503 corporalis

1253 1507 1422 1543 necessitas
1450 1507 1518 1543 ulla
1538 1520 1581 1543 ex
1611 1519 1704 1555 parte
1738 1506 1898 1544 sollicitat
1916 1531 1928 1550 ‚
1955 1519 2024 1543 non
2047 1505 2149 1542 fames
2175 1529 2189 1547 ‚

1254 1569 1324 1592 non
1342 1556 1407 1593 fitis
1426 1556 1641 1605 interpellat,
1667 1570 1736 1593 non
1760 1557 1854 1594 aestus
1875 1557 1991 1604 fatigat
2006 1581 2018 1599 ,
2045 1568 2115 1591 non
2131 1555 2188 1592 fri-

1253 1619 1315 1654 gus
1333 1606 1536 1653 constringit
1562 1632 1574 1650 ,
1610 1620 1678 1642 non
1705 1606 1806 1643 febris
1824 1607 1938 1654 dejicit
1956 1631 1969 1649 ‚
2005 1617 2075 1641 non
2097 1617 2191 1641 mors

1255 1657 1331 1693 finit
1349 1684 1357 1692 .
1386 1656 1443 1693 Ad
1463 1657 1557 1692 illam
1588 1657 1858 1704 perfeetiffimam
1880 1656 2013 1694 laudem
2039 1667 2192 1693 exercea-

1254 1717 1330 1744 mus
1348 1719 1418 1743 non
1437 1706 1630 1743 laudatione
1652 1706 1712 1743 ista
1731 1710 1765 1743 in
1786 1706 1885 1744 bonis
1905 1704 2067 1755 operibus
2083 1731 2091 1740 .

2097 1806 2162 1814 -η

1312 1880 1365 1911 Ex
1390 1876 1497 1910 eadem
1522 1877 1717 1911 enarratione
1751 1878 1782 1911 in
1808 1873 1973 1918 ‘Psalmum
1999 1877 2133 1910 CXLVI.

1541 1923 1630 1968 vers.
1663 1936 1716 1960 11.
1741 1935 1826 1961 num.
1856 1934 1913 1959 20.

1313 2057 1366 2095 Ed
1387 2057 1468 2106 quid
1487 2057 1636 2105 adjungit
1656 2059 1669 2093 ἓ
1694 2063 1774 2093 Bene
1796 2055 1912 2100 sentiet
1932 2058 2081 2092 Dominus
2101 2058 2132 2092 in
2149 2059 2191 2091 ti-

1334 2107 1488 2144 mentibus
1505 2119 1576 2143 cum
1597 2133 1607 2150 ,
1635 2109 1677 2144 (T
1698 2110 1730 2143 in
1747 2107 1795 2142 bis
1822 2109 1877 2150 qui
1893 2105 2024 2151 sperant
2050 2109 2082 2142 in
2102 2104 2190 2147 nufi-

1247 2160 1379 2194 ricordt'a
1402 2156 1489 2203 ejus.
1516 2159 1605 2194 Bene
1624 2156 1720 2192 sentit
1739 2159 1921 2197 Dominus:
1938 2158 1972 2191 in
1991 2154 2188 2192 timentibus

1247 2219 1326 2241 eum
1346 2234 1354 2241 .
1381 2206 1444 2242 Sed
1465 2207 1632 2253 numquid
1659 2205 1701 2241 fic
1724 2209 1863 2242 timetur
1889 2207 1983 2242 Deus
2003 2231 2015 2248 ,
2041 2218 2188 2253 quomo-

1246 2254 1294 2288 do
1318 2254 1460 2289 &latro
1486 2257 1497 2288 ?
1533 2257 1624 2289 Nam
1647 2259 1679 2289 &
1702 2255 1792 2289 latro
1819 2259 1959 2290 timetur
1979 2279 1991 2296 ,
2017 2259 2050 2290 &
2083 2253 2188 2292 bestia

1246 2306 1387 2338 timetur
1405 2327 1417 2344 ,
1453 2306 1487 2338 &
1508 2301 1619 2338 homo
1648 2301 1786 2346 injustus
1815 2307 1849 2339 δι
1893 2313 2012 2350 potens
2040 2303 2188 2340 multum

1245 2355 1386 2387 timetur
1406 2376 1414 2384 .
1441 2359 1518 2387 Rene
1532 2351 1649 2394 sentiet
1667 2355 1816 2388 Dominus
1837 2355 1870 2388 in
1893 2351 2076 2388 timentibus
2097 2365 2186 2390 eum.

1244 2400 1308 2436 Sed
1337 2400 1518 2447 quomodo
1547 2400 1745 2434 timentibus
1777 2412 1855 2434 eum
1878 2401 1889 2431 ?
1925 2406 1970 2435 Et
1995 2404 2027 2436 in
2057 2403 2106 2436 his
2131 2406 2186 2446 qui

1238 2448 1370 2492 sperant
1394 2451 1426 2483 in
1442 2447 1649 2489 misericordia
1671 2446 1757 2492 ejus.
1784 2450 1872 2484 Ecce
1892 2451 2008 2484 timuit
2028 2461 2106 2485 eum
2129 2453 2183 2492 Ju-

1242 2497 1298 2532 das
1317 2495 1464 2532 traditor
1484 2494 1616 2532 Christi
1630 2521 1641 2538 ,
1667 2494 1722 2531 sed
1740 2508 1809 2532 non
1829 2496 1970 2544 speravit
1992 2501 2026 2533 in
2054 2499 2181 2536 miseri-

2214 613 2346 645 1.Cor.6.¹
2355 622 2383 648 ς.

2207 2055 2278 2094 vers.
2299 2065 2342 2086 ιι.

1242 2545 1357 2582 cordia
1377 2545 1496 2594 ipsius·
1523 2544 1641 2582 Postea
1662 2548 1753 2581 enim
1773 2549 1926 2594 paenituit
1951 2560 2052 2590 eum,
2082 2549 2182 2597 quod
2199 2556 2377 2600 Mam-2724,

1240 2595 1417 2631 tradiderit
1438 2598 1631 2631 Dominum
1653 2608 1662 2632 ς
1689 2599 1724 2632 δι
1747 2594 1837 2632 dixit
1858 2621 1870 2637 ‚
1896 2601 2035 2633 Peccavi
2057 2623 2068 2640 ,
2096 2603 2176 2646 quia

1240 2645 1363 2681 tradidi
1389 2645 1581 2692 sanguinem
1607 2644 1729 2689 justum
1748 2672 1756 2680 .
1785 2648 1874 2682 Bene
1901 2646 2036 2694 quidem
2063 2651 2181 2685 timui-

1241 2695 1310 2735 sti3
1335 2694 1389 2730 sed
1418 2695 1440 2731 fi
1460 2694 1603 2742 sperares
1632 2698 1666 2730 in
1688 2694 1917 2731 misericordia
1945 2698 2014 2738 eius
2038 2723 2049 2740 ‚
2075 2711 2179 2746 quem

1240 2744 1404 2781 timuisti.
1430 2745 1494 2780 Ille
1512 2744 1719 2792 desperando
1739 2745 1844 2787 abiit,
1871 2750 1905 2782 &
1936 2746 2058 2794 laqueo
2077 2748 2107 2784 fe
2128 2748 2177 2785 su-

1240 2793 1371 2842 spendit
1389 2821 1397 2830 .
1425 2797 1519 2841 Ergo
1539 2794 1580 2830 fic
1599 2798 1682 2831 time
1711 2797 1904 2831 Dominum
1920 2820 1931 2836 ,
1957 2807 1994 2832 ut
2013 2796 2121 2844 speres
2141 2802 2177 2834 in

1243 2844 1473 2881 misericordia
1501 2845 1569 2886 cius
1589 2871 1598 2879 .
1634 2848 1666 2881 Si
1690 2848 1790 2880 times
1817 2844 1986 2882 latronem
2002 2871 2014 2888 ‚
2039 2845 2080 2883 ab
2107 2846 2176 2884 alio

1240 2894 1349 2943 speras
1365 2894 1551 2936 auxilium,
1578 2907 1647 2930 non
1666 2892 1709 2930 ab
1732 2907 1775 2929 eo
1794 2907 1896 2942 quem
1920 2899 2037 2931 times:
2065 2896 2175 2943 poscis

1240 2944 1409 2981 auxilium
1433 2942 1476 2981 ab
1494 2955 1538 2979 eo
1558 2956 1661 2991 quem
1682 2957 1751 2980 non
1771 2947 1892 2986 times,
1917 2943 2072 2980 adversus
2096 2958 2174 2983 eum

1239 3006 1339 3041 quem
1360 2997 1458 3030 times
1477 3020 1485 3028 .
1513 2997 1544 3029 Si
1563 2993 1605 3029 fic
1629 2997 1728 3028 times
1746 2995 1862 3029 Deum
1884 3019 1896 3036 ,
1921 2997 1955 3029 δε
1976 2993 2053 3029 ideo
2074 2998 2174 3031 times

1241 3047 1355 3080 Deum
1376 3069 1388 3085 ‚
1412 3046 1491 3091 quia
1515 3053 1704 3090 peccatores
1727 3067 1739 3084 ,
1772 3056 1789 3079 a
1810 3056 1880 3090 quo
1909 3053 2104 3091 accepturus
2122 3045 2172 3082 est

1241 3094 1406 3130 auxilium
1424 3092 1580 3129 adversus
1599 3094 1713 3128 Deum
1733 3093 1746 3126 ?
1774 3095 1857 3138 Quo
1876 3096 1982 3129 iturus
2000 3106 2034 3128 es
2052 3094 2064 3128 ?
2090 3095 2175 3141 quid.

1241 3143 1419 3180 sasturus?
1445 3146 1508 3180 Vis
1538 3141 1580 3178 ab
1602 3142 1664 3178 illo
1685 3142 1830 3189 fugere?
1857 3142 1913 3178 Ad
1943 3142 2048 3190 ipsum
2075 3143 2173 3191 fuge,

1242 3193 1306 3230 Vis
1328 3193 1440 3240 fugere
1459 3191 1500 3229 ab
1522 3196 1611 3228 irato
1630 3193 1642 3226 ?
1669 3195 1759 3239 Fuge
1778 3191 1819 3228 ad
1838 3191 2005 3239 placatum
2024 3220 2032 3227 .
2059 3192 2172 3230 Placa-

1243 3241 1294 3279 bis
1312 3254 1424 3279 autem
1445 3255 1546 3284 eum,
1571 3241 1595 3277 si
1612 3241 1720 3289 speres
1741 3245 1774 3277 in
1799 3241 2026 3278 misericordia
2048 3241 2170 3290 ipfius,

1243 3303 1343 3340 atque
1362 3296 1406 3328 ita
1433 3291 1474 3329 de
1492 3303 1607 3327 cetero
1629 3304 1765 3340 peccare
1786 3304 1901 3327 caveas
1920 3316 1932 3333 ,
1957 3302 1994 3327 ut
2014 3290 2065 3334 ‚de
2087 3303 2169 3339 prae·

1244 3345 1352 3378 teritis
1381 3342 1569 3389 depreceris
1589 3366 1600 3383 ,
1626 3352 1663 3377 ut
1682 3339 1745 3375 tibi
1772 3341 1987 3377 dimittantur
2008 3354 2025 3376 a
2045 3343 2168 3378 Domi-

1243 3405 1290 3427 no
1309 3417 1320 3433 ,
1346 3395 1397 3427 cui
1424 3390 1472 3427 est
1498 3389 1613 3427 honor
1639 3395 1671 3427 &
1692 3392 1874 3437 imperium
1901 3403 1979 3427 cum
2005 3395 2102 3427 Patre
2132 3396 2165 3427 δε

1243 3440 1495 3489 Spiritu-fando
1514 3444 1548 3476 in
1567 3439 1679 3477 saecula
1689 3438 1908 3482 saeculorum,
1936 3443 2045 3476 Amen
2057 3466 2065 3474 .

1739 3890 1764 3923 F
1790 3887 1811 3922 f
2055 3894 2107 3923 Er
