2652 4126
507 230 918 291 SANCTUM
959 229 1897 294 MARTYREMPHOCAM.

306 326 480 373 ree‘ptiirus
488 325 554 369 fit,
571 338 671 374 quam
681 325 738 364 ubi
748 328 870 375 pun&a
888 341 926 364 ac
944 327 1042 364 lineas
1052 354 1062 370 ‚
1087 331 1193 367 eircu-

261 338 375 423 lbeffiue
393 379 426 412 in
447 374 563 412 tabella
581 377 750 413 didicerit.
778 380 825 414 At
843 390 950 425 neque
969 377 1192 417 Astronomiae

261 425 456 463 defiderium
465 423 642 462 habentem
651 450 665 468 ,
689 427 798 464 nudus
808 427 913 464 sermo
920 427 1123 476 disciplinam
1132 429 1192 466 do·

261 479 384 514 cuerit:
410 488 447 512 ac
466 475 523 512 nifi
541 476 693 512 erudiens
709 501 721 519 ,
747 477 858 514 scienti
882 489 950 514 arte
975 477 1111 525 globum
1137 492 1192 515 co·

263 538 333 563 ram
345 526 494 568 versans,
520 525 595 573 ipfis
607 526 712 562 oculis
723 527 797 563 Poli
815 538 949 564 motum
967 527 1155 565 exhibuerit
1181 543 1190 566 ε

264 576 416 613 Medicus
424 575 567 622 denique
576 600 591 618 ,
615 576 739 613 tametfi
750 576 868 613 laboris
879 576 1061 624 plurimum
1087 583 1119 615 in
1131 581 1191 616 Hi-

263 638 397 674 pocrate
407 651 419 668 ,
445 625 481 662 ac
492 625 625 672 reliquis
633 627 768 663 medicae
777 631 853 664 artis
863 627 1056 664 doctoribus
1068 625 1191 676 posuit,

263 676 352 712 rudis
361 675 408 712 est
416 678 492 711 artis
502 676 637 711 curandi
650 701 661 718 ,
686 677 792 712 donec
813 677 921 724 plures
939 678 1091 715 infirmos
1109 682 1191 715 invi-

261 725 349 767 sens,
375 725 416 762 ab
427 728 555 771 aegrotis
565 726 638 772 ipsis
648 725 774 762 sanandi
787 728 926 764 modum
944 728 1113 764 didicerit.
1139 731 1191 765 Sic

261 774 628 824 nosquoquediscipuli
640 777 834 824 Martyrum
846 802 858 819 ,
883 777 1024 813 fortium
1043 781 1191 815 virorum

262 825 407 862 afflones
417 850 428 867 ,
444 823 687 871 'magistrorum
699 825 777 862 loco
787 827 880 863 nobis
890 839 962 862 ante
983 828 1191 864 confeffionis

262 887 401 922 agonem
414 874 589 911 statuentes
598 901 610 917 ,
636 875 674 911 ad
687 887 833 913 extrema
843 877 945 923 usque
957 877 1113 923 pericula,
1125 881 1190 925 pie·

209 945 212 949 t
261 936 360 962 tatem
370 925 687 968 servaredocemur,
712 929 936 974 quinimirum
946 927 1051 962 sacros
1074 939 1193 964 eorum

215 995 231 1013 «ε
262 975 395 1012 loculos
417 987 454 1011 ac
474 974 643 1022 sepulcra,
668 975 759 1011 velut
769 975 938 1012 columnas
955 976 1056 1012 literis
1077 977 1193 1013 inscul-

262 1035 334 1074 ptas
345 1050 358 1067 ,
383 1037 420 1060 ac
430 1027 585 1073 martyrii
595 1036 759 1062 certamen
769 1038 919 1063 accurate
929 1027 1108 1075 prodentes
1117 1052 1128 1070 ,
1138 1027 1194 1063 ad-

264 1074 462 1123 ΐρεᾶεωιις.

314 1124 610 1172 Quemadmodum
627 1135 735 1163 autem
759 1129 817 1174 qui
852 1126 1009 1163 accedunt
1033 1127 1073 1163 ad
1098 1140 1194 1175 quer-

263 1188 342 1212 cum
352 1173 529 1218 Mambre,
555 1174 608 1211 vel
632 1176 673 1211 ad
698 1187 884 1224 coemptam
910 1176 1066 1223 specum,
1093 1189 1192 1224 quam

263 1223 409 1273 Ephron
435 1222 609 1262 Chettaeus
635 1226 787 1262 vendidit
810 1229 843 1261 in
863 1228 964 1262 Sarrae
983 1225 1192 1271 sepulturam:

262 1287 335 1324 quo
352 1275 431 1311 loco
449 1274 518 1322 ipse
534 1287 614 1312 cum
640 1275 717 1311 filiis
742 1274 927 1312 Patriarcha
951 1277 1031 1322 jacet
1048 1300 1060 1318 ,
1085 1275 1195 1313 statim

261 1337 341 1362 cum
350 1325 506 1361 locorum
525 1325 658 1373 aspectu
670 1352 683 1369 ,
706 1328 822 1362 animis
841 1328 1012 1372 imaginem
1038 1337 1197 1362 renovant

262 1386 422 1412 aemente
431 1386 634 1412 contuentur
653 1375 787 1412 fidelem
804 1374 1021 1411 patriarcham
1047 1389 1056 1410 ε
1083 1379 1198 1423 primi·

261 1425 402 1462 tiasillas
412 1424 581 1471 religionis
606 1439 616 1461 ε
642 1427 784 1474 primam
799 1429 831 1461 in
842 1438 884 1460 eo
903 1425 1198 1462 circumcifionem:

261 1476 361 1512 sed&
373 1488 430 1511 eos
443 1499 453 1516 ‚
477 1478 536 1523 qui
548 1473 589 1511 ab
600 1474 654 1511 illa
665 1475 771 1511 radice
781 1478 1005 1520 germinarunt
1016 1500 1026 1518 ‚
1052 1475 1199 1512 surculos

262 1528 430 1572 cogitant:
456 1524 693 1573 nempeIsaac,
719 1524 838 1566 Jacob:
857 1529 1139 1562 accumvirorum
1149 1538 1198 1560 re·

262 1576 458 1611 cordatione
484 1600 498 1618 ,
531 1578 634 1611 totius
669 1586 787 1610 eorum
822 1573 968 1611 historiae
1003 1575 1198 1623 spectatores

262 1625 348 1662 fiunt
373 1639 384 1662 t
408 1623 702 1672 fic&egohodie,
727 1635 776 1660 ter
786 1624 871 1661 beati
881 1624 1002 1661 Phocae
1012 1624 1197 1661 venerabile

262 1673 442 1712 delubrum
453 1675 564 1712 adiens
574 1699 586 1717 ,
594 1687 634 1712 ex
645 1674 709 1710 loci
721 1674 826 1721 specie
835 1700 847 1719 ‚
855 1679 1004 1711 omnium
1016 1675 1110 1710 fimul
1119 1687 1192 1722 quae

262 1725 306 1762 de
323 1724 385 1761 illo
401 1724 488 1771 gesta
502 1736 696 1767 narrantur,
720 1728 878 1761 memoria
898 1725 1032 1773 repleor
1050 1752 1058 1760 .
1085 1725 1199 1761 Video

262 1775 466 1823 professione
476 1772 713 1812 hortulanum;
738 1777 849 1811 animo
858 1775 1059 1821 fimplicem3
1085 1773 1197 1822 hospi-

263 1824 386 1863 talem
409 1827 584 1862 maritimae
596 1825 1051 1871 regioniseximium·decus;
1075 1827 1109 1859 in
1135 1837 1200 1859 me·

262 1875 479 1912 diterraneam
489 1873 677 1911 beneficum
689 1887 702 1914 ;
726 1876 878 1910 Sanc'tum
888 1874 984 1911 illum
994 1875 1201 1912 sanctonum

263 1937 303 1962 ac
320 1928 381 1967 iis,
406 1927 464 1972 qui
483 1922 615 1960 Christi
631 1925 724 1962 causa
741 1924 910 1961 consecuti
930 1925 1002 1961 sunt
1021 1924 1162 1971 gloriam
1189 1947 1200 1967 ,

263 1974 370 2021 gloria
398 1975 683 2021 potioriaufftum.

314 2027 411 2060 sacer
435 2024 575 2071 quidem
602 2025 650 2061 est
667 2037 704 2061 ac
725 2026 858 2062 divinus
869 2024 1038 2062 universus
1064 2037 1200 2072 genero-

265 2073 430 2110 sorumac
443 2074 581 2110 fortium
591 2075 783 2123 Martyrum
808 2075 994 2122 catalogus,
1024 2076 1167 2122 paffione
1191 2098 1202 2115 ,

263 2122 410 2159 debitam
438 2135 501 2168 pro
525 2125 668 2168 pastione
678 2125 993 2171 referensgratiami
1017 2138 1052 2160 ac
1081 2124 1205 2170 sangui·

263 2176 329 2214 ne,
355 2182 420 2218 pro
430 2171 583 2215 sanguine
606 2170 752 2205 debitam
777 2177 930 2207 omnium
955 2174 1116 2210 salvatori
1143 2173 1205 2208 sol-

265 2233 350 2257 vens
359 2221 658 2256 remunerationem
668 2242 680 2251 .
704 2221 835 2255 Verum
847 2222 878 2253 in
890 2217 943 2253 his
952 2221 1026 2264 ἱρῆς
1037 2244 1046 2258 ,
1059 2233 1125 2253 non
1136 2233 1201 2254 una

266 2267 315 2304 est
325 2271 478 2303 omnium
488 2267 595 2312 gloria
605 2290 616 2308 ,
627 2279 688 2302 nec
697 2280 763 2303 una
773 2267 924 2304 mensura
933 2281 946 2303 .-
956 2268 1085 2303 cunffis
1095 2279 1204 2315 aequa-

267 2317 312 2355 lia
336 2315 492 2353 attributa
516 2314 589 2351 sunt
615 2318 748 2361 praemia
773 2331 783 2352 =
805 2316 899 2364 (quin
927 2319 1073 2362 primum
1098 2320 1132 2351 &
1159 2315 1204 2350 se·

267 2367 438 2408 cundum,
465 2366 708 2401 neSanecorum
719 2366 857 2414 quidem
876 2364 993 2411 effugit
1018 2364 1200 2409 catalogus.

267 2419 380 2460 Huius
390 2426 499 2452 autern
509 2418 576 2457 rei,
599 2414 814 2458 utarbitror,
839 2415 932 2452 causa
951 2414 1018 2455 est,
1043 2413 1137 2460 quod
1163 2411 1203 2448 fit

269 2467 568 2509 iudexaccuratus,
595 2467 847 2512 necquicquam
866 2467 901 2499 in
919 2474 1044 2510 partem
1070 2462 1205 2498 alteram

94 2534 216 2566 pmffl,
270 2517 521 2563 inflefikiqueat.
547 2517 698 2551 Intuetur
715 2517 802 2550 enirn
822 2517 856 2549 δι
874 2512 1114 2560 suppliciorum
1139 2523 1206 2547 ma.

95 2576 145 2605 dat
169 2573 253 2605 Chri·
274 2566 481 2614 gnitudinem
494 2590 502 2605 ‚
529 2562 994 2600 &tolerantiaeconstantiamt
1010 2559 1207 2598 examinans·

97 2615 156 2647 ssus
178 2615 256 2644 Μέῑῐ·
275 2630 342 2666 que
352 2618 546 2656 certamina,
573 2616 840 2661 promeritorum
868 2615 996 2648 ratione
1005 2609 1138 2648 athletis
1159 2611 1207 2645 di·

87 1103 159 1133 Gen.
176 1103 221 1132 18.

86 1148 127 1174 (9¹
149 1153 196 1181 ²3·

85 1183 129 1213 Ut
145 1183 223 1213 sacra

84 1222 150 1254 luca
167 1223 227 1254 ads-

84 1263 170 1304 peeiu
183 1265 226 1303 Ju-

86 1312 161 1335 VCnt
171 1325 180 1335 ο

98 2655 213 2694 ryribus
238 2694 243 2699 .
277 2665 409 2703 stribuit
419 2668 572 2713 praemia.
598 2667 718 2712 Neque
744 2676 825 2700 vero
835 2662 1022 2699 mirandum
1036 2661 1104 2703 est,
1129 2664 1173 2697 ita
1189 2673 1207 2697 a

98 2706 156 2767 εἴ,
172 2704 258 2725 mm*
276 2720 356 2755 Deo
365 2714 521 2754 honorari
541 2712 720 2760 justitiam,
743 2726 820 2750 cum
846 2726 886 2748 ne
905 2715 938 2748 in
957 2710 1110 2748 humanis
1134 2713 1207 2757 qui-

277 2768 355 2803 dem
365 2762 866 2813 Imperatoresacagonothetae‚
894 2765 985 2798 viros
1005 2761 1125 2802 fortes,
1151 2771 1207 2796 aut

275 2815 425 2865 pugiles,
449 2813 613 2860 aequaliter
623 2812 789 2850 universos
808 2812 948 2850 habeant
973 2826 983 2847 ε
1008 2811 1061 2847 sed
1088 2813 1208 2857 cuique

277 2880 341 2915 pro
352 2869 397 2902 rei
410 2864 561 2913 praeclare
571 2862 666 2912 gestae
675 2863 783 2900 modo
794 2888 804 2906 ‚
828 2863 916 2899 dona
925 2873 1071 2909 congrua
1096 2860 1207 2896 decer*

278 2927 374 2952 nant.
629 2919 638 2928 ⁵

329 2969 411 3005 Haec
422 2977 530 3002 autern
549 2962 675 3001 diss'erui
687 2989 699 3007 ,
724 2976 795 3011 quo
813 2966 921 2999 virum
934 2986 943 3004 ,
970 2964 1028 3010 qui
1053 2959 1206 2996 hodierni

278 3028 461 3052 conventus
487 3014 580 3050 nobis
607 3013 746 3062 praebuit
770 3013 918 3055 causam,
944 3011 1059 3052 sociis,
1084 3023 1120 3046 ac
1148 3022 1206 3056 pu—

279 3065 418 3112 gilibus,
443 3070 500 3113 qui
522 3064 654 3100 eosdem
670 3063 867 3100 desudarunt
892 3062 1030 3108 agones,
1057 3058 1209 3095 illustrio-

105 3114 220 3153 M²g⁰²
281 3128 353 3152 rem
364 3114 554 3152 ostendam.
579 3118 666 3150 Nam
676 3112 898 3161 aliiquidem,
921 3123 1026 3157 neque
1037 3122 1151 3145 omnes
1175 3121 1207 3144 ιὰ

108 3153 224 3197 mma.
283 3165 350 3213 pud
361 3177 475 3200 omnes
486 3164 559 3200 sunt
574 3168 644 3199 noti
658 3188 667 3205 ,
681 3176 785 3211 neque
796 3161 970 3197 hominum
981 3161 1131 3199 sermone
1138 3162 1205 3194 vir-

106 3202 269 3272 Σζιῗᾶἒέιςή,
282 3226 386 3252 tutem
396 3213 590 3250 celebratam
608 3212 729 3249 habent
754 3228 762 3248 ε
789 3210 940 3250 Phocam
953 3221 1083 3251 autem,
1107 3221 1206 3244 nemo

109 3275 221 3303 itianos
283 3265 539 3313 estqui'ignoret
565 3277 577 3299 ι
604 3262 656 3298 fied
667 3261 935 3309 quomodoSolis
951 3261 1058 3296 radius
1077 3261 1205 3295 univer-

109 3312 245 3344 ‘lm'm-
283 3315 394 3352 sorum
405 3314 510 3351 oculis
520 3311 700 3359 explicatus
719 3311 786 3353 est,
813 3315 855 3347 ita
881 3314 977 3348 etiam
1000 3308 1098 3355 hujus
1123 3309 1212 3344 Mar-

283 3363 464 3414 tyrisvfama
476 3389 488 3406 ,
512 3367 667 3399 omniurn
678 3374 769 3397 aures
777 3361 1013 3397 circumsonuit
1031 3369 1043 3395 ξ
1068 3369 1163 3405 atque
1172 3367 1210 3394 ut

283 3414 510 3462 paucisdicam
525 3438 539 3455 ‚
562 3422 732 3459 quotquot
745 3414 930 3448 Dominum
952 3407 1125 3447 Christum
1152 3420 1209 3443 no·

283 3476 425 3506 verunt,
451 3463 774 3510 iidemquoqueejus
800 3471 964 3496 noverunt
990 3458 1122 3494 fidelem
1149 3456 1209 3492 ser·

284 3527 381 3551 vum.
408 3515 541 3549 Verum
553 3515 732 3548 enimvero
751 3510 894 3554 relictis,
919 3510 940 3545 fi
961 3509 1110 3549 videtur,
1134 3519 1207 3552 quae

283 3563 339 3601 ille
357 3575 435 3600 cum
452 3563 520 3599 aliis
539 3565 689 3598 encomia
707 3559 808 3596 habet
825 3562 1013 3596 communia
1029 3583 1040 3600 ,
1075 3559 1208 3592 eximias

283 3616 449 3660 Martyris
465 3612 577 3651 laudes
592 3636 604 3655 ,
628 3613 818 3659 Martyrum
843 3608 1023 3646 amantibus
1042 3606 1134 3643 vobis
1158 3618 1208 3641 re·

284 3661 439 3710 censebo.
875 3668 882 3684 ²

112 3713 146 3742 S·
168 3708 271 3742 Phoc*
336 3712 432 3755 Tulit
442 3715 550 3759 itaque
562 3712 708 3747 unctum
719 3708 807 3746 hunc
820 3713 929 3746 virum
939 3733 951 3751 ,
978 3718 1134 3753 magnum
1146 3707 1211 3747 ‚in-

113 3752 224 3791 P²t5¹ffi
285 3761 515 3812 quamsillud
535 3760 804 3797 Christianorum
828 3757 1078 3798 commodum,
1103 3758 1214 3791 vicina

285 3816 430 3861 Sinope,
456 3813 588 3859 antiqua
598 3813 716 3847 civitas
738 3822 773 3846 ac
785 3820 886 3851 nota,
912 3808 1050 3845 fortium
1062 3809 1211 3842 virorum

2057 265 2165 321 295

1249 344 1286 367 ac
1296 329 1582 379 Philosophorum
1591 332 1768 370 ferax'.Ne'
1775 337 1850 381 quis
1859 337 1945 371 enim
1954 334 2034 373 mihi
2044 341 2159 388 imprae
2190 341 2272 374 Vitae
2291 341 2346 373 stu-

1250 380 1421 418 sentiarum
1431 382 1590 418 diversam
1601 383 1794 430 religionem
1804 396 1952 432 reputet:
1976 386 2031 421 sed
2055 390 2088 424 id
2106 402 2173 426 tan-
2189 382 2289 415 dium.

1250 442 1325 468 tum
1334 457 1346 474 ,
1356 444 1435 468 num
1445 435 1585 468 omnino
1595 432 1815 470 studiosorum
1827 437 1977 471 virorum
1987 440 2100 474 nutrix
2109 440 2175 476 fue-

1250 484 1294 518 rit
1303 494 1340 518 ac
1349 493 1464 528 parens
1474 509 1482 518 .
1507 484 1594 519 Vitae
1603 493 1712 520 autem
1723 483 1867 520 studium
1878 487 1907 520 ei
1918 496 1985 521 erat
1994 483 2088 523 horti
2105 489 2174 524 cul-

1249 543 1322 569 tura
1332 556 1344 573 ,
1367 544 1467 578 quem
1475 530 1521 569 ibi
1531 543 1605 568 ante
1614 544 1742 580 portam
1753 536 1891 570 civitatis
1901 537 1934 570 in
1945 534 2065 573 Isthmi
2087 536 2175 574 ostio

1250 581 1432 629 poffldens‚
1457 581 1631 628 diligenter
1651 583 1781 619 colebat
1798 609 1812 626 ,
1843 595 1881 620 ut
1898 584 1955 620 fibi
1974 598 2011 621 ac
2030 587 2174 636 indigen-

1250 630 1336 668 tibus
1345 630 1418 667 ess'et
1428 635 1504 669 vitae
1511 632 1663 668 solatium
1676 657 1685 666 .
1709 633 1772 669 Sed
1781 632 1814 667 δ(
1828 631 2014 681 hospitibus
2024 661 2036 679 ,
2062 649 2173 683 prom·

1250 693 1355 729 ptoac
1364 681 1459 718 alacri
1469 685 1577 718 animo
1587 688 1605 724 ,'
1625 695 1800 730 parvamac
1827 696 2007 731 pauperem
2030 684 2171 723 domum

1249 742 1392 779 apertam
1405 731 1553 769 volebat.
1577 736 1784 769 Cum-autem
1800 731 1961 770 habitaret
1975 737 2012 770 in
2037 737 2089 771 via
2113 743 2173 783 pu·-
2191 740 2349 781 Hospieali·

1249 780 1353 823 blica,
1378 794 1452 829 quae
1463 781 1699 828 suppetebant,
1721 782 1968 819 adventantibus
1985 788 2174 821 communia
2191 790 2251 811 ¹2⁵·

1249 830 1420 879 promebat
1431 858 1444 876 ,
1468 844 1503 868 ac
1513 836 1581 869 Lot
1590 832 1726 878 quidam
1737 832 1861 869 aredius
1871 858 1881 875 ‚
1906 845 1974 869 non
1994 834 2175 870 Sodomita·

1249 893 1324 916 rum
1335 880 1387 917 sed
1398 881 1621 928 Sinopensium
1633 893 1702 917 erat
1711 906 1719 914 .
1745 886 1853 918 Porro
1869 886 2031 930 temporis
2048 883 2178 930 proces·

1251 929 1308 972 su,
1333 929 1425 966 haud·
1434 943 1572 967 vacuum
1584 931 1732 967 mercede
1740 932 1929 969 mandatum
1949 936 2091 969 invenit.
2118 935 2179 969 Vi·-

1251 980 1353 1016 vificae
1361 984 1446 1016 enim
1462 985 1585 1023 'mortis
1598 980 1761 1022 occasio,
1775 994 1817 1016 ex
1836 979 2056 1027 hospitalitate
2081 982 2178 1018 lucro

1251 1030 1396 1067 accessit.
1421 1030 1524 1067 Unde
1533 1042 1635 1071 vero,
1660 1042 1695 1065 ac
1706 1042 1851 1076 quonam
1862 1031 1989 1074 modo,
2014 1031 2113 1078 paulo
2131 1031 2179 1068 al-

1251 1083 1315 1116 tius
1326 1090 1529 1127 repetentem
1538 1080 1645 1116 audite
1656 1104 1665 1113 .
1817 1111 1820 1117 .

1301 1133 1393 1166 Cum
1418 1128 1611 1165 Christianae
1639 1132 1763 1176 pietatis
1789 1129 1936 1166 sermone
1959 1132 2182 1173 annunciate,

1252 1179 1360 1214 divina
1387 1179 1575 1225 praedicatio
1599 1179 1638 1215 ad
1664 1190 1916 1215 omucmaurem
1927 1183 2050 1222 exiret,
2075 1178 2174 1216 Chri-

1253 1228 1408 1276 stumque
1416 1241 1452 1265 ac
1461 1230 1529 1274 ejus
1538 1228 1693 1277 ‘mysteria
1702 1241 1778 1264 nota
1789 1229 1939 1265 red'deret
1949 1255 1959 1271 ‚
1975 1229 2176 1273 fremuerunt

1248 1287 1361 1324 gemes
1372 1303 1382 1321 ‚
1407 1290 1444 1316 nt
1453 1282 1497 1315 ait
1507 1277 1689 1321 psalmista,
1713 1278 1878 1323 Regesque
1890 1290 1930 1311 ac
1949 1278 2118 1324 Principes
2142 1277 2178 1311 in

1255 1339 1352 1362 unum
1363 1336 1580 1362 convenerunt
1607 1341 1617 1363 ε
1640 1340 1676 1364 ac
1685 1327 1825 1365 Christo
1835 1339 2009 1375 regnante,
2034 1339 2180 1364 errantes

1259 1378 1376 1426 populi
1402 1376 1636 1414 irascebantur.
1662 1377 1882 1423 Quaerebatur
1906 1390 2014 1414 autem
2039 1377 2181 1425 quilibet

1259 1427 1467 1464 Christianus
1480 1453 1490 1470 ,
1515 1433 1668 1475 tanquam
1679 1427 1861 1464 maleficus:
1871 1440 1906 1463 ac
1917 1431 1972 1474 qui
1985 1440 2090 1474 prope
2101 1438 2184 1469 erat,

1259 1477 1473 1525 puniebatur:
1500 1481 1648 1525 quivero
1658 1477 1777 1525 procul
1795 1488 1885 1519 erat,
1910 1476 2181 1523 investigabatur.

1260 1527 1491 1574 Quamobrem
1502 1526 1648 1563 Phocam
1658 1539 1794 1575 quoque
1803 1553 1816 1571 ,
1839 1527 2014 1574 nequidem
2027 1526 2092 1562 vile
2117 1525 2182 1562 stu-

1258 1579 1377 1621 dium,
1403 1576 1639 1625 hortulanique
1649 1578 1800 1614 conditio
1809 1576 1945 1613 celavit:
1971 1576 2030 1612 sed:
2049 1579 2075 1612 is
2099 1587 2186 1623 quo-

1258 1641 1325 1676 que
1338 1653 1348 1669 ‚
1371 1638 1409 1664 ut
1419 1640 1516 1664 verus
1525 1626 1653 1664 Christi
1666 1626 1842 1674 discipulus
1852 1652 1864 1669 ,
1889 1627 2098 1663 denunciat-us
2114 1624 2183 1661 est‘t

1257 1681 1310 1714 Ac
1320 1677 1390 1713 sane
1400 1678 1440 1714 ad
1450 1690 1529 1714 eum
1539 1688 1702 1714 venerunt
1712 1703 1721 1718 ,
1745 1679 1802 1724 qui
1813 1675 1900 1713 nulla
1918 1676 2035 1720 iudicii¹
2056 1675 2160 1711 ibrma
2171 1699 2184 1716 ,

1258 1727 1347 1764 nulla
1364 1727 1571 1769 defenfione,
1597 1739 1616 1762 a
1633 1727 1747 1763 misera
1764 1725 2005 1772 ‘haefluxaque
2014 1725 2189 1768 vita‚juffi

1258 1787 1348 1812 erant
1372 1774 1533 1812 abducere
1546 1803 1553 1811 .
1579 1779 1666 1812 Nam
1676 1788 1745 1811 erat
1772 1775 1984 1812 taleuimen
1995 1801 2008 1817 ,
2031 1774 2125 1821 quod
2135 1775 2187 1807 vir

1260 1827 1418 1863 strenuus,
1434 1825 1520 1862 clara
1529 1838 1613 1861 voce
1630 1825 1863 1862 confiteretur:
1888 1823 2045 1871 nulloque
2054 1827 2188 1859 interro-

1261 1887 1378 1924 game,
1403 1874 1561 1923 operibus
1581 1875 1756 1922 proderet:
1784 1878 2006 1920 interrogante
2017 1884 2124 1909 antem
2133 1870 2188 1907 ali-

1261 1939 1354 1974 qu0,
1381 1924 1557 1972 impenfius
1582 1924 1724 1970 gaudens
1748 1923 1893 1958 clamore
1917 1921 2064 1958 efferret>-

1311 1978 1492 2013 Venientes
1518 1985 1599 2020 ergo
1624 1972 1710 2009 illius
1737 1971 1868 2008 lictores
1879 1971 2050 2018 supplicii,
2074 1969 2188 2007 nostri-

1262 2039 1328 2074 que
1353 2024 1423 2061 festi
1435 2026 1585 2060 auctores
1597 2048 1606 2065 ‚
1633 2023 1719 2070 apud
1730 2035 1806 2061 eum
1818 2021 1925 2068 ipsum
1937 2045 1948 2063 ,
1959 2025 2015 2067 qui
2026 2020 2188 2067 quaereba⁴

1263 2088 1340 2119 tur,
1366 2075 1518 2110 diversati
1538 2073 1633 2115 sunt,
1657 2074 1842 2120 utnequeii
1861 2070 2108 2117 cognoscerent,
2133 2083 2189 2106 ne-

1262 2139 1328 2173 que
1338 2124 1449 2161 abillo
1458 2124 1759 2170 cognoscerentur.
1781 2124 1922 2157 Interim
1941 2133 2021 2156 vero
2030 2120 2189 2157 adventus

1262 2176 1388 2212 causam
1413 2173 1584 2217 celabant,
1607 2184 1645 2209 ut
1670 2185 1749 2208 cum
1776 2175 1865 2220 prius
1888 2168 2074 2217 accepissent
2097 2172 2189 2205 exiis

1262 2229 1320 2268 qui
1344 2223 1467 2258 abitant
1493 2233 1584 2257 extra
1609 2225 1775 2256 civitatem
1791 2246 1804 2263 ,
1827 2220 1974 2267 quisnam
2000 2220 2073 2256 esset
2098 2218 2189 2255 Pho-

1263 2283 1315 2305 cas
1325 2294 1338 2311 ,
1345 2273 1380 2303 &
1389 2269 1448 2304 ubi
1459 2270 1606 2314 degeret,
1613 2280 1744 2314 repente
1754 2270 1956 2307 invadentes,
1971 2280 2010 2303 ut
2020 2269 2190 2314 quondam

1264 2319 1380 2361 Iudai,
1406 2318 1488 2359 Iuda
1498 2317 1593 2358 duce,
1608 2319 1804 2354 <Dominum
1813 2319 1845 2352 in
1857 2315 1961 2353 horto
1969 2315 2190 2363 comprehen-

1263 2369 1396 2403 derent.
1415 2364 1620 2410 ·Ign0rabant
1643 2374 1750 2399 autem
1776 2363 1808 2397 se
1817 2364 1957 2409 praedam
1966 2363 2088 2399 habere
2104 2368 2189 2400 inter

1262 2418 1366 2451 retia:
1391 2426 1482 2450 canes
1494 2431 1515 2454 ,=
1529 2425 1648 2449 ovem:
1659 2412 1769 2458 lupos,
1777 2417 1896 2458 agnum
1907 2426 1916 2447 z
1927 2424 2056 2458 rapaces
2066 2425 2186 2450 avesac
2204 2437 2261 2469 mi

1265 2475 1477 2508 uncungues‚
1501 2461 1709 2498 columbam.
1734 2463 1782 2498 Ut
1800 2473 1907 2498 autem
1917 2462 2008 2498 Isaias
2018 2461 2186 2509 Propheta
2204 2449 2364 2517 &552'2'31

1265 2518 1330 2550 ait:
1353 2513 1489 2550 Hoedus
1503 2524 1580 2549 cum
1607 2509 1916 2558 pardoaccubabat‚
1937 2512 2101 2559 agnufque
2110 2523 2187 2549 eum
2206 2519 2315 2550 Phocas
2342 2523 2347 2526 '

1266 2564 1351 2612 lupis
1362 2561 1568 2610 pascebatur,
1593 2574 1628 2597 ac
1638 2560 1747 2596 leones
1757 2559 1851 2596 fimul
1873 2573 1948 2596 curn
1967 2562 2074 2598 vitulo
2091 2569 2185 2599 com—
2203 2558 2350 2605 occisores·

1265 2614 1562 2650 muneconvivium
1582 2609 1722 2647 inibant.
1748 2613 1839 2646 Cum
1857 2621 1991 2654 autem,
2014 2615 2065 2648 uti
2082 2615 2185 2648 moris
2204 2598 2276 2668 “32⁵1
2288 2609 2365 2668 “fc''

1266 2663 1334 2706 est,
1359 2662 1475 2699 mensae
1501 2661 1675 2709 spcietasac
1685 2659 1913 2702 consuetudo,
1939 2660 2183 2697 fiduciamin'vi·
2202 2647 2264 2713 ΞΟ,
2277 2648 2362 2708 ζ’,ζζ

1265 2726 1340 2750 cem
1363 2709 1576 2760 genemffem,
1601 2713 1729 2757 rogavit
1747 2722 1788 2746 ex
1808 2713 1853 2744 eis
1870 2712 2029 2759 Martyr,
2051 2715 2186 2759 quinam
2202 2727 2319 2756 gneque
2357 2737 2361 2741 -

1267 2761 1386 2805 essent,
1410 2775 1447 2798 ac
1456 2774 1519 2807 qua
1529 2761 1571 2796 de
1580 2759 1671 2796 causa
1680 2759 1720 2795 ad
1730 2761 1797 2804 ejus
1806 2758 1961 2795 veniffent
1986 2763 2156 2797 civitatem
2174 2785 2184 2795 .
2202 2758 2294 2802 etiarn

1266 2812 1321 2851 Illi
1348 2825 1438 2848 verov
1453 2811 1594 2848 alacrem
1618 2812 1679 2845 viri
1689 2808 1974 2856 susceptionemac
1983 2808 2186 2857 hospitalita-
2202 2806 2321 2868 ὃὲὓέὶω*

1267 2875 1334 2900 tem
1344 2865 1476 2898 reveriti
1487 2873 1584 2904 ,cum
1596 2857 1836 2907 praecepiffent,
1862 2859 2187 2905 nequod⁷auditurus
2204 2846 2246 2869 “a
2279 2847 2327 2868 π’

1267 2923 1335 2949 erat
1345 2937 1356 2954 ,
1368 2916 1519 2958 cuiquam
1529 2913 1719 2946 enunciaret
1730 2932 1742 2950 ,
1763 2911 1793 2944 ei
1802 2921 1954 2944 arcanum
1963 2911 2116 2955 aperiunt
2128 2921 2186 2950 ‚ac

1267 2962 1454 2998 infrdiarum
1463 2969 1633 3007 exponunt
1653 2957 1791 2994 fabulam
1802 2970 1817 2990 -·
1825 2969 1862 2994 ut
1872 2961 2027 2994 nimirum
2038 2969 2186 3004 quaerant

1267 3025 1384 3058 capere
1406 3010 1610 3059 puniendum
1635 3006 1799 3045 phocam..
1825 3011 1993 3052 Quocirca
2016 3005 2187 3054 hospitalie*

1268 3065 1340 3098 tatis
1364 3060 1501 3097 cumulo
1511 3086 1523 3103 ,
1531 3054 1598 3094 hoc
1609 3069 1744 3105 quoque
1754 3055 1919 3094 beneficio
1926 3055 1966 3092 ab
1975 3056 2115 3093 eooffici
2133 3069 2187 3092 τον

1267 3111 1385 3159 gabant
1409 3122 1445 3147 ut
1455 3108 1617 3157 captando
1627 3119 1727 3154 quem
1737 3106 1921 3153 quaerebant
1930 3132 1939 3149 ,
1958 3105 2098 3154 unaipse
2107 3118 2186 3153 ope·

1265 3174 1336 3198 ram
1345 3160 1510 3198 conferret
1535 3158 1642 3195 suarn-
2125 3173 2136 3191 ·,

1270 3237 1275 3239 -
1313 3212 1453 3247 Audivit
1463 3212 1527 3246 Dei
1539 3207 1666 3250 servm,
1690 3210 1900 3253 immotoque
1916 3206 2186 3244 animoauditum

1271 3261 1457 3296 sermonem
1471 3257 1644 3304 suscipiens
1655 3282 1666 3299 ‚
1691 3256 1774 3294 nihil
1785 3255 1950 3299 abjeflmm
1960 3281 1971 3298 ,
1979 3256 2117 3301 acquod
2127 3269 2188 3304 pu·

1270 3310 1376 3347 sillum
1400 3312 1546 3345 animum
1570 3307 1746 3349 indicaret,
1772 3305 1870 3353 passus
1887 3316 1943 3341 aut
1967 3305 2095 3341 locutus
2121 3305 2188 3342 est:

1270 3372 1377 3407 neque
1403 3358 1552 3407 periculo
1575 3360 1748 3393 exterritus
1773 3356 1928 3402 spectavit
1937 3354 2188 3401 sugamtidqne,

1271 3411 1336 3452 eius
1355 3408 1502 3445 ineundae
1526 3418 1675 3453 magnam
1690 3418 1726 3442 ac
1753 3404 1889 3441 liberam
1908 3403 2031 3440 habens
2055 3404 2187 3442 faculta-

1269 3471 1359 3502 tem,
1383 3470 1458 3495 cum
1483 3460 1505 3494 ii
1533 3456 1676 3492 necdum
1689 3454 1807 3491 scirent
1826 3466 1902 3491 eum
1912 3452 1970 3489 effe
1993 3466 2188 3501 queuvquaea

1268 3519 1393 3544 rerent:
1420 3517 1535 3543 contra
1545 3518 1623 3541 vero
1632 3508 1772 3541 omnino
1782 3503 1857 3544 stcit
1869 3522 1888 3547 ,’
1906 3502 1937 3539 se
1947 3503 2077 3539 fortiter
2100 3514 2189 3549 gete⁴

1267 3572 1323 3600 re,
1349 3556 1539 3602 noi-»fugere
1563 3553 1700 3590 statuens
1717 3579 1725 3587 .
1751 3556 1880 3590 Eorum
1906 3556 2013 3599 itaque
2037 3552 2189 3599 precibus

1267 3611 1398 3644 anuuit:
1424 3611 1482 3647 &,
1507 3609 1595 3651 Ego,
1619 3606 1750 3651 inquit,
1773 3603 1962 3650 inpraeieuti
1987 3606 2191 3647 negotiove·

1265 3657 1315 3694 bis
1339 3657 1468 3700 adiutor
1493 3664 1572 3691 eros
1597 3657 1678 3690 novi
1712 3656 1800 3689 enim
1820 3655 1927 3688 virum
1946 3655 1983 3687 δε
2003 3651 2191 3698 facilequae·

1269 3707 1562 3743 fieumirweniam.
1582 3706 1663 3740 *Nec
1674 3712 1770 3738 erunt
1795 3701 1963 3747 longiores
1978 3700 2191 3743 ,moraeffed

1269 3758 1321 3792 die
1344 3755 1483 3792 crastina
1504 3752 1600 3790 vobis
1625 3765 1701 3788 eum
1727 3750 1911 3787 ostendam.
1937 3753 2006 3786 Vos
2017 3753 2189 3789 tantumvin

1272 3805 1338 3844 hoc
1364 3818 1441 3843 tneo
1459 3815 1601 3854 paupere
1612 3800 2009 3848 diversoriorequi‘escite.
2021 3798 2190 3836 Ubifi'ceia

2072 3861 2139 3884 cer·

2194 1202 2353 1255 Psal.2.v'.r.
