2652 4126
100 894 128 922 ςι.
140 886 278 924 Cor.6.17.

259 1113 274 1132 Q·

93 1210 109 1230 ⁸
134 1210 268 1244 CAPUT

114 1251 261 1285 ΧΧΙΙΙ.

87 1406 158 1440 Gal.
168 1416 194 1438 2.
205 1419 251 1443 ιο.

90 1505 234 1540 l’rovat.
244 1518 264 1540 1.

0 2132 14 2257 ξ
85 2199 161 2239 Epes.
172 2211 197 2230 ε.
209 2201 237 2233 8·

86 2359 168 2389 Rom.
183 2367 195 2387 1
204 2366 228 2390 1.
236 2360 264 2389 6.

110 2996 250 3027 CAPUT

125 3034 243 3065 XXIV.

0 3090 2 3094 ·
91 3075 184 3112 Esther
193 3076 272 3115 §.sec-

0 3119 6 3152 ἱ
92 3116 184 3148 LXX.

466 156 478 171 1

566 277 645 322 ET
686 261 954 324 HisToR.
994 259 1279 321 SEMu‘EL.
1321 279 1540 323 LUCEM
1580 278 1948 329 AFFERUNT.

355 358 419 399 Sed
445 372 486 396 ne
513 359 604 400 forte
629 357 829 406 respondeat
865 359 911 394 ita
935 356 967 394 ie
991 355 1051 393 hic
1074 355 1194 397 dixiffe
1220 381 1232 401 ,

305 407 369 447 nei·
385 409 527 456 faciendo
552 409 774 450 voluntatem,
798 409 948 445 divinam
972 418 1148 444 mereamur
1158 419 1233 454 gra-

304 461 387 498 tiam
409 485 421 504 ,
445 459 526 496 ficut
545 456 710 495 fidelibus
736 461 769 494 δε
796 461 852 506 pie
880 456 1071 495 viventibus
1096 457 1231 497 additur

302 511 433 559 gratia,
458 522 522 561 qua
541 507 693 550 resistant
718 507 854 546 fortiter
879 511 1064 551 tentatori,
1087 520 1166 545 cum
1184 519 1232 544 ta-

302 563 540 608 menzgratiam
565 561 668 595 etiam
688 560 847 607 primitus
866 554 1086 607 accepissent,
1110 570 1149 595 ut
1158 560 1227 597 Dei

301 608 450 648 facerent
472 607 707 648 voluntatem:
736 620 778 644 ne
803 607 895 645 forte
921 619 1004 655 ergo
1030 611 1074 644 ita
1093 607 1228 656 respon-

299 658 400 703 deat,
423 657 487 696 alia
511 657 554 695 de
579 657 644 697 hac
671 670 708 695 re
735 657 840 695 verba
865 659 934 704 ejus
957 660 1100 706 accipite
1125 685 1133 694 .
1160 662 1228 710 ‚Qui

298 712 433 755 εκτνίεῐ
445 711 577 758 inquit,
602 711 643 745 ad
661 715 763 747 Deum
774 733 786 751 ,
811 709 856 750 &⁶
873 721 895 747 a
912 714 978 747 Deo
991 707 1026 754 se
1042 711 1107 753 regi
1124 713 1226 754 cupit,

298 760 332 796 id
346 755 414 807 est,
439 759 640 797 voluntatem
655 757 749 804 suam
768 770 811 795 ex
835 756 904 805 ejus
922 756 1090 797 voluntate
1103 757 1226 804 suspen·

297 808 379 852 d‘mf
400 811 457 857 qui·
479 812 509 846 ei
531 809 711 848 adherendo
733 808 854 854 jugiter
877 833 890 852 ,
915 820 996 847 unus
1022 833 1034 851 ,
1055 807 1225 853 [iocundum

295 854 482 904 Apostolum
492 884 505 903 ,
523 870 602 895 cum
619 870 654 896 eo
666 855 708 901 fic
721 857 854 904 spiritus
864 883 876 902 ,
901 871 958 895 non
977 858 1032 893 hoc
1048 858 1102 904 nifi
1119 861 1156 895 de
1175 871 1225 896 ar—

293 905 383 945 bieria·
406 907 501 956 efficit
517 908 684 949 libertate,
711 907 836 947 Videte
855 918 1015 957 quantam
1041 921 1114 944 rem
1133 908 1225 947 dixe:

293 960 341 994 rit
365 969 437 995 non
453 957 544 996 effici
568 958 627 996 nifi
647 956 781 995 arbitrii
808 958 984 998 libertates
1011 970 1047 994 ac
1075 971 1134 1005 per
1153 959 1224 999 hoc

293 1006 360 1045 fine
385 1009 559 1054 adiutorio
576 1013 646 1046 Dei
664 1021 726 1045 nos
743 1010 826 1046 Deo
844 1007 1014 1047 existimat
1033 1007 1222 1046 adhaerere:

293 1055 365 1096 hoc
389 1058 439 1096 est
464 1064 555 1096 enim
575 1084 588 1102 ,
612 1072 670 1096 non
694 1058 749 1105 nzfi
773 1061 811 1095 de
835 1059 961 1096 arbitrii
985 1057 1130 1098 libertate
1150 1075 1159 1095 ε
1185 1070 1222 1096 ut

293 1120 374 1145 cum
399 1106 636 1149 adhaeserimus
662 1122 705 1145 eo
730 1121 801 1146 non
826 1109 1026 1155 adjuvante,
1052 1119 1132 1146 tunc
1159 1112 1224 1156 jam

294 1161 456 1206 quoniam
482 1158 680 1197 adhaefimus
707 1162 809 1196 etiam
834 1159 983 1206 adjuvari
1012 1172 1223 1198 mereamur.

293 1206 315 1229 *
363 1220 365 1222 ·
389 1213 483 1246 uitur
506 1214 598 1247 enim
624 1215 658 1247 ἃ
685 1208 791 1254 dicit,
816 1217 891 1261 ,Qua
916 1212 971 1254 qui
996 1207 1070 1245 bene
1095 1214 1225 1254 utitur,

291 1257 330 1296 id
344 1271 363 1295 e
403 1285 415 1303 ,
441 1259 572 1298 arbitrii
591 1259 748 1297 libertate
773 1263 833 1310 qui
853 1258 937 1296 bene
957 1262 1086 1302 utitur,
1111 1264 1159 1297 ita
1175 1261 1224 1304 se,

291 1310 426 1357 inquit,
451 1319 555 1349 totum
573 1313 676 1349 tradit
696 1317 783 1354 Deo,
807 1321 987 1354 omnemque
1007 1309 1098 1353 suam
1117 1314 1226 1348 morti-

284 1355 365 1402 ficat
391 1361 592 1401 voluntatem
609 1387 621 1406 ‚
644 1370 683 1399 ut
706 1372 778 1398 cum
803 1358 952 1405 apostolo
973 1357 1064 1404 poffit
1087 1361 1188 1397 dicere
1211 1385 1225 1404 ,

287 1413 375 1447 Vivo
393 1421 502 1448 autem
517 1410 588 1459 jam
607 1423 667 1448 non
685 1421 761 1456 ego,
781 1413 877 1447 vivit
894 1419 1002 1446 autem
1020 1413 1052 1446 in
1070 1423 1118 1446 me
1137 1412 1224 1448 Chri·

286 1457 374 1503 lluss
396 1465 545 1508 ponitque
563 1474 617 1498 cor
628 1461 722 1505 suum
740 1464 771 1498 in
789 1472 884 1496 manu
901 1463 983 1501 Dei,
1008 1470 1045 1495 ut
1070 1461 1148 1498 illud
1163 1473 1223 1507 quo

287 1509 449 1554 voluerit,
474 1511 538 1558 ipse
556 1511 706 1549 declinet.
724 1512 891 1558 Magnum
913 1509 1070 1559 profecto
1091 1510 1221 1555 adjuto·

287 1562 380 1597 rium
405 1562 532 1598 divinae
558 1565 697 1610 gratiae,
725 1572 762 1597 ut
787 1574 848 1597 cor
876 1559 1030 1597 nostrum
1057 1574 1129 1608 quo
1156 1575 1218 1597 vo-

286 1607 392 1647 luerit
407 1613 512 1648 Deus
529 1637 543 1655 ,
568 1610 636 1660 ipse
663 1611 810 1648 declinet
833 1639 841 1646 .
867 1610 932 1647 Sed
958 1609 1027 1647 hoc
1053 1622 1122 1647 tam
1148 1625 1218 1649 ma-

285 1672 394 1709 gnum
421 1661 651 1708 adjutorium,
677 1661 757 1699 ficut
783 1660 844 1698 iste
871 1660 1014 1709 desipit,
1038 1672 1121 1698 tunc
1147 1675 1219 1698 me-

285 1722 428 1755 remur,
453 1724 532 1749 cum
553 1712 619 1750 fine
646 1712 724 1750 ullo
742 1711 915 1758 adjutorio
933 1724 1003 1747 non
1029 1711 1088 1748 nifi
1106 1712 1148 1748 de
1167 1726 1218 1748 ar-

286 1758 385 1798 bitrii
411 1761 568 1802 libertate
594 1762 636 1801 ad
661 1765 856 1802 Dominum
883 1764 1052 1798 currimus
1069 1786 1081 1805 ,
1106 1761 1148 1799 ab
1174 1774 1218 1798 eo

287 1823 353 1847 nos
376 1816 448 1860 regi
469 1817 651 1861 cupimus,
680 1813 891 1849 voluntatem
913 1811 1063 1848 nostram
1082 1824 1126 1848 ex
1147 1814 1218 1857 ejus

287 1861 465 1898 voluntate
483 1862 714 1912 suspendimus
725 1889 736 1905 ,
747 1867 844 1911 eique
855 1861 1059 1900 adhaerendo
1079 1863 1218 1910 jugiter,

283 1921 372 1948 ‘unus
399 1924 478 1949 cum
505 1913 570 1950 illo
595 1911 765 1950 efficimur
792 1913 927 1960 spiritus
945 1940 954 1949 .
979 1915 1065 1949 Haec
1091 1911 1218 1950 scilicet

285 1970 357 1997 tam
383 1966 529 2008 ingentia
549 1963 664 2006 bona,
689 1977 759 2000 non
785 1963 846 1999 nisi
864 1963 906 1999 de
926 1961 1081 2005 arbitrii,
1106 1962 1223 1999 secum

285 2009 369 2047 dum
395 2013 517 2056 istum,
544 2013 712 2051 efficimus
737 2013 892 2051 libertate
919 2039 931 2056 ,
956 2023 994 2048 ut
1019 2012 1074 2050 his
1099 2026 1221 2062 praece·

284 2060 444 2101 dentibus
468 2067 600 2101 meritis
627 2063 669 2099 sic
695 2066 764 2110 ejus
781 2067 924 2112 gratiam
951 2062 1221 2110 consequamur,

283 2120 322 2145 ut
340 2120 403 2147 cor
424 2112 579 2148 nostrum
601 2124 672 2156 quo
691 2115 844 2149 voluerit
864 2113 930 2160 ipse
945 2113 1108 2151 declinet.
1122 2118 1220 2159 Quo-

282 2157 394 2195 modo
412 2158 461 2194 e‘st
480 2171 564 2206 ergo
584 2162 690 2205 gratia
702 2160 747 2200 ,fi
764 2173 836 2194 non
856 2166 958 2204 gratis
975 2162 1094 2198 datur?
1122 2167 1220 2208 Quo-

283 2208 394 2245 modo
417 2207 466 2244 est
492 2211 622 2256 gratia,
647 2207 672 2243 si
696 2220 740 2243 ex
766 2206 886 2242 debito
914 2207 1089 2242 redditur?
1115 2215 1219 2252 Quo-

284 2257 396 2302 modo
420 2271 542 2294 verum
567 2257 651 2293 dicit
678 2256 890 2305 Apostolus,
915 2254 1002 2290 Non
1023 2268 1065 2291 ex
1092 2256 1217 2298 vobis,

285 2305 341 2342 sed
366 2309 436 2342 Dei
463 2306 594 2345 donum
619 2305 693 2348 est,
718 2318 789 2341 non
814 2319 858 2342 ex
884 2304 1069 2353 operibus,
1097 2318 1138 2341 ne
1149 2306 1218 2342 for-

283 2366 319 2392 te
339 2360 416 2403 quis
435 2355 644 2393 extollatur?
671 2359 717 2393 Et
739 2359 887 2399 iterum,
913 2359 944 2392 Si
964 2366 1077 2392 autem
1096 2361 1218 2403 gratia,

283 2408 422 2453 inquit,
447 2408 513 2454 jam
538 2416 609 2443 non
634 2419 679 2444 ex
705 2405 891 2455 operibus,
915 2405 1070 2452 alioquin
1096 2409 1217 2452 gratia,

282 2456 352 2501 jam
377 2466 450 2491 non
473 2455 522 2491 est
546 2459 671 2503 gratia.
697 2455 893 2501 Quomodo
913 2480 926 2497 ‚
953 2459 1090 2503 inquam
1110 2478 1122 2495 ‚
1148 2453 1219 2489 hoc

284 2517 408 2542 verum
433 2503 503 2548 est,
528 2504 553 2541 fi
579 2517 685 2552 opera
702 2515 794 2541 tanta
819 2502 1037 2552 praecedunt,
1063 2514 1137 2549 quae
1156 2515 1218 2537 no-

283 2554 337 2592 bis
355 2554 572 2603 adipiscendae
589 2557 704 2602 gratiae
722 2552 1024 2598 meritqufaciant
1035 2576 1047 2593 ,
1064 2564 1136 2598 quo
1155 2564 1218 2587 no-

284 2604 337 2642 bis
362 2618 432 2642 non
458 2604 605 2643 donetur
630 2607 806 2653 gratuito,
832 2602 887 2638 sed
914 2601 1073 2638 reddatur
1098 2614 1140 2636 ex
1160 2601 1216 2636 de-

285 2655 533 2703 bito?Ergone
551 2665 591 2691 ut
611 2657 830 2703 perveniatur
849 2652 891 2688 ad
903 2651 1110 2695 adiutorium
1130 2653 1214 2693 Dei,

285 2706 330 2743 ad
354 2708 471 2743 Deum
505 2708 654 2743 curritur
679 2704 744 2742 fine
771 2703 946 2749 adjutorio
971 2703 1039 2738 Dei
1068 2716 1078 2739 ς
1114 2705 1148 2738 &
1175 2711 1214 2738 ut

286 2759 368 2792 Deo
386 2755 592 2793 adhaerentes
617 2755 817 2802 adjuvemur
838 2767 855 2789 a
873 2755 978 2794 Deo,
1002 2764 1020 2787 a
1040 2754 1120 2788 Deo
1140 2764 1211 2788 non

286 2807 392 2852 adjuti
417 2805 628 2843 adhaeremus
654 2807 755 2843 Deo?
781 2802 878 2848 Quid
903 2800 1040 2838 homini
1066 2804 1172 2846 majus
1197 2827 1210 2845 ,

286 2856 414 2904 quidve
439 2856 504 2892 tale
524 2858 652 2904 poterit
677 2858 783 2903 gratia
804 2853 871 2902 ipsa
898 2851 1076 2900 praestare,
1101 2852 1125 2887 si
1142 2854 1209 2898 jam

286 2907 353 2942 fine
380 2907 438 2944 illa
463 2919 547 2942 unus
572 2917 651 2942 cum
678 2908 838 2943 Domino
872 2904 1007 2951 spiritus
1033 2901 1123 2938 effici
1149 2913 1210 2950 po-

286 2960 374 2999 tuit,
401 2970 470 2993 non
496 2956 557 2992 nifi
581 2956 622 2992 de
648 2955 783 2992 arbitrii
808 2953 984 2990 libertate?

339 3007 402 3044 Sed
427 3007 552 3043 vellem
580 3017 617 3042 ut
644 3005 704 3042 iste
729 3005 857 3041 diceret
883 3029 896 3046 ,
921 3014 1036 3041 utrum
1063 3016 1123 3039 rex
1151 3003 1210 3039 ille

290 3056 446 3104 Assyrius
472 3058 564 3103 cujus
591 3055 716 3093 Esther
741 3055 849 3092 saneta
875 3053 999 3091 mulier
1025 3052 1213 3091 exsecraba-

288 3118 346 3143 tur
371 3106 504 3149 cubile,
528 3106 666 3155 quando
690 3103 881 3142 confidebat
907 3107 941 3139 in
961 3101 1092 3140 throno
1120 3107 1214 3151 regni

290 3156 404 3199 sui,&
422 3159 519 3194 omni
538 3156 623 3192 stola
643 3155 874 3192 illustrationis
893 3153 954 3190 suae
974 3153 1110 3190 indutus
1129 3165 1213 3197 erat,

289 3217 382 3242 totus
407 3217 492 3242 auro
517 3210 663 3243 variatus
697 3203 928 3253 lapidibusque
953 3204 1106 3252 pretiofis
1133 3229 1144 3246 ,
1177 3208 1212 3241 &

289 3267 360 3294 erat
377 3255 620 3295 formidolosus
640 3256 760 3299 valde,
785 3260 818 3291 δε
839 3255 967 3290 elevata
985 3253 1068 3292 facie
1090 3253 1143 3294 sua
1163 3257 1212 3289 in-

290 3307 461 3345 flammata
479 3311 513 3342 in
532 3306 832 3342 claritateintuitus
850 3304 898 3342 est
919 3317 1015 3347 eam,
1034 3315 1210 3351 tamquam

290 3368 404 3394 taurus
429 3361 463 3394 in
489 3361 620 3404 impetu
645 3356 884 3403 indignationis
910 3355 972 3391 suae
996 3381 1008 3399 ,
1033 3359 1067 3392 δε
1092 3357 1210 3390 timuit

291 3411 427 3454 regina,
452 3412 486 3446 &
513 3406 692 3443 conversus
709 3406 758 3443 est
785 3405 883 3442 color
902 3407 970 3451 ejus
997 3418 1057 3454 per
1076 3403 1209 3440 dissolu-

291 3461 422 3493 tionem
448 3482 461 3499 ,
494 3462 529 3495 δε
556 3457 731 3493 inclinavit
756 3455 787 3494 se
812 3455 909 3503 super
935 3466 1035 3503 caput
1059 3455 1209 3491 delicatae

291 3507 355 3544 suae
387 3532 400 3550 ‚
448 3521 521 3554 quae
568 3505 774 3555 praecedebat
807 3519 880 3542 eam
917 3520 925 3540 ε
971 3506 1094 3543 vellem
1128 3518 1212 3552 ergo

293 3557 420 3593 diceret
437 3557 497 3594 iste
515 3556 636 3600 nobis,
657 3568 775 3594 utrum
796 3569 856 3593 rex
875 3555 932 3591 ille
952 3555 993 3593 ad
1011 3559 1126 3592 Deum
1147 3556 1211 3600 jam

291 3618 507 3650 cucurrerat,
523 3611 558 3644 &
576 3606 619 3643 ab
634 3619 677 3643 eo
695 3606 726 3642 se
749 3610 817 3653 regi
836 3609 1008 3653 cupiverat
1022 3631 1033 3649 ‚
1054 3604 1211 3652 suamque

291 3657 504 3695 voluntatem
522 3670 565 3692 ex
583 3659 651 3700 eius
672 3657 845 3693 voluntate
866 3655 1098 3703 suspenderat,
1124 3661 1157 3691 &
1179 3659 1210 3691 ei

292 3708 412 3756 jugiter
439 3706 636 3745 inhaerendo
652 3720 737 3743 unus
762 3719 839 3742 cum
866 3705 929 3741 illo
953 3706 1087 3755 spiritus
1106 3705 1210 3741 faetus

289 3768 383 3800 erat,
409 3770 477 3794 non
494 3757 552 3794 nisi
563 3757 611 3793 de
629 3756 756 3795 arbitrii
779 3755 956 3794 libertate?
976 3767 1090 3792 utrum
1111 3754 1140 3790 se
1160 3765 1211 3789 to-

292 3818 366 3845 tum
390 3811 470 3845 Deo
494 3806 700 3850 tradiderat,
725 3818 930 3853 omnemque
948 3805 1046 3842 esuam
1066 3804 1210 3844 mortifi-

293 3870 426 3897 caverat
444 3858 678 3903 voluntatem,
703 3861 737 3894 &
761 3869 821 3895 cor
840 3855 935 3894 suum
961 3860 995 3893 in
1021 3868 1121 3894 manu
1142 3857 1211 3893 Dei

2107 296 2211 341 201

1291 359 1474 408 posuerat?
1500 367 1589 399 Puto
1614 376 1685 401 non
1709 363 1858 413 defipere
1873 390 1886 409 ,
1910 365 1965 403 sed
1990 368 2129 409 insanire
2155 374 2221 413 ho-

1291 413 1420 447 minem
1434 436 1446 453 ,
1471 412 1618 460 quisquis
1635 413 1678 449 de
1696 413 1760 454 illo
1780 427 1882 462 rege,
1906 416 2015 465 qualis
2032 428 2113 456 tunc
2131 435 2221 470 erat,

1290 458 1362 497 hoc
1388 460 1542 498 senserit:
1568 467 1602 498 &
1627 474 1740 502 tamen
1766 470 1938 503 convertit
1960 469 2055 505 Deus
2078 473 2114 506 δε
2135 483 2221 511 tren-

1289 509 1385 547 stulit
1403 511 1667 559 indignationem
1687 515 1755 560 ejus
1775 519 1810 551 in
1830 515 2031 555 laenitatem.
2058 522 2148 567 Quis
2166 535 2223 562 au-

1289 571 1359 597 tem
1386 573 1455 596 non
1482 562 1593 600 videat
1617 563 1731 601 multo
1756 567 1861 612 majus
1886 564 1949 603 effe
1976 593 1988 611 ,
2015 568 2221 618 indignatio-

1288 624 1367 647 nem
1391 624 1409 649 a
1428 616 1605 648 contrario
1630 616 1666 652 ‚in
1694 614 1868 652 lenitatem
1893 629 2095 656 convertere
2119 630 2221 672 atque

1287 660 1489 704 transferre,
1515 675 1616 710 quam
1635 677 1696 700 cor
1714 676 1832 704 neutra
1850 665 2029 704 affeetione
2047 681 2219 719 praeoccu-

1286 723 1427 759 patum,
1451 712 1507 752 sed
1526 717 1615 752 inter
1641 726 1819 764 utramque
1844 716 1998 754 medium
2023 722 2059 757 in
2087 720 2219 770 aliquid

1286 761 1480 799 declinare?
1505 767 1634 811 Legant
1660 777 1743 812 ergo
1769 770 1804 802 ἃ
1829 767 2043 816 intelligant,
2068 773 2219 807 intuean—
2236 792 2264 823 D
2330 791 2369 821 mi

1286 822 1343 848 tur
1369 823 1469 860 atque
1495 813 1661 851 fateantur
1686 840 1698 858 ,
1735 827 1807 852 non
1834 817 1907 865 lege
1933 829 2034 868 atque
2060 819 2217 858 doetrina
2235 802 2415 872 biflagoteilg‘.

1287 861 1459 902 insonante
1485 863 1690 908 forinsecus,
1717 864 1772 902 sed
1798 870 1930 905 interna
1952 879 2054 916 atque
2081 871 2262 908 occultate
2278 880 2414 913 operatur

1285 911 1434 951 mirabili
1455 926 1492 948 ac
1513 913 1673 952 ineffabili
1698 915 1863 962 potestate
1886 922 2023 966 operari
2042 922 2158 956 Deum
2181 925 2215 957 in
2234 913 2263 943 5¹¹
2273 911 2406 943 ‘of‘fflm

1283 961 1445 1002 cordibus
1465 961 1670 1008 hominum,
1695 978 1765 1001 non
1786 965 1897 1003 solum
1924 981 2017 1007 veras
2035 970 2216 1008 revelatio—
2233 953 2415 1023 ‘l'fflffiesw‘

1284 1025 1341 1052 nes
1357 1038 1368 1056 ‚
1394 1011 1450 1048 sed
1474 1017 1574 1049 etiam
1601 1013 1706 1052 bonas
1734 1014 1942 1054 voluntates.
2372 1010 2380 1020 ⁸

1335 1062 1474 1098 Desinat
1500 1067 1612 1114 itaque
1640 1065 1705 1109 jam
1739 1065 1892 1113 Pelagius
1918 1094 1931 1111 ‚
1955 1072 1990 1104 δι
2018 1068 2159 1117 seipsum
2185 1074 2220 1108 &
2253 1091 2280 1121 C
2402 1089 2409 1091 -

1283 1111 1370 1150 alios
1394 1112 1510 1149 fallere
1536 1139 1548 1157 ,
1574 1125 1693 1151 contra
1720 1116 1787 1154 Dei
1813 1119 1957 1164 gratiam
1983 1117 2185 1166 disputando
2210 1147 2218 1155 .
2263 1100 2394 1162 χλὲῗιτ

1285 1165 1370 1201 Non
1390 1174 1534 1211 propter
1556 1163 1697 1201 illorum
1716 1168 1821 1203 trium
1843 1176 1949 1203 unum
1962 1193 1973 1210 ,
1997 1167 2032 1206 id
2053 1168 2123 1213 est,
2141 1182 2220 1217 pro-
2237 1156 2407 1210 l'elagiana-

1285 1223 1362 1262 pter
1386 1213 1645 1263 poffibilitatem
1671 1214 1769 1253 bonae
1796 1216 1981 1253 voluntatis
2010 1228 2111 1267 atque
2137 1232 2219 1268 ope·
2237 1220 2332 1257 gratia
2353 1213 2416 1251 pos·

1287 1267 1356 1305 ris,
1382 1263 1438 1299 sed
1455 1268 1557 1300 etiam
1584 1275 1729 1316 propter
1756 1266 1969 1304 voluntatem
1996 1272 2031 1304 δε
2050 1273 2221 1318 operatio—
2237 1253 2382 1322 ¹¹b²¹1¹¹{}‘¹⁵

1288 1326 1365 1349 nem
1386 1313 1510 1352 bonam
1532 1327 1610 1362 erga
1628 1326 1691 1352 nos
1709 1319 1816 1362 gratia
1839 1319 1907 1355 Dei
1931 1317 2142 1368 praedicanda
2161 1318 2220 1358 est:
2238 1302 2290 1333 ‘xp
2305 1301 2322 1323 ⁰
2345 1303 2406 1324 itur

1287 1366 1378 1400 Nam
1397 1364 1491 1400 illam
1503 1364 1759 1414 poffibilitatem
1780 1366 1823 1404 ad
1844 1376 2029 1415 utrumque
2043 1369 2155 1405 valere
2167 1369 2222 1406 de-

1287 1413 1364 1451 finit
1390 1427 1399 1449 :
1434 1419 1469 1451 δε
1493 1425 1607 1452 tamen
1632 1429 1703 1453 non
1730 1414 1811 1462 ideo
1829 1416 2016 1455 ‘tribuenda
2040 1418 2114 1456 sunt
2140 1422 2223 1455 Deo

1287 1467 1390 1500 ctiam
1413 1463 1526 1501 nostra
1553 1478 1710 1514 peccata,
1737 1465 1820 1505 sicut
1840 1472 1875 1504 δε
1897 1466 2042 1516 propter
2067 1469 2224 1507 eamdem

1284 1514 1542 1562 poffibilitatem
1569 1517 1644 1553 vult
1669 1515 1818 1556 tribuere
1840 1516 1932 1554 bona
1958 1530 2064 1569 opera
2090 1518 2223 1556 nostra.

1283 1567 1369 1601 Non
1389 1565 1470 1602 ideo
1490 1576 1623 1606 tantum
1635 1567 1842 1613 adjutorium
1855 1566 1980 1605 divinae
2000 1568 2116 1615 gratiae
2129 1574 2223 1604 com-

1280 1613 1484 1658 mendetur,
1508 1621 1586 1665 quia
1596 1617 1850 1666 poffibilitatem
1877 1618 2013 1664 adjuvat
2025 1619 2224 1656 naturalem.
2243 1641 2246 1643 -

1279 1663 1419 1701 Definat
1439 1665 1576 1713 dicere,
1601 1670 1694 1720 Qud
1710 1667 1867 1714 poffumus
1894 1681 1980 1706 omne
2005 1664 2118 1706 bonum
2139 1669 2226 1714 face—

1280 1725 1336 1756 re,
1361 1716 1482 1758 dicere,
1507 1721 1667 1761 cogitare,
1693 1719 1779 1754 illius
1801 1717 1844 1762 eli
1869 1721 1924 1763 qui
1948 1719 2004 1755 hoc
2029 1716 2110 1764 poffe
2134 1721 2226 1755 dona—

1282 1766 1360 1806 vit,
1387 1769 1443 1809 qm·
1466 1766 1523 1800 hoc
1546 1765 1625 1811 poffe
1650 1767 1801 1814 adjuvat.
1814 1771 1829 1803 ε’
1859 1769 1945 1814 quoa
1966 1779 2045 1803 vero
2070 1767 2144 1804 bene
2166 1768 2227 1802 vel

1281 1817 1426 1857 agimus,
1453 1815 1510 1850 vel
1529 1816 1707 1862 loquimur,
1726 1817 1784 1855 vel
1801 1820 2000 1860 cogitamus,
2021 1815 2154 1859 nostrum
2173 1815 2224 1859 est.

1281 1862 1442 1907 Defluat,
1467 1868 1606 1912 inquam
1619 1890 1631 1908 ‚
1652 1865 1714 1903 ista
1735 1865 1847 1903 dicere
1863 1893 1871 1903 .
1898 1869 1983 1904 Non
2003 1865 2112 1902 solum
2131 1869 2225 1903 enim

1281 1916 1378 1950 Deus
1395 1912 1487 1962 poss‘e
1514 1915 1671 1956 nostrum
1693 1915 1836 1954 donavit
1846 1926 1955 1964 ‘atque
1982 1916 2142 1961 adjuvat,
2168 1915 2223 1952 sed

1284 1967 1388 1999 etiarn
1418 1963 1507 2000 velle
1534 1969 1570 2002 δε
1590 1969 1724 2012 operari
1750 1975 1912 2013 operatur
1937 1969 1972 2002 in
1993 1964 2110 2000 nobis.
2139 1969 2223 2002 Non

1284 2018 1362 2060 quia
1390 2027 1452 2049 nos
1480 2027 1550 2050 non
1579 2015 1763 2055 volumus,
1788 2025 1845 2052 aut
1872 2026 1935 2050 nos
1961 2026 2039 2058 non<
2058 2015 2187 2061 agimus
2213 2029 2223 2050 e

1283 2063 1341 2099 sed
1366 2067 1445 2111 quia
1473 2063 1539 2101 sine
1568 2064 1668 2112 ipfius
1695 2063 1868 2109 adjutorio
1892 2075 1953 2100 nec
1978 2063 2140 2100 volumus
2166 2064 2222 2100 ali-

1282 2113 1366 2161 quid
1392 2114 1472 2150 boni
1497 2139 1510 2157 ,
1535 2128 1596 2150 nec
1622 2117 1771 2161 agimus.
1799 2113 1993 2159 Quomodo
2019 2116 2110 2151 enim
2139 2113 2223 2150 dici-

1281 2174 1363 2206 tur,
1388 2166 1482 2215 ,Quod
1495 2163 1648 2210 possumus
1671 2162 1745 2201 hene
1763 2175 1876 2208 agere,
1902 2167 1962 2200 Dei
1981 2162 2044 2208 esi,
2069 2165 2149 2209 quod
2168 2175 2223 2199 au-

1281 2221 1347 2247 tem
1366 2218 1506 2255 agimus,
1525 2237 1537 2254 ‚
1562 2213 1693 2255 nostrum
1713 2213 1774 2255 eft?
1800 2226 1879 2249 cum
1899 2214 1988 2250 dicat
2010 2213 2223 2260 Apostolus,

1283 2270 1382 2293 orare
1409 2259 1440 2293 se
1467 2259 1509 2294 ad
1535 2263 1651 2296 Deum
1678 2274 1746 2307 pro
1771 2266 1818 2297 eis
1844 2262 1884 2297 ad
1911 2275 1997 2308 quos
2025 2262 2190 2298 scribebat
2210 2284 2223 2306 ,

1281 2318 1324 2342 ne
1350 2306 1435 2354 quid
1462 2307 1543 2343 mali
1570 2309 1716 2350 faciant,
1742 2314 1776 2347 δε
1804 2320 1842 2346 ut
1871 2310 1968 2359 quod
1994 2309 2126 2348 bonum
2152 2312 2223 2356 est,

1280 2356 1423 2392 faciant.
1453 2361 1535 2393 Nori
1562 2363 1653 2394 enim
1680 2363 1750 2401 ait,
1774 2362 1927 2396 Oramus
1953 2370 1991 2396 ut
2016 2362 2149 2408 poffitis
2173 2365 2222 2398 ni·
2241 2358 2411 2394 ²·C⁰‘'·¹J>7·

1279 2404 1333 2440 hil
1353 2406 1433 2440 mali
1453 2406 1581 2443 facere3
1603 2407 1679 2446 sed,
1697 2419 1738 2441 ne
1757 2407 1842 2453 quid
1861 2407 1988 2444 faciatis
2010 2409 2093 2445 mali
2107 2422 2118 2442 :
2136 2421 2220 2454 nec,

1280 2464 1318 2488 ut
1337 2454 1468 2500 poffitis
1493 2452 1625 2490 bonum
1644 2455 1773 2492 faceres
1799 2454 1881 2497 sed,
1906 2466 1944 2491 ut
1964 2454 2096 2493 bonum
2122 2458 2219 2496 facia-

1279 2505 1339 2537 tis.
1353 2505 1530 2547 Quoniam
1545 2503 1588 2538 de
1607 2502 1730 2552 quibus
1750 2502 1914 2553 scriptum
1928 2504 2001 2548 est,
2019 2510 2215 2556 -Quotquot
2236 2511 2341 2541 Rom.8
2368 2521 2411 2547 η.

1278 2555 1372 2587 enim
1399 2555 1529 2600 Spiritu
1556 2555 1624 2589 Dei
1649 2564 1795 2599 aguntur
1818 2579 1830 2596 ,
1854 2553 1892 2591 hi
1920 2555 1983 2591 filii
2009 2555 2085 2593 sunt
2109 2560 2179 2594 Dei
2205 2573 2216 2596 z

1278 2601 1440 2649 profecto
1451 2612 1487 2637 ut
1509 2613 1608 2650 agant
1627 2603 1723 2650 quod
1736 2602 1865 2640 bonum
1886 2603 2008 2647 cst,ab
2030 2606 2095 2643 illo
2114 2619 2216 2655 agun-

1277 2661 1334 2687 tur
1359 2656 1416 2699 qui
1442 2651 1552 2688 bonus
1577 2652 1625 2690 est
1651 2681 1658 2688 .
1689 2654 1885 2700 Quomodo
1910 2654 1995 2691 dicit
2022 2657 2176 2704 Pelagius
2201 2683 2214 2701 ,

1274 2702 1365 2754 ,Quod
1385 2700 1458 2738 bene
1478 2702 1563 2748 loqui
1585 2701 1736 2748 possumus
1757 2709 1817 2741 Dei
1839 2703 1902 2747 est,
1927 2707 2007 2751 quod
2026 2706 2101 2743 bene
2117 2707 2214 2752 toqui—

1273 2764 1365 2794 mur,
1390 2750 1522 2793 nostrum
1541 2752 1604 2794 est?
1629 2767 1708 2791 cum
1733 2754 1822 2790 dicat
1846 2757 2045 2798 Dominus,
2071 2760 2212 2805 Spiritus

1273 2805 1379 2841 Patris
1400 2801 1504 2839 vestri
1531 2802 1603 2846 est,
1628 2807 1686 2852 qui
1709 2803 1866 2851 loquitur
1887 2809 1922 2840 in
1943 2804 2063 2842 vobis?
2088 2811 2210 2856 Neque

1272 2856 1364 2888 enim
1391 2855 1459 2894 ait,
1485 2856 1569 2889 Non
1596 2866 1659 2889 vos
1679 2853 1756 2893 estis
1781 2857 1840 2902 qui
1866 2854 2004 2891 dedistis
2030 2855 2129 2893 vobis
2155 2858 2211 2893 be-

1271 2915 1314 2941 ne
1340 2900 1429 2950 poffe
1450 2902 1572 2950 loqui‚‘
1595 2903 1651 2940 scd
1676 2908 1747 2947 ait,
1774 2907 1856 2941 Non
1883 2918 1945 2941 vos
1973 2904 2051 2941 estis
2078 2911 2135 2954 qui
2159 2908 2210 2943 lo·-

1272 2955 1437 3000 quimini.
1463 2955 1538 2990 Nec
1563 2957 1610 2990 ait
1625 2979 1636 2996 ‚
1662 2958 1804 3003 Spiritus
1825 2958 1930 2993 Patris
1955 2954 2059 2991 vestri
2082 2956 2132 2992 est
2149 2962 2207 3004 qui
2228 2952 2401 3001 MWh-JQ·

1272 3001 1369 3040 vobis
1394 3002 1474 3044 dat,
1500 3003 1555 3042 vel
1575 3003 1668 3041 dedit
1695 3003 1785 3052 posse
1806 3003 1889 3041 bene
1915 3004 2035 3053 loquiz
2062 3004 2117 3042 sed
2134 3011 2182 3043 ait
2196 3034 2207 3050 ,
2229 3001 2279 3028 29-

1273 3053 1428 3100 loquitur
1453 3055 1488 3089 in
1516 3052 1636 3090 vobis:
1665 3067 1734 3091 non
1762 3054 1947 3102 significans
1975 3054 2207 3102 poffibilitatis

1274 3101 1467 3152 profectum
1477 3128 1489 3146 ,
1500 3102 1554 3138 sed
1564 3107 1758 3151 exprimens
1769 3108 2023 3152 cooperationis
2032 3103 2204 3143 effeeium.

1276 3152 1470 3199 Quomodo
1497 3153 1579 3190 dicit
1606 3153 1703 3190 liberi
1730 3154 1861 3191 arbitrii
1896 3155 2003 3192 elatus
2027 3154 2165 3192 assertor
2190 3181 2203 3201 ,
2225 3147 2322 3193 14¹³?st
2358 3160 2403 3179 ar-

1274 3205 1366 3255 ,Quod
1382 3201 1534 3249 possumus
1560 3203 1632 3240 bene
1650 3208 1808 3249 cogitare,
1835 3208 1895 3241 Dei
1911 3205 1974 3249 eft,
1999 3207 2079 3250 quod
2095 3203 2203 3244 autem
2219 3187 2402 3260 gffe‘ssssgrhss?

1273 3252 1346 3292 bene
1370 3257 1566 3297 cogitamus,
1591 3253 1721 3297 nostrum
1748 3254 1812 3297 eft?
1841 3258 1909 3292 Cui
1935 3254 2114 3302 respondet
2139 3255 2203 3294 hus
2222 3268 2334 3308 Iagius.

1272 3304 1362 3341 milis
1381 3306 1495 3350 gratiae
1515 3304 1733 3351 praedicator:
1755 3308 1838 3341 Non
1858 3309 1936 3352 quia
1957 3306 2071 3342 idonei
2091 3306 2203 3344 sumus
2223 3311 2321 3341 2.Cor.
2331 3320 2361 3348 3-
2374 3320 2399 3346 ς.

1271 3357 1422 3401 cogitare
1441 3353 1570 3400 aliquid
1589 3367 1606 3390 a
1627 3354 1725 3391 nobis
1737 3380 1748 3396 ,
1773 3354 1863 3401 quasi
1882 3368 1931 3391 ex·
1943 3355 2203 3404 nobismetipfis3

1271 3403 1326 3440 sed
1354 3402 1549 3441 sufficientia
1575 3405 1687 3440 nostra
1713 3417 1755 3439 ex
1783 3407 1862 3440 Deo
1889 3405 1937 3443 est
1962 3433 1971 3440 .
2000 3409 2085 3442 Non
2106 3410 2200 3443 enim

1271 3457 1342 3495 ait,
1368 3452 1457 3501 poss'e
1483 3458 1650 3501 cogitare:
1676 3453 1756 3496 sed,
1782 3459 1934 3502 cogitare
1950 3483 1958 3491 .
2122 3479 2124 3481 >

1322 3503 1424 3539 lstam
1449 3505 1517 3540 Dei
1543 3509 1685 3551 gratiam
1714 3509 1748 3540 in
1773 3505 1898 3540 divinis
1925 3505 2070 3554 eloquiis
2096 3508 2201 3542 mani,
2240 3509 2378 3540 Carur

1273 3552 1390 3590 festam
1416 3557 1516 3589 etiam
1539 3555 1689 3602 Pelagius
1715 3554 1892 3591 manifeste
1911 3556 2074 3597 fateatur,
2100 3554 2199 3603 seque
2249 3549 2362 3580 XXV1.

1273 3603 1439 3639 tamdium
1466 3614 1583 3640 contra
1619 3603 1740 3641 senfiffe
1767 3618 1835 3640 non
1863 3609 1996 3653 operiat
2023 3604 2199 3653 impudem
2237 3589 2312 3658 3¹12}
2330 3601 2398 3659 ¹¹¹?ss

1273 3655 1398 3691 tiffimo
1420 3653 1572 3702 pudore,
1597 3653 1652 3691 sed
1675 3655 1797 3691 dolore
1816 3654 2038 3692 saluberrimo
2057 3658 2198 3704 aperiat,
2217 3639 2342 3710 lgagianae

1272 3715 1308 3740 ut
1337 3703 1444 3740 sancta
1481 3703 1626 3740 Ecclefia
1653 3717 1721 3740 non
1748 3704 1905 3742 turbetur
1939 3707 2196 3754 pertinaci-:ejus
2215 3710 2319 3748 gratiae
2345 3719 2397 3748 op-

1273 3753 1497 3790 obstinatione
1517 3780 1528 3797 ,
1546 3786 1548 3788 .
1563 3754 1618 3791 sed
1644 3758 1754 3791 veraci
1780 3757 1994 3792 comestione
2029 3756 2160 3792 laetetur
2186 3781 2194 3790 .
2214 3748 2324 3804 E0fifa·
2371 3788 2377 3794 .

1273 3803 1293 3822 *
1319 3807 1565 3851 cognitionem
1592 3809 1624 3840 δι
1651 3805 1905 3848 dileetioncm,
1939 3805 2021 3842 ficut
2047 3805 2122 3842 sunt
2145 3805 2194 3841 δίο.
2215 3787 2393 3859 13ἕὲξὲτὲἐὲ

1274 3853 1472 3899 scernenda,
1490 3854 1676 3899 discernat.
1703 3859 1792 3902 Quia
1820 3854 1952 3893 seientia
1970 3856 2194 3899 inflata-caris·
2214 3863 2394 3902 eiectionem.

2095 3915 2143 3941 tas

2245 1850 2320 1881 Phil.
2332 1859 2355 1879 2.
2373 1859 2415 1887 ¹3·
