2652 4126
283 274 2196 410 ‘ustassaiisisaisssaiiiisiiisaaaaa2222aaaaisiaaiau'aassaiiiamu

291 401 1154 558 SANCTI

2087 184 2201 246 269

1259 428 2192 604 ASTERII

475 594 1220 708 EPISCOPI
1297 600 2073 709 AMASEAE‘

809 757 891 831 H
953 759 1025 831 o
1087 760 1175 837 M
1235 761 1270 830 1
1332 759 1403 834 L
1454 761 1682 847 IAE·

482 977 520 1011 H
570 977 607 1011 O
655 976 698 1011 M
748 979 765 1011 I
815 980 845 1012 L
896 979 914 1012 1
964 979 1016 1012 A.

379 1076 419 1109 In
439 1073 555 1111 locum
574 1075 750 1123 Evangelii
771 1075 950 1113 secundum
971 1078 1116 1114 Lucam.

534 1182 582 1212 De
606 1178 722 1212 Divite
747 1179 789 1214 ὠ·
814 1184 959 1214 Lazaro.

560 1262 804 1302 ALVATOR
833 1259 961 1297 Noster
980 1263 1073 1297 Deus
1093 1261 1211 1298 odium

580 1313 747 1346 vitiorum
771 1335 783 1352 ,
810 1309 1023 1358 studiumque
1043 1315 1211 1348 virtutum

580 1373 649 1396 non
672 1360 780 1396 solum
802 1360 948 1396 vetando
968 1362 1213 1408 praecipiendo,-

414 1456 423 1463 ε
583 1423 649 1458 que
669 1409 870 1447 mortalibus
882 1413 1027 1458 ingerit,
1052 1410 1106 1447 sed
1117 1412 1214 1447 claris

464 1465 524 1509 g,
545 1468 548 1510 j
579 1464 680 1496 etiam
703 1460 867 1508 exemplis
895 1470 1020 1496 certam
1042 1460 1214 1500 instituen-

581 1510 631 1546 dae
643 1513 720 1546 vitae
729 1509 939 1558 disciplinam
952 1510 1055 1546 tradit
1067 1536 1078 1553 ‚
1104 1511 1210 1547 fabiis

282 1574 348 1609 que
359 1561 455 1604 fimul
467 1566 501 1598 &
512 1559 626 1597 verbis
637 1560 678 1597 ad
689 1573 761 1596 eam
781 1562 870 1596 reste
882 1564 1004 1608 pieque
1023 1561 1208 1609 degendam

280 1611 430 1659 impellit
449 1638 456 1646 .
484 1615 534 1647 Ita
553 1609 622 1653 hoc
640 1610 742 1651 loco,
768 1614 921 1658 quamvis
943 1609 1020 1646 alibi
1039 1612 1104 1658 jam
1125 1610 1208 1659 saepe

275 1661 533 1709 Prophetarum
546 1687 558 1704 ‚
568 1666 603 1697 &
615 1660 907 1708 Evangelistarum
929 1673 988 1704 ore
999 1685 1011 1703 ,
1036 1661 1091 1696 sed
1102 1666 1134 1697 &
1149 1661 1209 1697 suo

277 1709 470 1748 declarasset
482 1736 494 1754 ,
514 1711 597 1747 odio
608 1710 637 1746 se
650 1709 773 1748 habere
785 1709 940 1758 superbas
951 1715 984 1746 δε
995 1710 1094 1747 elatas
1104 1724 1186 1758 opes
1196 1724 1209 1750 ;

276 1772 408 1809 gratam
421 1772 532 1797 autem
546 1759 807 1803 humanitatem,
818 1770 1117 1809 paupertatemque
1127 1774 1207 1796 cum

272 1811 401 1858 justitia
411 1813 627 1858 conjunffam
641 1836 652 1853 ,
662 1822 699 1847 ut
714 1814 837 1849 rationi
850 1810 956 1847 robur
969 1824 1006 1846 ac
1018 1811 1209 1846 firmamen-

272 1871 349 1898 tum
359 1861 481 1904 addat‚
507 1860 700 1898 efficacibus
718 1865 826 1897 utitur
837 1861 1026 1908 exemplis,
1051 1860 1208 1902 divitem÷

299 1925 340 1949 ue
360 1915 394 1947 &
415 1924 557 1959 egenum
577 1910 738 1959 graphice
758 1911 916 1953 describit
938 1925 946 1946 :
973 1916 1005 1948 &
1030 1911 1119 1951 illius
1135 1914 1209 1958 qui-

297 1975 353 1998 em
365 1960 557 1998 ambitiosas
570 1962 763 2009 voluptates
774 1986 786 2004 ,
811 1959 910 2008 hujus
921 1971 1031 1996 autem
1044 1961 1206 2000 afflictam

271 2010 561 2060 aerumnossunque
583 2015 688 2048 vitam
707 2025 784 2048 cum
797 2011 968 2058 utriusque
990 2015 1084 2046 exitu
1107 2010 1206 2047 nobis

270 2061 320 2098 ob
341 2061 461 2098 oculos
472 2065 593 2108 ponit,
619 2073 656 2098 ut
665 2061 814 2098 aliorum
826 2075 868 2098 ex
888 2060 1044 2097 instituto
1064 2064 1206 2109 vitaeque

269 2123 413 2158 genere,
439 2109 480 2144 de
491 2109 611 2146 nostro
630 2111 780 2154 ipsorum
794 2114 884 2147 recte
906 2124 1050 2159 vereque
1061 2110 1206 2152 iudicare

336 1277 522 1327 ''ff-'⁸3⁸3

392 1326 423 1370 a¹
469 1323 549 1405 (ssi

241 2188 249 2198 .
270 2160 434 2209 poffimus
457 2185 464 2192 .
491 2160 550 2194 Vir
568 2158 697 2200 quidam
716 2166 786 2191 erat
802 2161 896 2192 dives
915 2184 927 2198 ‚
961 2162 1005 2198 (2-
1023 2161 1208 2197 induebatur

272 2219 412 2254 purpura
430 2219 467 2243 ac
479 2203 550 2251 hyffa
561 2233 569 2241 .
595 2207 680 2245 Haec
700 2207 814 2240 oratio
832 2203 966 2239 duobus
978 2229 989 2245 ‚
1015 2211 1047 2240 δι
1068 2209 1207 2251 quidem

272 2257 432 2297 brevibus
443 2254 558 2290 verbis
576 2267 635 2290 eos
643 2265 739 2291 notat
760 2267 797 2289 ac
809 2253 956 2290 traducit
970 2278 982 2295 ‚
1008 2256 1064 2300 qui
1078 2266 1138 2288 nec
1159 2267 1210 2290 re-

276 2309 329 2344 ete
348 2306 484 2342 divitias
503 2301 630 2342 habent
649 2327 661 2345 ,
687 2308 721 2340 &
744 2303 786 2339 ad
805 2307 916 2338 inanes
936 2303 1208 2351 immodicosque

271 2357 427 2404 sumptus
436 2354 623 2391 abutuntur
644 2367 653 2388 :
679 2365 756 2394 nam
783 2357 989 2400 &rpurpurae
999 2353 1100 2387 colo·
1112 2353 1209 2387 valde

275 2403 443 2456 pretiosus
461 2404 508 2440 est
519 2404 683 2488 planqpue
702 2403 923 2450 supervacuus
936 2426 948 2444 ,
967 2405 999 2436 &
1019 2400 1107 2445 byssi
1128 2403 1209 2436 item

275 2456 350 2494 usus
370 2458 513 2491 minime
524 2466 603 2489 nece
630 2456 718 2488 arius
728 2479 735 2486 .
762 2454 827 2487 His
836 2462 946 2487 autem
959 2474 971 2490 ‚
981 2453 1037 2496 qui
1052 2453 1156 2485 vitam
1168 2450 1212 2485 se-

275 2509 410 2544 &antur
422 2503 632 2540 moderatam
644 2515 680 2537 ac
690 2501 791 2548 frugi,
807 2503 987 2547 proprium
999 2511 1036 2534 ac
1047 2499 1211 2534 familiare

276 2556 326 2595 est
338 2582 350 2598 ‚
359 2568 437 2592 cum
450 2566 565 2590 rerum
575 2551 671 2589 usum
684 2551 870 2587 necessitate
883 2551 994 2584 metiri
1008 2573 1019 2589 ,
1030 2559 1102 2585 tum
1116 2552 1210 2585 inane

277 2619 372 2644 vanae
382 2605 500 2652 gloriae
513 2602 659 2640 studium
671 2600 890 2647 fallacemque
917 2598 1130 2645 voluptatem
1142 2609 1212 2634 tan-

278 2668 381 2705 quam
393 2658 560 2691 vitiorum
581 2662 754 2701 parentem
777 2654 883 2686 vitare
893 2675 901 2684 .
929 2649 990 2684 Sed
1001 2652 1090 2684 enim
1103 2673 1114 2690 ‚
1141 2661 1212 2696 quo

277 2707 401 2745 melius
411 2716 621 2751 eorum‚quae
630 2702 877 2742 dicuntur‚vim
887 2711 924 2735 ac
936 2697 1043 2733 robur
1054 2698 1217 2745 intelliga-

278 2769 356 2794 mus
366 2781 378 2799 ‚
390 2758 518 2803 primus
530 2752 811 2789 vestimentorum
823 2749 897 2786 usus
908 2747 1130 2796 inspiciendus
1143 2748 1191 2784 est
1202 2773 1215 2790 ‚

278 2818 383 2856 quam
394 2805 460 2841 late
481 2813 612 2852 pateat,
638 2807 767 2848 &quos
783 2804 812 2836 ei
826 2800 906 2836 fines
926 2810 1026 2846 atque
1048 2801 1213 2834 terminos

279 2858 504 2905 temperantia
516 2851 751 2902 praescripserit
763 2878 771 2885 .
792 2850 888 2897 Quid
899 2852 1002 2896 igitur
1014 2848 1146 2895 justitiae
1158 2848 1213 2884 lex

278 2909 352 2946 ait?
379 2904 545 2943 Pecudem
567 2906 661 2939 Deus
682 2904 808 2937 creavit
821 2900 909 2949 pelle
925 2897 1008 2935 bene
1018 2909 1151 2934 comata
1177 2912 1214 2934 ac

282 2956 389 2994 densis
400 2952 582 2991 velleribus
601 2967 611 2988 ε
635 2952 690 2988 his
701 2950 844 2987 detonfis
862 2953 1010 2986 tunica-m
1033 2953 1065 2984 ὃς
1077 2948 1217 2998 pallium

282 3010 418 3056 pertexi
431 3003 494 3041 tibi
514 3016 593 3040 cura
606 3029 615 3043 ‚
641 3015 711 3050 quo
723 3015 802 3037 cum
812 2999 946 3037 hiberni
960 2999 1097 3045 frigoris
1111 2998 1215 3033 mole-

283 3057 382 3094 stiam
394 3081 406 3098 ‚
415 3066 488 3092 tum
499 3053 660 3090 ferventis
670 3051 751 3088 radii
762 3064 888 3086 noxam
897 3048 1033 3096 effugias
1043 3075 1051 3083 .
1073 3047 1180 3093 Quod
1192 3047 1215 3084 fi

284 3106 420 3142 leviore
433 3118 492 3153 per
503 3103 648 3139 aestatem
659 3105 734 3138 anni
748 3100 836 3137 veste
847 3113 921 3148 eges
932 3124 943 3141 ,
969 3097 1162 3135 uberiorem
1173 3097 1214 3134 ad

286 3154 570 3194 commoditatem
579 3152 675 3189 usum
686 3151 745 3187 lini
761 3154 855 3187 Deus
865 3150 959 3186 dedit
969 3175 979 3190 ,
988 3148 1076 3184 unde
1088 3147 1149 3184 tibi
1159 3147 1214 3183 de-

286 3217 410 3245 corum
423 3209 456 3240 in
469 3203 615 3251 proclivi
628 3201 862 3238 indumentum
875 3225 886 3242 ‚
911 3199 1006 3247 quod
1016 3198 1111 3234 fimul
1122 3202 1155 3233 &
1167 3209 1214 3233 te-

286 3267 344 3305 gat
356 3282 368 3299 ‚
386 3254 570 3292 &levitate
581 3252 755 3299 refrigeret
766 3279 773 3287 .
800 3254 844 3286 Et
854 3249 908 3286 his
920 3262 998 3285 cum
1009 3248 1189 3296 perfrucris
1203 3272 1215 3290 ‚

288 3308 451 3343 Creatori
460 3306 600 3350 gratiam
613 3301 699 3338 habe
710 3326 723 3344 ‚
747 3301 842 3349 quod
853 3313 923 3335 non.
943 3298 1050 3334 modo
1060 3311 1120 3334 nos
1129 3310 1218 3335 crea-

290 3359 357 3399 vit,
368 3366 488 3391 verum
499 3356 601 3388 etiam
612 3351 724 3387 tutelae
734 3355 766 3389 &
780 3350 936 3399 praesidiis
945 3359 1021 3385 vitae
1033 3347 1216 3396 prospexit.

291 3404 404 3450 Quod
424 3401 640 3451 sipecoribus
659 3405 693 3437 &
714 3401 786 3437 lana
801 3401 949 3440 relictis,
975 3396 1219 3444 necessarioque

291 3457 469 3492 creatoris
478 3462 638 3500 apparatu
651 3450 940 3497 instrumentoque
954 3458 1221 3495 contempto,va-

281 3508 346 3543 nis
366 3501 630 3551 cogitationibus
649 3500 840 3547 vesanisque
860 3497 1098 3547 cupiditatibus
1119 3501 1150 3532 in
1174 3498 1222 3533 lu-

295 3566 381 3592 xum
395 3551 555 3589 effusus&
567 3550 701 3597 byss'um
716 3553 860 3598 requiris
871 3575 882 3591 ,
893 3554 926 3586 &
942 3547 1150 3585 Persicorum
1163 3546 1223 3582 sta-

294 3608 389 3642 mina
398 3605 567 3640 vermium
580 3601 728 3648 colligis,
739 3599 826 3636 unde
838 3598 990 3639 evanida,
1002 3610 1038 3634 ut
1050 3601 1092 3632 ita
1103 3596 1224 3638 dicam,

298 3666 426 3694 araneae
437 3652 502 3688 tela
513 3661 716 3688 contexatur
734 3664 742 3686 ε
770 3649 792 3685 fi
813 3659 971 3697 praeterea
984 3649 1164 3683 tinctorem
1180 3649 1227 3681 in-

279 3696 285 3744 ἶ
297 3709 391 3753 genti
404 3701 557 3739 mercede
568 3700 730 3737 conducis
742 3724 754 3741 ‚
765 3710 802 3734 ut
815 3710 997 3746 purpuram
1012 3707 1148 3731 venatus
1161 3709 1228 3731 ma-

299 3757 451 3798 ritimam
471 3754 540 3798 ejus
550 3749 743 3790 animalculi
763 3750 920 3796 sanguine
937 3745 1063 3783 vestem
1081 3746 1206 3789 inficiat
1218 3769 1230 3786 ‚

384 3812 414 3843 S.
442 3802 562 3847 „Asterii
574 3830 582 3836 .

1266 911 1303 949 id
1314 923 1398 947 vero
1407 909 1560 948 hominis
1569 911 1616 949 est
1628 912 1813 952 immodice
1826 913 2022 952 lascivientis
2034 941 2045 958 ‚
2065 919 2195 963 quique

1266 959 1366 999 rebus
1384 964 1503 997 creatis
1526 961 1681 998 abutatur
1691 988 1703 1005 ,
1728 976 1788 1001 nec
1798 961 1919 1000 habeat
1939 963 1996 1001 ubi
2018 969 2192 1013 pecuniam

1270 1009 1529 1058 superfluentem
1553 1010 1700 1054 effundat
1712 1037 1719 1045 .
1745 1015 1866 1061 quue
1876 1027 1944 1051 non
1965 1019 2139 1051 immerito
2147 1025 2192 1051 ta-

1269 1060 1311 1101 lis
1319 1059 1361 1096 ab
1371 1061 1560 1112 Evangelio
1571 1062 1750 1109 vapulatac
1761 1061 2196 1112 reprehenditurssanquam

1269 1110 1385 1147 mollis
1405 1114 1439 1146 δε
1459 1109 1681 1149 effes-minatus
1693 1136 1704 1154 ‚
1728 1112 1924 1161 cultumque
1944 1117 1976 1149 δε
1996 1125 2192 1150 ornamenta

1270 1159 1467 1203 miserarum
1480 1161 1712 1209 puellurarum
1723 1163 1913 1201 mutuatus.
1926 1162 1997 1199 Alii
2009 1166 2088 1198 item
2101 1176 2200 1212 repe-y

1270 1214 1404 1251 riuntur
1414 1210 1528 1247 fimilis
1547 1222 1694 1258 amantes
1705 1215 1879 1254 vanitatis,
1905 1211 2072 1260 magisque
2089 1217 2191 1250 etiam

1272 1265 1305 1299 &
1317 1259 1448 1308 plenius
1461 1264 1542 1297 vitia
1553 1272 1745 1297 exercentes
1756 1286 1767 1303 ,
1777 1266 1833 1309 qui
1845 1275 1885 1298 ne
1895 1260 1952 1298 hic
1964 1262 2100 1309 quidem
2113 1262 2190 1300 stul-

1271 1321 1312 1346 tae
1326 1310 1467 1346 solertiae
1480 1311 1560 1347 fines
1572 1310 1818 1348 constituerunt
1828 1325 1840 1351 ,-
1866 1311 1919 1348 sed
1931 1315 2019 1348 inani
2041 1313 2190 1358 quodam

1273 1365 1306 1396 δε
1317 1359 1526 1407 supervacuo
1537 1372 1733 1398 commento
1742 1387 1754 1404 ‚
1779 1361 1873 1409 quod
1883 1372 1989 1398 artem
2010 1363 2192 1409 pistoriam

1274 1423 1334 1458 per
1345 1409 1471 1448 stamen
1483 1421 1581 1459 atque
1593 1410 1786 1459 subtegmen
1797 1415 1961 1453 imitatur,
1970 1414 2194 1459 omniumque

1274 1460 1401 1496 formas
1413 1462 1610 1498 animalium
1624 1465 1655 1496 in
1668 1460 1813 1500 vestibus
1823 1465 1986 1509 exprimit
1999 1485 2010 1502 ,
2029 1460 2147 1498 florida
2157 1474 2195 1503 ac

1274 1509 1434 1547 sexcentis
1444 1515 1612 1558 variegata
1623 1511 1736 1558 figuris
1747 1510 1945 1548 vestimenta
1955 1522 2028 1547 tum
2039 1509 2110 1552 fibi,
2120 1522 2196 1547 tum

1268 1559 1433 1600 uxoribus
1452 1574 1490 1596 ac
1509 1560 1623 1597 liberis
1651 1573 1849 1609 comparant
1869 1588 1876 1596 .
1904 1564 1976 1606 Qui
1995 1558 2054 1595 sibi
2074 1560 2194 1596 ludunt

1267 1613 1370 1657 etiam
1380 1609 1485 1653 alibi,
1512 1611 1559 1647 nil
1572 1610 1709 1659 usquam
1729 1610 1843 1647 sedulo
1857 1610 2005 1647 velserio
2016 1608 2171 1647 facientes
2183 1636 2195 1652 ‚

1268 1659 1322 1705 sed
1336 1673 1396 1707 per
1408 1660 1608 1699 immodicas
1628 1674 1710 1709 opes
1718 1660 1890 1698 abutentes
1901 1664 1970 1697 vita
1982 1685 1992 1701 ,
2019 1671 2087 1696 non
2100 1671 2195 1697 uten-

1267 1720 1331 1751 tes,
1342 1710 1469 1757 ipfique
1481 1711 1587 1747 Paulo
1596 1715 1629 1746 &
1642 1711 1766 1747 divinis
1778 1707 2003 1752 vocibus,non
2016 1708 2130 1751 dietis,
2141 1708 2195 1745 sed

1271 1760 1367 1796 saetis
1379 1759 1608 1797 adversantes:
1621 1773 1698 1795 nam
1709 1773 1782 1806 quae
1794 1760 1851 1796 ille
1862 1759 1974 1796 verbis
1986 1757 2196 1806 praescripsit,

1266 1807 1340 1846 haec
1351 1808 1404 1844 isti
1424 1809 1599 1846 mordicus
1610 1813 1752 1845 retinent
1763 1834 1775 1850 ,
1801 1808 1913 1856 &ipsa
1925 1822 1958 1843 re
1969 1809 2095 1844 fiiciunt
2106 1818 2174 1844 rata
2186 1834 2194 1842 .

1268 1858 1566 1907 Quandocumque
1577 1862 1681 1907 igitur
1693 1862 1724 1895 in
1738 1857 1911 1907 publicum
1924 1857 2107 1907 prodeunt,
2118 1870 2195 1904 qua-

1267 1909 1290 1945 fi
1310 1909 1436 1956 depicti
1459 1913 1603 1957 parietes
1633 1908 1674 1944 ab
1697 1907 1810 1944 obviis
1832 1906 2037 1956 aspiciuntur
2055 1934 2062 1942 .
2097 1910 2195 1952 Quin

1267 1963 1367 1996 etiam
1384 1963 1478 2006 pueri
1490 1957 1720 1998 circumstant,
1733 1956 1878 1992 ridentes
1891 1960 1977 1992 inter
1987 1955 2063 1998 sese,
2073 1955 2195 2003 digitiil

1266 2023 1331 2058 que
1345 2012 1511 2057 picturam
1534 2013 1567 2045 in
1589 2006 1735 2044 vestibus
1747 2005 2073 2048 commonstrantes,
2099 2010 2133 2042 &
2152 2005 2194 2042 ad

1265 2060 1414 2100 multum
1426 2059 1520 2107 spatii
1534 2058 1782 2112 prosequuntur
1793 2083 1805 2100 ‚
1831 2071 1891 2094 nec
1903 2057 2052 2106 nifiaegre
2065 2055 2199 2094 recede·'

1267 2123 1302 2147 re
1315 2115 1347 2147 &
1358 2110 1457 2147 avelli
1472 2111 1606 2158 poliunt
1618 2109 1766 2149 ‚Videre
1777 2106 1824 2143 est
1838 2108 1906 2154 illic
1918 2108 2045 2152 leones,
2054 2106 2195 2156 panthe-

1265 2174 1330 2203 ras,
1339 2161 1446 2202 ursos,
1456 2171 1696 2202 tau1·0s‚caneS‚
1708 2159 1815 2200 filvas,
1825 2158 1912 2200 saxa,
1922 2172 1958 2194 ac
1971 2161 2195 2199 venatores‚&

1268 2214 1384 2244 omnia
1397 2211 1543 2253 denique
1554 2233 1566 2248 ‚
1591 2213 1678 2251 eirca
1691 2222 1763 2253 quae
1775 2210 1948 2254 pifiorum
1959 2207 2121 2244 industria
2141 2220 2197 2243 na-

1268 2265 1352 2290 turae
1363 2255 1481 2290 aemula
1492 2254 1659 2290 versatur.
1682 2255 1818 2290 Necess'e
1830 2257 1988 2292 videlicet
1997 2269 2067 2294 erat
2079 2282 2091 2298 ‚
2099 2267 2136 2292 ut
2147 2259 2202 2292 vi-÷

1271 2304 1371 2340 detur
1382 2329 1394 2347 ,
1424 2307 1567 2350 parietes
1579 2317 1648 2339 non
1662 2302 1889 2351 solum.atque
1902 2304 2026 2341 domos
2037 2309 2197 2342 exornari

1270 2367 1308 2391 ac
1319 2354 1456 2399 depingi
1467 2366 1477 2388 ς
1497 2365 1615 2392 verum
1627 2356 1728 2386 etiam
1739 2356 1868 2388 tunicas
1878 2358 1911 2388 &
1922 2355 2023 2399 pallia
2035 2358 2074 2390 iis
2086 2354 2199 2401 supera

1273 2403 1356 2446 jetta
1368 2427 1376 2435 .
1403 2404 1477 2445 Qui
1487 2411 1600 2435 autem
1620 2412 1735 2447 quaevc
1757 2399 1798 2434 dc
1809 2399 1968 2436 divitibus
1981 2402 2048 2438 illis
2060 2402 2196 2449 religio-

1273 2450 1373 2485 siores
1384 2474 1395 2490 ,
1421 2448 1819 2495 argumentuext01·ibus
1831 2462 1870 2484 ex
1882 2447 2026 2487 historia
2046 2454 2199 2498 Evange-

1272 2499 1336 2535 lica
1347 2498 1490 2538 collecta
1501 2498 1751 2535 subministrant
1763 2498 1898 2547 :ipsum
1912 2524 1922 2540 ,
1934 2503 2083 2548 inquam,
2095 2491 2196 2539 Chri—

1274 2548 1360 2584 stum
1373 2547 1528 2583 nostrum
1538 2560 1616 2584 curn
1628 2546 1813 2596 Discipulis
1821 2548 1978 2585 omnibus
1988 2575 2000 2592 ‚
2009 2563 2046 2589 ac
2054 2555 2199 2588 miracu-

1271 2599 1303 2634 la
1313 2611 1452 2646 quaeque
1472 2597 1758 2645 quemadmodum
1771 2596 1817 2633 ibi
1836 2611 2010 2636 narrantur
2021 2627 2028 2635 .
2056 2601 2201 2638 Videbis

1275 2652 1410 2696 nuptias
1431 2648 1624 2684 Galilaeae&
1638 2645 1779 2693 hydrias
1790 2673 1801 2689 ,
1822 2647 2052 2696 paralyticum
2071 2649 2199 2687 lectum

1276 2698 1479 2742 bajulantem
1494 2723 1505 2740 ‚
1531 2711 1656 2733 caecum
1668 2701 1725 2745 qui
1738 2698 1813 2733 luto
1832 2709 1990 2737 curatur3
2019 2700 2200 2737 mulierem

1276 2762 1350 2796 quae
1363 2747 1526 2795 sanguinis
1537 2747 1713 2795 profluvio
1723 2745 1896 2783 laborabat
1906 2772 1916 2788 ‚
1944 2747 2116 2785 fimbriam
2127 2764 2200 2798 prc-

1271 2797 1489 2835 hendentem5
1501 2800 1722 2845 peccatricem
1732 2797 1773 2832 ad
1787 2796 1884 2844 pedes
1894 2795 1966 2840 Jesti
1974 2798 2203 2842 accedentem,

1272 2862 1310 2885 ac
1330 2852 1526 2884 Lazarume
1540 2845 1722 2894 sepulchro
1742 2847 1958 2887 redivivum;
1983 2854 2016 2884 δε
2035 2847 2107 2885 haec
2118 2851 2201 2886 dum

1275 2898 1401 2937 faciunt
1412 2923 1423 2940 ,
1436 2901 1488 2945 pie
1501 2896 1563 2932 sese
1576 2896 1697 2938 facere,
1707 2901 1739 2932 δι
1753 2895 1949 2932 vestimenta
1961 2900 2041 2934 Deo
2051 2910 2141 2944 grata
2154 2893 2201 2934 inss

1277 2949 1379 2984 duere
1390 2946 1596 2989 arbitrantur
1607 2974 1614 2980 .
1642 2950 1689 2982 At
1701 2959 1754 2981 me
1767 2945 1907 2995 quidem
1916 2946 1937 2982 fi
1948 2947 2083 2983 audiant
2093 2974 2105 2990 ,
2132 2948 2200 2985 istis

1276 2997 1471 3038 divenditis,
1479 2999 1572 3031 vivas
1583 2999 1650 3031 Dei
1663 2999 1824 3042 imagines
1832 2996 1955 3032 colant.
1968 2995 2147 3038 Christum
2161 3013 2200 3037 ne.

1274 3052 1373 3097 pinge
1384 3051 1399 3090 (
1409 3046 1483 3083 satis
1493 3050 1584 3082 enim
1597 3046 1645 3081 illi
1659 3045 1753 3092 quod
1765 3044 1864 3081 semel
1877 3045 1920 3082 ad
1929 3058 2131 3094 corpoream
2145 3062 2199 3083 na-

1269 3109 1385 3147 turam
1404 3095 1625 3133 assumendam
1639 3094 1730 3131 causa
1741 3094 1769 3130 se
1780 3095 1890 3131 nostra
1913 3095 2029 3143 sponte
2040 3096 2201 3139 demisit)

1272 3148 1328 3186 sed
1341 3157 1454 3186 mente
1464 3151 1497 3188 ὃς
1521 3146 1693 3181 intellectu
1705 3145 1859 3182 Verbum
1874 3149 2115 3194 incorporeum
2137 3150 2200 3182 cir-

1274 3197 1404 3234 cumfer
1425 3210 1435 3231 :
1461 3199 1495 3231 in
1506 3194 1652 3232 vestibus
1664 3195 1890 3243 paralyticum
1903 3210 1942 3231 ne
1954 3194 2039 3232 habe
2053 3210 2062 3234 3
2074 3196 2125 3231 scd
2138 3195 2201 3232 ho-

1275 3251 1404 3283 minem
1415 3245 1637 3284 infirmumac
1649 3245 1836 3293 projectum
1851 3250 1980 3293 require
1995 3260 2003 3280 :
2030 3258 2069 3281 ne
2079 3246 2202 3282 affidue

1276 3297 1457 3333 mulierem
1470 3295 1635 3343 sanguinis
1648 3295 1822 3343 profluvio
1834 3294 2043 3331 laborantem
2055 3294 2201 3343 speffim·

1277 3347 1354 3383 dam
1368 3358 1524 3394 propone
1539 3358 1549 3383 ‚·
1569 3344 1623 3381 sed
1635 3345 1740 3379 viduae
1751 3344 1880 3383 afflictae
1892 3344 2044 3380 miserere
2056 3359 2064 3380 ε
2076 3359 2115 3380 ne
2128 3355 2202 3392 pec.-

1278 3399 1437 3432 catricem
1445 3394 1487 3430 ad
1498 3407 1605 3442 genua
1618 3397 1759 3430 Domini
1780 3394 2203 3442 prolapsamtam-diligen-

1278 3458 1330 3483 ter
1340 3455 1502 3481 contuere
1513 3469 1525 3486 ,
1536 3443 1590 3479 sed
1601 3456 1739 3480 tuorum
1751 3444 1882 3492 aspectu
1898 3455 2114 3492 peccatorum
2125 3457 2203 3479 con-
2258 3474 2262 3478 .

1278 3498 1377 3532 tritus
1399 3494 1568 3539 laer-ymas
1579 3493 1697 3530 uberes
1716 3497 1831 3529 emitte
1844 3521 1852 3529 .
1884 3499 1951 3530 Pro
1961 3493 2069 3539 effigie
2083 3497 2205 3533 Lazari

1280 3544 1500 3591 resurgentis,
1519 3543 1675 3580 idoneam
1689 3546 1722 3578 in
1733 3554 1797 3578 tuae
1807 3554 1941 3591 tempus
1954 3542 2206 3580 resurrectionis

1283 3594 1478 3643 apologiam
1487 3604 1565 3639 para
1576 3619 1584 3626 .
1613 3597 1750 3628 Caecum
1764 3595 1795 3628 in
1808 3591 1953 3629 vestibus
1962 3592 2134 3640 depictum
2145 3597 2208 3630 cir--

1286 3643 1452 3682 cumferrc
1465 3642 1535 3677 noli
1548 3667 1562 3683 ,
1571 3641 1623 3676 sed
1635 3655 1759 3678 caecum
1782 3647 1955 3678 viventem
1968 3641 2139 3678 beneficiis
2160 3643 2208 3679 so-

1288 3695 1356 3730 lare
1366 3718 1378 3735 ‚
1397 3690 1661 3741 posthabitisque
1673 3689 2059 3739 reliquiarum-cophinis
2070 3717 2081 3734 ,
2099 3697 2130 3728 δι
2143 3692 2210 3739 1ης-

1289 3743 1372 3780 driis
1396 3742 1464 3779 illis
1493 3745 1595 3778 Canae
1616 3740 2034 3826 Galilaeaek,lpsurientibus
2057 3740 2185 3826 csb'um'
2200 3769 2212 3786 ,

1880 3803 1897 3825 2
2083 3799 2177 3827 ltl‘Cn·
