2652 4126
0 3884 13 4030 fua—waszo·

106 710 284 746 sennar.

95 1500 195 1540 Ionam
205 1509 214 1529 ι
221 1508 279 1537 44,

98 1541 192 1570 Mate.
201 1550 228 1577 9.
234 1551 248 1568 2
253 1551 266 1579 ς
271 1565 278 1574 ,

99 1580 200 1616 Luc.7.
216 1589 259 1616 ¹5-

98 1620 178 1652 Rom.
186 1626 212 1651 6.
222 1631 253 1659 9.

122 2606 195 2642 Veis:
220 2615 230 2634 ¹
237 2627 245 2635 .

123 2646 195 2685 Veis}
212 2655 239 2675 2.

109 2919 190 2957 yona
200 2927 225 2949 ι.
235 2927 263 2950 a.

536 221 615 266 ET
658 207 922 267 HisToR.
963 206 1251 267 semiper.

300 303 407 352 speras
442 302 607 351 nisi'post
635 302 722 340 hanc
758 306 863 352 vitam
891 303 905 338 ἒ
939 302 1003 340 Sed
1042 313 1080 340 ut
1110 302 1230 339 doceat

300 366 334 389 te
363 352 423 389 iste
457 352 605 401 psalmus
625 377 637 393 ‚
670 352 761 399 quass
789 356 1013 398 interrogares
1033 378 1044 395 ,
1079 353 1231 398 Quando

302 404 431 450 surgam
454 405 466 438 ?
492 402 634 438 fortaffis
663 405 756 449 prius
783 415 884 450 quam
914 401 1051 439 sedero?
1076 408 1154 439 Cum
1179 405 1230 439 de-

301 455 383 490 derit
402 479 413 497 ,
450 455 570 500 inquit'
590 477 602 493 ,
636 452 755 488 dileffis
778 452 830 496 sui
848 451 991 495 somnum
1011 479 1019 487 .
1056 454 1126 490 Dat
1159 451 1230 489 hoc

302 505 398 540 Deus
417 527 430 546 ,
455 515 532 539 cum
558 501 761 538 dormierint
790 501 907 540 dilecti
940 503 1030 548 ejus;
1055 513 1136 539 tunc
1164 501 1230 539 sur-

302 563 381 600 gent
413 553 530 588 dilecti
561 553 629 597 ejus
649 577 661 593 ,
705 551 739 588 id
768 551 817 590 est
838 576 851 594 ‚
884 550 1016 588 christi
1046 577 1057 594 ,
1092 555 1229 589 Omnes

302 607 394 639 enim
423 602 579 650 surgent,
605 600 660 637 sed
686 614 755 638 non
778 601 966 650 quomodo·
986 601 1102 638 dilesti
1129 604 1198 648 ejus
1219 630 1227 637 .

302 655 473 689 Omnium
498 651 546 688 est
574 652 773 688 resurreetio
802 662 1044 694 mortuorum,
1070 650 1124 688 sed
1147 651 1230 700 quid

303 706 349 738 ait
367 700 580 751 Apostolus?
605 704 736 738 Omnes
757 701 896 749 quidem
918 701 1148 749 resurgemus,
1173 701 1230 738 sed

303 764 374 789 non
409 764 528 788 omnes
552 750 811 789 immutabimur
830 777 839 789 .
875 751 1070 797 Resurgunt
1107 751 1159 788 illi
1187 751 1229 788 ad

301 814 418 851 poenas
447 815 456 836 ε
499 799 701 848 resurgimus
737 814 807 838 nos·
828 801 1012 848 *quomodo
1047 801 1229 838 resurrexit

301 854 476 888 Dominus
494 850 610 887 noster
629 876 641 893 ,
666 861 703 887 ut
721 850 898 898 sequamur
929 862 1030 898 caput
1051 851 1226 893 nostrum,

301 901 325 938 fi
354 900 507 938 membra
546 900 645 948 ipfius
674 899 783 937 sumus
811 927 821 937 .
864 903 896 937 Si
926 911 1037 938 autern
1073 900 1226 938 membra

299 953 368 996 ejus
396 950 506 987 sumus
523 975 535 994 ,
561 961 641 986 tunc
669 949 781 987 sumus
809 950 927 987 dilecti
954 952 1052 996 ejus,
1077 962 1157 986 runc
1186 950 1228 987 ad

299 1013 362 1037 nos
399 1004 544 1049 pertinet
579 1001 637 1036 illa
666 999 866 1037 resurreetio
894 1013 969 1047 quae
1005 1001 1165 1048 praeceffit
1193 1004 1227 1036 in

301 1053 461 1087 Domino
489 1075 501 1092 ,
535 1061 573 1086 ut
607 1051 668 1086 lux
705 1049 886 1087 surrexerit
905 1061 999 1090 ,ante
1027 1063 1088 1086 nos
1109 1076 1121 1093 ,
1166 1063 1228 1086 nos

299 1099 379 1148 post
406 1100 545 1136 lucem:
571 1103 649 1146 quia
680 1104 714 1136 in
734 1112 860 1136 vanum
887 1099 935 1135 est
963 1099 1059 1136 nobis
1086 1111 1160 1136 ante
1181 1101 1230 1136 lu-

299 1162 375 1186 cem
401 1149 556 1197 surgere,
582 1150 618 1186 id
637 1149 706 1192 est,
731 1149 946 1187 altitudinem
976 1163 1126 1197 quaerere
1153 1161 1228 1185 ante

298 1212 400 1247 quam
429 1203 637 1237 moriamurs
663 1212 742 1236 cum
760 1198 918 1237 Christus
937 1199 997 1236 lux
1018 1198 1132 1236 nostra
1157 1211 1228 1235 non

297 1248 337 1285 fit
366 1250 529 1286 exaltatus
557 1253 590 1286 in
619 1262 718 1286 carne
737 1274 750 1292 ,
769 1249 836 1286 ‚nisi
862 1248 978 1297 postea
1004 1262 1107 1298 quam
1134 1261 1227 1286 mor-

299 1308 375 1337 tuus
413 1299 461 1336 est
481 1327 490 1335 .
524 1298 717 1337 Constituti
744 1311 828 1348 ergo
865 1298 1018 1337 membra
1047 1301 1115 1344 ejus
1145 1324 1157 1342 ,
1191 1304 1227 1337 δε

298 1352 335 1386 in
365 1348 527 1386 membris
563 1351 632 1397 ejus
661 1349 777 1386 dileffi
806 1350 874 1396 ejus
905 1375 917 1393 ,
959 1363 1036 1386 cum
1069 1349 1226 1386 somnum

297 1403 527 1448 acceperimus
554 1425 567 1443 ,
601 1410 682 1436 tunc
716 1398 887 1446 surgemus
916 1403 950 1437 in
982 1398 1227 1436 resurreetione

296 1460 517 1486 mortuorum
538 1475 547 1484 .
574 1451 671 1487 Unus
702 1448 916 1492 resurrexit,
954 1451 1019 1495 jam
1047 1462 1118 1486 non
1151 1461 1228 1485 mo·

297 1503 424 1536 ritui-us
445 1527 452 1535 .
479 1497 681 1537 Resurrexit
709 1503 857 1538 Lazarus
879 1526 891 1542 ,
917 1499 970 1535 sed
1002 1502 1188 1538 moriturus
1216 1512 1228 1538 ‚·

298 1549 478 1586 resurrexit
513 1548 583 1585 filia
611 1547 886 1598 Archisynagogi
907 1575 919 1592 ,
954 1549 1009 1586 sed
1037 1553 1203 1587 moritura
1213 1561 1227 1588 ,·

297 1599 479 1636 resurrexit
508 1599 598 1636 filius
622 1598 756 1642 viduae,
782 1599 837 1636 sed
864 1602 1052 1636 moriturus
1075 1613 1094 1638 5„
1121 1598 1226 1636 resur—

295 1654 387 1687 rexit
415 1648 576 1686 Chrissus
604 1661 673 1685 non
703 1654 888 1687 moriturus
909 1677 916 1685 .
954 1649 1046 1687 Audi
1075 1647 1226 1697 Aposto-

296 1700 370 1737 lum
399 1713 409 1734 ε
445 1698 604 1737 Christus
642 1698 811 1746 resurgens
848 1713 889 1737 ex
929 1702 1074 1737 mortuis
1103 1724 1115 1742 .
1158 1700 1224 1745 jam

295 1763 366 1788 non
393 1753 545 1786 moritur
565 1774 577 1792 ,
612 1753 645 1784 &
666 1763 758 1786 mors
787 1754 818 1787 ei
852 1751 941 1787 ultra
971 1763 1040 1787 non
1072 1749 1226 1785 domina-

295 1799 416 1839 bitur.
452 1799 574 1836 Talem
602 1798 693 1845 spera
727 1800 1007 1838 refiirreffionem
1039 1813 1047 1835 ε
1083 1803 1118 1836 &
1145 1808 1227 1847 pro‘-

295 1861 373 1899 pter
397 1849 468 1886 hoc
494 1848 568 1886 esto
600 1848 818 1887 Christianus
837 1876 849 1893 ,
883 1863 952 1887 non
982 1859 1126 1898 propter
1157 1848 1228 1886 feli-

295 1905 431 1937 citatem
464 1910 561 1935 terrae
590 1898 688 1945 hujus
708 1928 715 1936 .
751 1904 842 1937 Nam
870 1900 893 1936 fi
922 1911 1064 1948 propter
1093 1899 1230 1937 felicita-

294 1962 365 1987 tem
395 1954 475 1986 vitae
493 1949 592 1996 hujus
620 1953 672 1986 vis
689 1948 749 1986 effe
771 1949 1005 1992 Christianus,
1031 1949 1168 1998 quando
1190 1948 1229 1984 il-

295 2000 328 2037 la
361 2001 420 2037 lux
448 2010 505 2037 tua
532 2013 602 2036 non
628 1998 688 2037 hic
708 2000 858 2048 quaefivit
887 2000 1091 2037 mundanam
1121 1998 1227 2035 felici-

294 2061 399 2088 tatem
429 2075 441 2092 ,
475 2060 550 2085 ante
578 2050 689 2086 lucem
722 2053 772 2086 vis
807 2050 940 2098 surgere
966 2075 978 2093 ,
1013 2046 1136 2087 neceffe
1162 2047 1226 2084 'est

294 2111 334 2136 ut
361 2102 396 2135 in
423 2097 569 2133 tenebris
609 2098 800 2144 perseveres
831 2128 839 2135 .
877 2103 1015 2137 Mutare
1044 2125 1056 2143 ,
1093 2099 1226 2147 sequere

294 2149 406 2186 lucem
437 2157 530 2181 tuam
560 2159 571 2183 5
615 2157 720 2191 quare
758 2147 901 2182 surrexit
929 2173 940 2189 ,
976 2149 1070 2195 surge
1100 2163 1109 2183 :
1153 2148 1226 2185 sede

294 2202 389 2246 prius
406 2222 419 2239 ,
455 2199 490 2232 δε
519 2193 565 2231 sic
591 2193 687 2242 surge
707 2219 715 2227 ·
741 2199 822 2231 Cum
847 2197 966 2231 dederit
985 2197 1128 2238 somnum
1154 2198 1228 2231 dile-

294 2246 352 2284 δίε
376 2245 444 2291 ejus
452 2271 461 2280 .

341 2454 394 2486 Ex
427 2445 562 2493 ejusdem
588 2449 781 2482 enarratione
799 2448 831 2482 in
848 2445 1013 2489 'psalmum
1040 2451 1173 2481 CXXIX.

546 2495 632 2540 vers.
655 2507 684 2530 1.
704 2497 748 2532 &⁶
767 2507 798 2530 v.
819 2507 906 2531 num.
931 2505 959 2529 1.

390 2603 417 2635 E
440 2596 601 2643 profundis
618 2595 762 2631 clamavi
788 2596 830 2630 ad
854 2602 886 2629 te
906 2596 1059 2636 Domine,
1084 2591 1222 2630 *Domi-

294 2601 386 2687 D
413 2660 449 2685 ne
473 2647 590 2682 exaudi
613 2657 724 2681 vocem
750 2656 854 2680 meam
874 2671 882 2678 .
909 2647 992 2680 Vox
1018 2643 1090 2680 haec
1114 2643 1222 2680 ascen—

289 2699 397 2735 dentis
423 2696 471 2733 est
493 2722 504 2739 ,
538 2698 709 2744 pertinens
734 2694 775 2729 ad
803 2697 987 2730 Canticum
1017 2693 1182 2742 graduum
1210 2721 1219 2730 .

289 2748 408 2786 Debet
441 2751 552 2794 itaque
588 2743 808 2792 unusquisque
845 2743 1000 2780 nostrum
1027 2743 1145 2780 videre
1184 2747 1221 2780 in

288 2812 360 2848 quo
392 2796 565 2847 profundo
596 2795 634 2831 sit
654 2820 666 2836 ,
701 2794 743 2830 de
769 2807 841 2842 quo
872 2794 996 2830 clamet
1027 2793 1069 2830 ad
1094 2795 1220 2830 Domi-

289 2863 370 2886 num
391 2875 399 2884 .
435 2847 607 2885 Clamavit
633 2844 675 2880 de
702 2843 876 2893 profundo
905 2847 1004 2886 Jonas
1023 2869 1035 2885 ,
1069 2843 1110 2880 de
1139 2857 1218 2881 ven—

288 2911 340 2936 tre
368 2903 433 2935 ceti
457 2925 464 2932 .
500 2899 583 2932 Erat
613 2907 683 2930 non
711 2893 821 2930 solum
849 2891 909 2930 sub
938 2892 1097 2930 fluetibus
1116 2918 1128 2936 ,
1162 2907 1218 2930 ve-

289 2963 365 2987 rum
403 2952 503 2984 etiam
533 2949 567 2982 in
603 2943 784 2982 visceribus
811 2942 932 2980 belluae
964 2957 972 2980 :
1009 2956 1071 2980 nee
1106 2954 1219 2980 tamen

289 2999 376 3037 illud
412 3010 537 3045 corpus
562 3000 596 3032 &
625 2995 678 3031 illi
707 2994 829 3031 fluetus
856 2993 1112 3030 intercluserunt
1143 3006 1219 3030 ora·

289 3054 419 3086 tionem
449 3060 490 3083 ne
513 3048 705 3095 perveniret
734 3044 775 3080 ad
801 3047 941 3086 Deum,
966 3048 1001 3080 &
1021 3054 1139 3080 venter
1159 3042 1216 3079 be-

291 3099 359 3136 stiae
378 3111 447 3134 non
468 3100 582 3145 potuit
611 3106 722 3130 tenere
751 3107 873 3131 vocem
900 3093 1133 3142 deprecantis,
1159 3098 1217 3130 Pe·

291 3151 435 3186 netravit
453 3150 592 3188 omnia,
617 3145 759 3193 disrupit
770 3147 906 3186 omnia,
931 3142 1145 3192 pervenitad
1163 3157 1218 3179 au*-

291 3213 343 3237 res
363 3200 430 3235 Dei
448 3211 457 3230 :
484 3195 506 3231 si
527 3206 639 3231 tamen
659 3195 837 3231 dicendum
859 3193 907 3230 est
926 3218 938 3236 ,
963 3197 1042 3241 quia
1060 3193 1216 3240 disruptis

291 3247 453 3286 omnibus
471 3248 625 3294 pervenit
642 3244 684 3280 ad
711 3258 805 3281 aures
832 3247 900 3281 Dei
921 3268 934 3284 ,
958 3243 1096 3292 quando
1120 3255 1215 3280 aures

291 3302 360 3337 Dei
385 3302 419 3333 in
438 3295 542 3331 corde
563 3298 728 3343 precantis
748 3305 842 3331 erant
863 3322 870 3330 .
896 3293 966 3331 Ubi
987 3297 1079 3329 enim
1099 3295 1215 3330 Deum

291 3347 487 3398 praeientem
497 3358 567 3381 non
583 3343 708 3386 habet,
733 3347 825 3390 cujus
842 3344 951 3381 fidelis
970 3343 1017 3380 est
1027 3346 1121 3379 vox?
1145 3346 1214 3380 Ve-

291 3409 484 3435 rumtamen
508 3400 542 3432 &
579 3407 640 3430 nos
667 3393 828 3431 debemus
857 3394 1039 3441 intelligere
1065 3393 1107 3429 de
1140 3406 1211 3440 quo

289 3446 465 3501 profundo
499 3445 682 3481 clamemus
717 3445 759 3481 ad
793 3447 987 3482 Dominum
1015 3471 1024 3479 .
1069 3443 1209 3480 Profun-

288 3497 372 3535 dum
398 3500 489 3533 enim
518 3494 615 3531 nobis
642 3494 690 3531 est
717 3498 787 3531 vim
815 3493 875 3530 ista
905 3493 1078 3530 mortalis.
1106 3492 1206 3539 Quis-

289 3551 363 3596 quis
379 3546 454 3583 stin
473 3544 647 3594 profundo
657 3545 886 3586 intellexerit,
911 3544 1055 3586 clamat,
1079 3546 1210 3590 gemit,

287 3597 428 3646 suspirat
447 3621 459 3638 ,
492 3595 602 3631 donec
627 3594 670 3630 de
696 3594 870 3642 profundo
894 3604 1030 3630 eruatur
1051 3618 1063 3635 ,
1097 3597 1130 3628 &
1157 3605 1211 3629 ve·

286 3652 358 3685 niat
383 3645 426 3684 ad
450 3658 527 3683 eum
552 3647 611 3693 qui
637 3643 735 3693 super
759 3656 877 3680 omnes
901 3641 1032 3690 abyssos
1057 3641 1145 3679 sedet
1171 3646 1206 3679 δε

285 3697 385 3748 super
413 3693 607 3734 Cherubim
625 3719 638 3738 ,
671 3692 770 3742 super
794 3696 911 3730 omnia
946 3706 1019 3743 quae
1043 3695 1168 3729 creavit
1194 3717 1207 3735 ,

286 3760 359 3785 non
382 3746 494 3789 solum
526 3743 720 3794 corporalia
737 3770 750 3788 ,
784 3743 839 3781 fied
872 3746 974 3780 etiam
1009 3741 1172 3792 spiritalia·
1193 3753 1209 3781 ‚⁹

284 3798 395 3837 donec
419 3794 462 3834 ad
494 3808 574 3832 eum
606 3798 719 3833 veniat
755 3797 863 3843 anima
883 3819 896 3838 ,
928 3793 1038 3832 donec
1070 3790 1114 3830 ab
1147 3790 1211 3829 illo

380 3854 415 3887 S„
439 3846 587 3894 Prosperi
594 3873 604 3885 .

1294 225 1513 272 LUCEM
1557 223 1923 269 AFFERUNT.
2105 220 2206 272 261

1292 303 1455 341 liberetur
1480 308 1593 351 imago
1617 305 1716 353 ,ipfius
1738 330 1750 348 ,
1781 305 1878 354 quod
1903 305 1950 341 est
1976 304 2085 345 homo
2104 333 2117 351 ‚
2141 323 2233 358 que·

1292 359 1325 391 in
1338 353 1406 392 hoc
1434 355 1608 403 profundo
1619 366 1791 404 tamquam
1815 355 1951 397 assiduis
1975 356 2130 397 flustibus
2140 374 2215 399 exa-

1290 408 1391 452 gitata
1417 405 1540 441 detrita
1565 404 1613 442 est
1636 407 1708 445 2⁶&
1736 405 1793 441 nifi
1820 417 2002 447 renovetur
2028 411 2061 443 &
2089 422 2215 456 repare-

1290 465 1348 491 tur
1373 468 1391 492 a
1417 457 1498 490 Deo
1518 480 1529 497 ,
1564 458 1621 503 qui
1659 455 1752 493 illam
1788 457 1951 504 impreffit
1985 456 2122 504 quando
2147 460 2215 496 for·

1288 508 1397 540 mavit
1422 503 1602 540 hominem
1627 518 1637 543 3
1664 510 1678 548 (
1703 505 1848 542 Idoneus
1877 509 1991 554 potuit
2015 504 2077 543 effe
2102 506 2215 544 homo

1288 554 1330 590 ad
1355 553 1464 591 casum
1501 554 1595 592 suum
1614 580 1626 596 ,
1660 568 1729 591 non
1755 555 1804 592 est
1831 555 1971 593 idoneus
2006 556 2047 593 ad
2074 558 2214 597 resurre—

1290 606 1438 640 &ionem
1466 603 1577 642 suarm
1601 605 1616 645 )
1642 603 1772 652 semper
1799 608 1831 641 in
1862 605 2038 654 profundo
2063 606 2110 644 est
2132 622 2140 644 :
2166 612 2213 648 ni-

1289 653 1313 689 fi
1339 653 1522 703 liberetur,
1549 665 1586 690 ut
1610 653 1682 691 dixi
1698 680 1713 697 ,
1733 654 1868 702 semper
1892 660 1926 692 in
1954 656 2127 703 profundo
2145 657 2211 696 est.

1290 703 1353 739 Sed
1377 716 1455 742 eum
1481 704 1522 740 de
1550 704 1722 751 profundo
1748 705 1870 743 clamat
1890 730 1902 748 ,
1936 705 2040 753 surgit
2063 706 2106 743 de
2133 720 2212 754 pro-

1289 752 1420 795 fundo,
1446 758 1480 790 δι
1503 754 1569 802 ipse
1588 754 1720 791 clamor
1744 768 1816 790 non
1833 768 1911 792 eum
1935 759 2105 803 permittit
2125 757 2210 795 mul-

1286 814 1360 839 tum
1388 807 1422 839 in
1448 807 1521 840 imo
1546 802 1607 840 ess'e
1625 831 1633 838 .
1671 804 1779 841 Valde
1812 808 1904 841 enim
1939 808 1972 840 in
1998 806 2172 854 profundo
2196 832 2209 850 ‚

1287 852 1361 888 sunt
1382 878 1393 895 ‚
1428 857 1488 901 qui
1523 867 1584 889 nec
1620 853 1764 890 clamant
1799 855 1840 891 de
1875 855 2048 903 profiindo
2068 883 2076 890 .
2112 859 2209 893 Dicit

1287 905 1459 950 Scriptura
1484 908 1644 940 Peccator
1678 902 1756 940 cum
1783 908 1913 940 venerit
1940 908 1972 940 in
1998 905 2208 953 profundum

1289 952 1459 988 malorum
1482 978 1494 995 ,
1519 957 1709 990 contemnit
1728 981 1736 989 .
1771 957 1843 996 Jam
1869 953 1980 990 videte
2000 979 2012 996 ‚
2037 958 2168 992 Fratres
2195 980 2208 999 .

1289 1002 1387 1049 quale
1414 1002 1623 1051 profundum
1659 1002 1696 1038 fit
1721 1002 1779 1040 ubi
1812 1007 2043 1041 contemnitur
2078 1007 2173 1041 Deus
2196 1034 2206 1043 .

1290 1056 1382 1088 Cum
1417 1051 1556 1100 quisque
1590 1051 1714 1088 viderit
1749 1052 1779 1088 se
1824 1053 2031 1100 quotidianis
2067 1059 2210 1101 peccatis

1289 1101 1452 1139 obrutum
1473 1127 1485 1143 ‚
1519 1105 1649 1138 acervis
1672 1100 1871 1150 quibusdam
1907 1107 1940 1139 &
1967 1101 2116 1140 molibus
2141 1109 2213 1150 qui—

1288 1150 1426 1188 busdam
1451 1155 1669 1199 iniquitatum
1696 1155 1806 1200 premi
1828 1177 1840 1194 ,
1865 1152 1888 1189 fi
1913 1152 2043 1189 distum
2068 1153 2118 1189 illi
2145 1155 2213 1191 sue-

1288 1205 1334 1237 rit
1360 1212 1396 1237 ut
1423 1204 1539 1238 Deum
1565 1211 1663 1249 roget
1681 1226 1694 1243 ,
1728 1201 1847 1238 irridet
1867 1230 1874 1237 .
1900 1201 2038 1248 Quibus
2064 1203 2173 1241 modis
2198 1207 2212 1241 ‚²

1287 1254 1405 1288 Primo
1430 1251 1536 1293 dicit,
1562 1254 1594 1288 Si
1617 1254 1696 1288 Deo
1714 1251 1930 1299 displicerent
1948 1252 2119 1297 fficium-a,
2144 1266 2211 1302 ego

1288 1304 1472 1338 viverem?
1506 1305 1538 1338 Si
1562 1311 1694 1338 curaret
1728 1304 1822 1338 Deus
1857 1314 1908 1338 res
1941 1299 2105 1340 humanas
2123 1327 2136 1346 ,
2167 1303 2212 1342 ad

1288 1362 1379 1387 tanta
1405 1350 1525 1388 scelera
1550 1364 1623 1398 quae
1648 1350 1713 1387 feci
1732 1376 1744 1394 ,
1784 1364 1852 1387 non
1880 1350 1989 1387 solum
2015 1356 2169 1390 viverem
2196 1377 2210 1396 .

1288 1401 1343 1438 std
1369 1405 1403 1437 &
1429 1400 1513 1438 be'ne
1550 1401 1637 1437 mihi
1662 1399 1770 1437 esset?
1805 1400 1898 1439 Solet-
1921 1405 2013 1438 enim
2048 1400 2118 1438 hoc
2144 1403 2210 1440 illis

1289 1455 1425 1489 evenire
1445 1476 1456 1493 ,
1489 1454 1549 1498 qui
1585 1450 1731 1488 multum
1765 1454 1798 1487 in
1825 1451 1998 1499 profundo
2034 1451 2141 1494 sunt,
2173 1457 2210 1490 δι

1289 1500 1529 1549 prosperantur
1569 1504 1603 1536 in
1638 1500 1868 1550 iniquitatibus
1903 1501 1994 1538 suis.
2031 1503 2077 1540 Et
2112 1513 2209 1542 tanto

1287 1554 1393 1599 magis
1433 1554 1468 1588 in
1504 1550 1677 1599 proiimdo
1709 1562 1909 1598 merguntur
1942 1562 2072 1598 quanto
2105 1556 2211 1599 magis

1287 1601 1446 1638 videntur
1481 1600 1543 1637 esse
1578 1600 1688 1637 felices
1718 1616 1726 1637 =
1769 1601 1869 1638 fallax
1905 1604 1994 1637 enim
2031 1600 2172 1641 felicitas
2198 1627 2212 1644 ‚

1287 1650 1357 1698 ipsa
1383 1652 1494 1693 maior
1520 1650 1568 1688 est
1595 1651 1771 1688 infelicitas
1794 1678 1801 1686 .
1837 1651 1972 1687 Deinde
1998 1655 2032 1687 δε
2059 1650 2128 1687 hoc
2163 1651 2212 1689 so—

1286 1700 1358 1736 lent
1383 1700 1542 1737 homines
1567 1701 1679 1737 dicere
1701 1727 1713 1744 ‚
1739 1704 1810 1744 Jam
1837 1704 1998 1748 quoniam
2025 1701 2131 1738 multa
2148 1701 2214 1739 {izei

1285 1755 1322 1786 δε
1347 1750 1522 1786 damnatio
1548 1754 1704 1786 imminet
1723 1776 1736 1793 ,
1760 1749 1830 1786 hoc
1857 1750 1965 1799 perdo
1986 1775 1998 1792 ,
2023 1751 2118 1797 quod
2144 1763 2215 1787 non

1288 1800 1378 1836 facio
1402 1799 1568 1848 quidquid
1596 1798 1752 1846 possum:
1780 1804 1814 1835 ὃς
1835 1825 1848 1841 ,
1874 1803 1927 1835 Ex
1953 1798 2024 1835 hoc
2050 1799 2176 1847 perdor
2200 1823 2214 1841 .

1289 1863 1351 1886 cur
1377 1863 1446 1886 non
1473 1849 1562 1886 facio
1582 1849 1748 1898 quidquid
1774 1846 1926 1898 possum?
1951 1849 2144 1894 Quomodo
2164 1849 2214 1886 so-

1291 1901 1360 1936 lent
1386 1898 1547 1947 desperati
1568 1899 1715 1935 latrones
1740 1899 1875 1940 dicere,
1900 1901 1952 1935 Sic
1973 1911 2026 1935 me
2044 1899 2212 1938 occisurus

1287 1950 1336 1986 est
1356 1949 1456 1996 judex
1485 1962 1550 1997 pro
1567 1949 1684 1984 decem
1710 1946 1932 1989 homicidiis,
1957 1948 2136 1994 quomodo
2148 1961 2213 1995 pro

1286 2003 1437 2048 quinque
1457 2024 1468 2041 ,
1493 1998 1674 2047 quomodo
1700 2011 1765 2046 pro
1790 2010 1890 2035 unos
1924 2010 2026 2044 quare
2052 2010 2120 2033 non
2147 2000 2212 2041 iam

1286 2049 1454 2098 quidquid
1481 2048 1568 2086 mihi
1589 2051 1778 2084 occurrerit
1797 2047 1912 2083 facio>
1936 2049 2017 2084 Hoc
2036 2046 2106 2090 est,
2133 2054 2211 2086 Pec-

1287 2112 1384 2137 cator
1407 2105 1489 2138 itum
1523 2103 1651 2134 venerit
1686 2101 1719 2134 in
1758 2096 1967 2146 profundum
2003 2097 2171 2138 malorum
2196 2123 2211 2139 ,

1286 2152 1479 2186 contemnit
1500 2175 1508 2183 .
1534 2148 1597 2185 Sed
1622 2151 1794 2184 Dominus
1819 2148 1907 2189 Jesus
1935 2145 2094 2184 Christus
2115 2173 2126 2190 ,
2148 2151 2211 2197 qui

2227 873 2312 906 Prov.
2324 874 2367 904 18.
2378 884 2404 913 3.

1287 2212 1349 2233 nec
1377 2198 1544 2244 profunda
1570 2197 1683 2233 nostra
1708 2197 1930 2245 contempsit,
1956 2201 2012 2243 qui
2041 2198 2141 2245 usque
2167 2197 2210 2235 ad
2249 2240 2252 2242 ,

1288 2245 1383 2281 istam
1405 2248 1512 2280 vitam
1532 2249 1647 2279 venire
1672 2246 1823 2292 dignatus
1842 2246 1911 2286 est,
1938 2250 2140 2291 promittens
2161 2260 2210 2283 re—

1287 2295 1479 2331 missionem
1505 2298 1662 2330 omnium
1682 2306 1926 2341 peccatorum;
1950 2297 2051 2330 etiam
2072 2295 2113 2331 de
2134 2309 2211 2344 pro—

1286 2344 1395 2381 fundo
1412 2347 1575 2379 excitavit
1600 2343 1800 2384 hominem,
1827 2354 1864 2378 ut
1888 2343 2048 2380 clamaret
2071 2345 2112 2381 de
2133 2358 2211 2392 prop

1283 2393 1393 2428 fundo
1417 2391 1477 2427 sub
1503 2391 1651 2427 molibus
1680 2402 1895 2438 peccatorum
1917 2416 1928 2433 ,
1955 2395 1988 2426 δε
2014 2398 2207 2439 perveniret

1284 2454 1355 2476 vox
1385 2443 1571 2487 peccatoris
1597 2439 1638 2476 ad
1657 2442 1790 2476 Deum.
1818 2440 1918 2477 Unde
1937 2440 2134 2486 clamantis,
2158 2447 2206 2482 ui,

1283 2490 1308 2526 fi
1331 2491 1373 2528 de
1399 2489 1574 2537 profundo
1599 2489 1793 2527 malorum?

1329 2698 1382 2729 Ex
1409 2691 1544 2737 ejusdem
1569 2695 1763 2729 enarratione
1795 2695 1827 2729 in
1852 2693 2019 2737 Psalmum
2035 2675 2154 2734 CXXX*-

1514 2741 1599 2786 vers.
1631 2753 1658 2777 1.
1683 2754 1767 2779 num.
1793 2755 1822 2778 1.
1842 2747 1887 2782 &⁴
1899 2744 1986 2790 seqq.
2179 2748 2182 2751 '

1323 2846 1357 2880 N
1379 2842 1444 2879 isto
1468 2841 1599 2887 Psalmo
1625 2843 1883 2880 commendatur
1909 2843 2007 2881 nobis
2025 2843 2200 2885 humilitas

1347 2891 1432 2929 servi
1456 2895 1525 2928 Dei
1550 2896 1584 2928 &
1610 2892 1718 2928 fidelis
1738 2918 1750 2934 ‚
1775 2894 1867 2938 cujus
1893 2906 1978 2930 voce
2004 2906 2161 2932 cantatur
2185 2923 2198 2939 ,

1278 2943 1374 2991 quod
1400 2941 1447 2978 est
1463 2941 1656 2979 universum
1681 2955 1804 2990 corpus
1815 2941 1966 2980 Christi.
1991 2946 2083 2992 Saepe
2105 2951 2199 2984 enim

1276 2994 1512 3029 admonuimus
1539 2990 1750 3028 charitatem
1785 2991 1929 3029 vestram
1949 3018 1961 3035 ,
2003 3006 2073 3030 non
2108 2995 2199 3044 quafi

1276 3046 1374 3080 unius
1399 3041 1549 3079 hominis
1573 3046 1735 3078 cantantis
1760 3055 1882 3079 vocem
1909 3046 2017 3091 accipi
2043 3043 2165 3082 debere
2183 3072 2197 3089 ,

1275 3092 1330 3129 sed
1356 3096 1511 3129 omnium
1537 3095 1594 3140 qui
1619 3091 1692 3128 sunt
1725 3095 1758 3128 in
1783 3091 1918 3129 Christi
1943 3106 2089 3141 corpore
2106 3122 2115 3130 .
2150 3098 2197 3133 Et

1275 3146 1354 3191 quia
1387 3146 1422 3179 in
1465 3142 1554 3178 illius
1597 3155 1743 3190 corpore
1788 3141 1862 3179 sunt
1904 3155 2022 3179 omnes
2055 3169 2067 3186 ‚
2111 3155 2196 3182 tam—

1275 3205 1378 3241 quam
1410 3205 1495 3229 unus
1519 3191 1631 3228 homo
1657 3193 1812 3238 loquitur
1838 3207 1847 3228 :
1881 3197 1915 3228 &
1941 3192 2009 3242 ipse
2035 3193 2083 3229 est
2108 3208 2194 3232 unus

1275 3246 1335 3291 qui
1369 3247 1403 3278 δε
1436 3241 1537 3278 multi
1571 3241 1644 3278 sunt
1665 3267 1673 3275 .
1707 3242 1814 3278 Multi
1850 3246 1939 3278 enim
1975 3242 2047 3279 sunt
2082 3247 2116 3280 in
2150 3245 2194 3281 se—

1273 3292 1350 3341 ipfis
1369 3317 1382 3334 ‚
1415 3305 1499 3329 unus
1524 3291 1598 3328 sunt
1631 3295 1666 3328 in
1693 3292 1756 3327 illo
1781 3296 1840 3339 qui
1867 3305 1949 3329 unus
1975 3291 2022 3328 est
2042 3320 2050 3328 .
2076 3293 2191 3351 Ipsum
2213 3310 2385 3352 ¹·C⁰ff·3-¹7·

1272 3341 1321 3378 est
1346 3353 1458 3377 autem
1483 3345 1583 3377 etiam
1608 3341 1774 3390 templum
1801 3344 1868 3377 Dei
1891 3367 1902 3383 ,
1935 3343 1976 3378 de
2002 3356 2073 3389 quo
2106 3347 2189 3380 dicit

1273 3391 1462 3439 Apostolus
1481 3417 1493 3434 ‚
1519 3391 1707 3440 Templum
1731 3393 1823 3427 enim
1849 3393 1917 3427 Dei
1943 3392 2091 3429 samstum
2116 3393 2187 3437 est,

1268 3441 1362 3490 quod
1389 3441 1465 3478 estis
1499 3454 1562 3477 vos
1590 3455 1599 3477 z
1632 3453 1750 3476 omnes
1775 3444 1834 3488 qui
1859 3442 2000 3478 credunt
2024 3446 2059 3478 in
2085 3443 2188 3480 Chri-

1267 3491 1378 3534 stum,
1403 3495 1437 3528 δι
1457 3490 1501 3527 fic
1518 3491 1659 3527 credunt
1684 3501 1721 3527 ut
1746 3489 1907 3538 diligant.
1933 3495 2015 3529 Hoc
2031 3491 2078 3528 est
2093 3497 2185 3530 enim

1268 3540 1404 3578 credere
1430 3544 1463 3576 in
1488 3539 1690 3583 Christum,
1715 3540 1854 3588 diligere
1880 3541 2087 3579 Christum:
2114 3555 2185 3579 non

1270 3590 1451 3639 quomodo
1475 3589 1643 3626 daemones
1667 3589 1870 3633 credebant,
1895 3590 1949 3627 sed
1974 3604 2043 3628 non
2069 3591 2185 3640 dilige-

1266 3640 1346 3678 bant
1372 3654 1385 3681 ‚·
1417 3644 1452 3676 δι
1486 3639 1564 3675 ideo
1599 3643 1752 3688 quamvis
1784 3639 1958 3679 crederent
1991 3640 2146 3679 dicebant
2170 3656 2183 3686 ,

1267 3690 1363 3737 Quid
1387 3688 1485 3726 nobis
1511 3694 1546 3726 &
1571 3689 1633 3726 tibi
1660 3689 1709 3726 est
1728 3716 1739 3733 ,
1762 3690 1828 3726 Fili
1852 3692 1948 3727 Dei?
1973 3694 2048 3728 Nos
2070 3703 2183 3729 autem
2202 3731 2216 3750 Ζ

2196 3523 2219 3560 J
2220 3524 2297 3555 acob.
2304 3533 2318 3553 ἰ
2335 3536 2381 3564 19.

2218 3680 2330 3712 Mattb.
2348 3671 2378 3715 8‘.

1270 3740 1312 3777 s1c
1337 3740 1533 3783 credamus,
1557 3750 1594 3775 ut
1619 3744 1655 3775 in
1681 3739 1789 3788 ipsum
1815 3739 2017 3784 credamus,
2042 3740 2183 3790 diligen-
2220 3731 2248 3759 9·

1270 3801 1318 3828 tes
1343 3803 1445 3836 eum,
1468 3795 1598 3829 &non
1616 3790 1790 3833 dicamus,
1813 3790 1913 3838 Quid
1937 3790 2034 3830 nobis
2059 3791 2184 3878 &Rubi

1772 3843 1804 3879 ii
1856 3852 1876 3876 2
2057 3855 2075 3878 e
2124 3844 2137 3879 ἓ
