2652 4126
28 3235 35 3271 ἱ

28 3378 37 3393 ,ι

29 3470 33 3479 ι

148 1582 219 1612 leem
227 1580 275 1615 §.1
283 1591 295 1611 i

514 233 993 291 EXPOSITJO
1051 238 1132 291 IN
1179 231 1583 292 PSALMUM
1640 249 1943 292 cxxxviii.

364 326 461 384 vJaim
490 327 598 369 bono
628 325 791 369 consilio
821 328 951 369 utitur
979 328 1047 385 qui
1078 342 1233 384 pennas

314 387 432 439 suas,
470 387 642 443 geminae
684 387 832 428 scilicet
875 386 1052 444 praefidia
1101 388 1231 430 chari·

313 447 408 490 tatis
428 476 441 499 ,
481 446 622 502 quibus
660 446 703 487 in
743 445 938 487 diresturn
970 448 1114 500 volet,
1152 461 1235 489 me-

312 505 462 548 ditatur
501 504 692 547 assumere
722 534 755 557 ,.
782 506 823 547 8<
862 506 906 547 in
950 507 1100 549 ultimis
1149 515 1240 549 ma-'

313 563 566 619 ris,.id·.est‚
596 565 638 606 in
670 563 750 606 fine
781 563 910 607 saeculi
940 565 1054 621 hujus
1074 565 1232 608 habita-

313 640 380 668 re:
410 637 454 667 ut
483 635 569 666 tota
598 624 774 666 intentio
803 625 932 666 animi
961 626 1002 667 &
1029 638 1231 682 tempora-

314 686 364 728 lis
394 685 486 727 vitae
518 682 767 726 conclufione
798 683 967 726 sollicita
986 714 999 737 ,
1039 698 1120 726 non
1152 685 1234 740 jam

316 745 434 786 vanis
469 755 683 800 occupetur
721 743 1004 799 cupiditatibus
1026 773 1039 796 ‚
1077 743 1142 785 sed
1181 743 1234 786 ad
1292 746 1425 786 racula
1464 745 1600 802 gratiae
1642 758 1716 788 tuae
1747 761 1762 785 .-

2106 260 2132 292 2
2145 261 2172 307 9
2191 260 2205 294 1

1296 328 1504 385 Quoniam
1535 342 1613 371 nec,
1638 327 1809 370 felicitas
1839 326 1966 370 saeculi
1997 326 2112 382 hujus
2144 342 2216 370 nos

1292 386 1426 429 beatos
1459 388 1578 440 facit,
1608 402 1684 431 nec
1713 385 2158 439 adversitasmiseros,
2188 386 2215 428 fi

1295 460 1391 488 vera
1422 447 1528 488 bona
1558 447 1813 490 &mansura
1854 445 2090 504 diligamus.

1353 507 1387 546 C
1394 505 1574 561 onfitebor
1600 508 1673 548 tibi
1680 537 1694 559 ‚
1706 539 1709 542 -
1723 507 1901 563 quoniam
1909 503 2131 549 terribiliter
2148 505 2218 547 mi·

1408 565 1576 621 rificatus
1603 582 1662 610 es:
1690 563 1878 608 mirabilia
1908 578 2018 625 opera
2046 579 2137 620 tua,
2166 564 2217 610 Θ

1352 646 1356 650 ·
1405 626 1532 666 anima
1560 641 1644 666 mea
1672 625 1861 685 cognoscet
1889 623 2028 668 valde.

1355 686 1598 738 Terrorem,
1628 686 1783 742 inquit,
1813 686 1917 728 mihi
1929 685 2131 729 incutiunt
2142 685 2216 727 mi·

1801 747 1840 788 8<
1880 745 1985 787 unde
2023 744 2081 787 est
2109 744 2214 786 ratio

316 802 590 862 promissiones
622 803 706 845 Dei
736 801 785 844 de
819 802 895 844 hoc
926 802 1064 844 saeculo
1095 803 1230 845 valeat
1290 803 1447 859 gaudii,
1477 803 1583 846 inde*
1602 803 1657 847 est
1687 805 1810 847 caussa
1841 803 2068 847 formidinis
2088 834 2099 845 .
2132 804 2212 845 Co-

317 863 477 906 evolare
498 892 509 903 .
542 864 706 903 Verum·
726 861 802 903 hoc
832 861 971 918 ipsum.
993 862 1079 919 quis
1109 862 1230 904 efficit
1290 863 1445 918 gnoscit
1476 864 1587 905 enim
1618 865 1757 906 anima
1786 879 1878 906 mea
1897 894 1911 917 ,
1939 876 2092 920 quanta
2120 877 2216 919 ope-

317 921 552 964 suisviribus
571 951 586 974 ,
624 921 696 963 nisi
717 919 898 977 ,adjuvet
938 921 1005 963 ille
1037 922 1103 978 qui
1114 921 1238 977 jubet?

318 983 486 1038 Propter
515 979 618 1038 quod
647 980 842 1037 sequitur,
871 982 910 1022 8<
938 978 1060 1022 dicit:

377 1041 537 1082 Etenim
567 1037 662 1081 illuc
690 1054 820 1082 manus
849 1052 916 1080 tua
956 1040 1110 1082 deducet
1149 1056 1207 1082 me
1224 1071 1239 1094 ,

437 1101 485 1143 Θ·
515 1100 672 1141 adducet
702 1115 760 1141 me
788 1100 943 1141 dextera
971 1113 1059 1141 tua.

380 1158 646 1203 Confiderans
704 1172 837 1201 autern
897 1160 1238 1217 longinquitatem

322 1221 420 1273 viae,
449 1221 488 1262 8<
517 1217 566 1261 de
587 1219 744 1261 laboris
771 1222 882 1260 exitu
913 1220 1083 1271 timens,
1114 1218 1235 1262 addit:

381 1282 442 1322 Et
480 1279 562 1321 dixi
580 1309 594 1332 ‚
632 1278 814 1336 Fortasse
855 1279 1015 1321 tenebrae
1052 1277 1239 1320 conculca-

440 1338 534 1380 bunt
563 1354 644 1380 me.

382 1401 477 1441 Hoc
506 1397 584 1451 est,
613 1398 775 1441 forsitan
806 1396 1022 1454 superabor
1051 1398 1237 1451 adversis,

326 1460 365 1501 8<
395 1460 523 1515 magis
553 1458 757 1515 magisque
788 1459 1050 1511 tenebrabor,
1090 1459 1114 1499 si
1149 1472 1237 1515 per·

327 1516 558 1560 severantiae
575 1516 715 1560 finem
745 1532 826 1559 non
859 1517 1190 1574 apprehendero.

299 1603 310 1614 ·
385 1580 446 1620 Et
474 1594 550 1618 nox
579 1574 810 1619 illuminatio
841 1577 881 1617 in
910 1575 1051 1618 deliciis
1079 1579 1190 1618 meis.

188 1661 229 1696 i.
244 1671 290 1694 η.
384 1637 583 1698 Qom'am
612 1637 770 1679 tenebrae
800 1652 874 1676 non
905 1636 1190 1692 obscurabuntur
1217 1653 1241 1678 a

420 1708 506 1750 re,
535 1697 584 1739 δ’
615 1713 690 1738 nox
710 1697 816 1752 ficut
845 1698 921 1736 dies
949 1694 1238 1739 illuminabitur:

433 1757 541 1815 sicut
568 1756 725 1797 tenebrae
756 1757 855 1806 ejus,
884 1754 1134 1798 itaculumen
1148 1758 1238 1807 ejus.

150 1821 215 1851 uid.
244 1828 310 1863 app.
386 1820 593 1874 Tempus,
622 1816 951 1874 inquit‚vlaboris
982 1830 1061 1857 mei
1083 1831 1240 1873 tempus

326 1876 381 1919 est
412 1875 560 1928 nostis,
589 1890 710 1932 quarn
732 1888 867 1917 tamen
879 1877 1015 1931 gratiae
1028 1876 1243 1932 tuaelplen-

152 1940 306 1979 Psat.118.
324 1935 398 1978 dor
427 1935 655 1980 illuminat.
690 1935 868 1976 Verbum
900 1936 1009 1976 enim
1042 1949 1155 1977 tuum
1186 1936 1244 1977 lu-

152 1989 220 2017 105.

324 1994 444 2038 cerna
474 1993 624 2037 saetam
654 1992 720 2035 est.
739 1995 925 2050 gressibus
942 1996 1065 2048 meis,
1095 2008 1244 2051 utquae

323 2055 430 2097 mihi
460 2066 576 2098 erant
607 2054 781 2094 tenebrae
812 2055 1041 2109 inciperent
1071 2053 1145 2096 effe
1177 2054 1242 2096 de-

250 2127 262 2150 :
323 2113 588 2170 liciaez'quia
629 2111 916 2167 tenebrae'quae
961 2127 985 2154 a
1025 2111 1245 2171 semetipsis

325 2173 607 2224 obscurantur,
635 2185 659 2212 a
690 2173 877 2212 telumen
899 2171 1125 2228 accipiunt.
1158 2173 1245 2229 Qui

324 2232 433 2285 ideo,
455 2243 620 2290 agentes
658 2244 781 2287 opera
812 2231 1071 2276 tenebrarum
1111 2233 1246 2289 flagel-

326 2293 407 2346 las,
435 2300 501 2335 'ne-
518 2291 801 2348 temporalium
821 2289 1056 2335 deliciarum
1075 2289 1246 2341 oblec‘ia-

327 2353 444 2395 tione
469 2351 626 2403 cecati,
654 2350 761 2392 bona
771 2364 854 2393 non
865 2349 1248 2397 desideremusaeter-

327 2409 736 2454 na-„Naeteautem
768 2409 884 2452 nobis
913 2410 1045 2452 lucere
1055 2409 1178 2463 soles,
1207 2412 1247 2451 &

327 2466 675 2524 tamquamzdiem
699 2467 802 2517 facis
820 2496 834 2519 ,
871 2482 963 2511 cum
993 2482 1066 2524 per
1094 2467 1249 2512 austera

327 2526 506 2570 remedia
534 2525 597 2567 adt
617 2525 747 2577 vitam
766 2539 839 2568 nos
868 2539 1012 2576 vocas,
1041 2536 1085 2566 ut
1115 2524 1247 2569 dulcia

293 2611 296 2613 Δ
327 2585 410 2630 sint
437 2578 603 2641 flagella.
626 2582 774 2639 patris,
804 2595 855 2638 ne
886 2583 932 2626 fit
962 2595 1101 2625 amara
1123 2589 1145 2624 ,⁸
1164 2580 1248 2625 sen->

328 2644 459 2688 tentia
489 2642 636 2700 patris.
669 2640 780 2699 Quia
809 2653 906 2696 ergo
935 2641 974 2680 8<
1003 2638 1168 2685 adversa
1188 2638 1247 2680 vi·

327 2716 377 2747 tae,
407 2702 604 2754 istum&
633 2697 803 2746 secunda
834 2713 917 2740 non
947 2707 1086 2743 carent
1117 2710 1247 2740 tenta·

327 2763 474 2814 tione„
512 2774 591 2816 qua
621 2761 695 2801 aut'
718 2759 926 2802 elevamur
945 2788 959 2810 ,
997 2745 1067 2799 auf
1098 2759 1246 2813 premi-

326 2834 417 2865 mur
427 2831 683 2878 3eutrumque
714 2815 759 2863 fit
778 2831 885 2869 nox,
914 2815 1052 2864 fidesit
1081 2816 1150 2859 illa
1162 2816 1246 2870 luX,

323 2888 408 2937 quae
439 2887 514 2922 nec
545 2875 993 2934 superbiressnosfinat,
1023 2872 1097 2927 nec
1108 2875 1243 2934 despe-

325 2953 415 2992 rare
435 2939 659 2998 :permittat
674 2966 686 2978 .
742 2976 745 2979 ι
784 2958 790 2973 π

279 3028 289 3038 ‚
350 3023 353 3027 ⁴
378 3002 494 3066 'QQ
513 2998 522 3005 “
544 3013 583 3039 m
610 3009 656 3038 tu
678 2978 878 3055 poffidisti
906 3011 1145 3049 renesmew,
1174 3000 1253 3044 Doe-

415 3072 569 3106 saemne.
693 3098 699 3102 .

358 3117 368 3121 ’
387 3121 480 3172 Tu,
509 3111 666 3175 inquit,
695 3115 901 3168 Domine,
931 3129 1013 3156 non
1034 3115 1160 3157 solum
1179 3129 1250 3164 cot:

325 3193 486 3231 meum,
514 3176 580 3219 sed
610 3178 649 3219 8<
677 3191 793 3219 renes
823 3189 933 3218 meos
971 3175 1136 3232 possides
1168 3191 1177 3216 ε
1208 3177 1247 3217 8(

255 3264 262 3294 ·.
327 3238 612 3284 tefhabitante
638 3237 834 3280 interiora
864 3249 980 3288 mea,
1007 3234 1156 3277 fastum
1177 3234 1246 3288 est,

156 3457 224 3488 Gal.
235 3466 298 3494 ως
332 3444 338 3458 ³

232 3498 251 3528 b

328 3307 373 3339 ut
401 3311 466 3339 me
497 3294 1029 3353 aliquid-lucissdeleaaret.
1046 3295 1090 3338 in
1121 3294 1249 3337 noc'te.

389 3355 587 3413 Suscepisti
616 3371 674 3397 me
703 3372 751 3397 ex
780 3368 883 3396 utero
914 3353 1043 3395 'matris
1072 3370 1181 3396 meae.

390 3415 490 3472 Qd'c
506 3415 678 3465 Paulum,
701 3414 922 3473 apostolum
951 3413 1176 3472 segregavit
1197 3413 1247 3456 ab

305 3478 446 3519 'utero
460 3473 732 3527 matrissuae,
758 3474 842 3531 ipse
861 3475 901 3518 8(
927 3488 1004 3520 nos-
1018 3473 1244 3530 segregavit

328 3534 512 3579 abutero
533 3533 672 3574 matris
690 3531 707 3557 ¹³
726 3532 862 3575 nostrae
875 3534 978 3576 illius
999 3534 1246 3588 Babyloniae,

328 3591 432 3635 unde
464 3593 507 3633 in
539 3593 837 3648 novam-vitam
856 3593 1108 3651 regenerati,
1139 3607 1245 3634 nova

329 3652 421 3710 spe‘,
453 3649 765 3705 novis‘deliciis‚
784 3666 891 3694 nova
910 3653 995 3695 luce
1017 3649 1247 3709 gaudemus.

446 3714 489 3752 S.
519 3709 721 3768 Prospen'.
766 3732 768 3734 ·
1040 3747 1042 3750 ,
1243 3751 1245 3753 .

364 3779 384 3800 a
403 3767 584 3810 Augustinus
605 3767 768 3808 scripserat,
800 3769 926 3799 enteneiae
942 3766 1065 3805 iudicis.
1083 3769 1170 3800 Unde
1178 3779 1248 3800 con-

327 3807 444 3849 iic-'imus
461 3816 588 3849 erratum
609 3805 685 3838 sorte
703 3767 837 3848 irrepiiiYe
858 3808 889 3840 in
908 3808 1022 3840 codices
1030 3809 1250 3850 ermetanos,

327 3847 378 3880 ubi
397 3848 521 3898 legitur,
534 3847 678 3888 [Μινυεία
693 3851 807 3889 patris.
1141 3862 1144 3865 -

1298 923 1396 964 raris
1426 934 1470 963 ut
1500 920 1647 975 salves,
1676 924 1722 964 &·
1744 938 1828 979 quae
1858 923 1964 965 mihi
1994 923 2073 966 smt
2112 922 2220 978 peri-

1297 981 1384 1024 cula
1413 979 1616 1033 cavenda,
1646 996 1697 1023 ne
1729 996 1914 1038 peream.

1353 1042 1446 1082 Non
1475 1041 1531 1096 est
1560 1040 1814 1096 absconditum
1842 1056 1879 1082 os
1916 1056 2037 1082 meum
2077 1057 2100 1081 a
2137 1054 2178 1082 te
2207 1069 2221 1094 ‚

1414 1100 1515 1155 quod
1536 1098 1664 1157 fecisti
1693 1101 1733 1142 in
1763 1100 1971 1156 abscondito
1984 1131 1994 1142 .

1359 1158 1430 1200 Est
1459 1158 1638 1216 quaedam
1668 1160 1708 1202 in
1730 1159 1872 1202 sanetis
1891 1160 2124 1203 hominibus
2136 1161 2222 1203 Dei

1297 1218 1572 1275 insuperabilis
1609 1219 1803 1262 fortitudo
1830 1249 1844 1272 ,
1883 1221 1922 1262 8<
1960 1219 2112 1262 inviE’ta
2151 1234 2221 1277 pa-

1300 1279 1468 1331 tientia,
1497 1292 1619 1335 quam
1649 1280 1691 1321 in
1712 1279 1768 1320 eis
1786 1279 1942 1322 occulte
1962 1278 2082 1321 finxit
2093 1279 2226 1332 Deus,

1298 1339 1336 1379 8<
1366 1337 1640 1381 absconditam
1669 1338 1765 1380 fecit
1784 1368 1796 1392 ‚
1825 1339 2047 1381 habentem
2077 1337 2246 1380 osseam-

1295 1396 1556 1450 firmitatem,
1585 1412 1669 1454 quae
1690 1412 1764 1440 nec
1785 1411 2063 1456 corrumpatur
2091 1397 2226 1440 secun·

1295 1456 1378 1510 dis,
1409 1473 1483 1500 nec
1503 1457 1713 1514 frangatur
1734 1456 1926 1500 adversis.
1961 1460 2027 1501 De
2047 1472 2126 1515 qua
2145 1457 2225 1498 vir·

1297 1529 1384 1559 tute
1415 1518 1459 1559 in
1491 1517 1571 1560 alio
1605 1516 1759 1559 Psalmo
1798 1516 1943 1560 dicitur
1970 1548 1983 1570 ‚
2025 1520 2222 1558 Verumta-
2241 1521 2397 1562 Pſsumis.

1299 1592 1387 1618 men
1417 1580 1499 1619 Deo
1520 1575 1722 1631 stabjicitur
1751 1578 1878 1619 anima
1906 1593 2012 1630 mea,
2041 1577 2220 1633 quoniam

1299 1635 1345 1677 ab
1373 1635 1450 1692 ipso
1481 1636 1535 1688 est
1560 1636 1750 1693 patientia
1779 1652 1882 1678 mea.

1361 1696 1418 1736 Et
1438 1693 1652 1750 substantia
1679 1710 1761 1736 mea
1792 1697 1834 1736 in
1852 1695 2086 1750 inferioribus
2103 1708 2226 1737 terrae.
2241 1705 2312 1735 leem
2321 1701 2397 1739 VM

1359 1757 1409 1796 In
1441 1755 1540 1806 hac,
1570 1755 1728 1810 inquit,
1758 1755 1972 1797 substantia
2003 1755 2157 1811 fragilis
2191 1755 2229 1795 8<

1301 1812 1452 1864 infirmi
1483 1815 1686 1870 corporis,
1715 1813 1820 1870 quod
1840 1813 1895 1857 est
1915 1816 1958 1856 in
1979 1813 2129 1855 infimis
2148 1824 2226 1854 ter-

1302 1889 1378 1926 rae,
1407 1872 1688 1915 fortitudinem
1718 1874 1883 1930 quaerit,
1910 1888 1995 1930 quae
2025 1873 2135 1915 inter
2163 1871 2227 1913 sae-

1303 1947 1374 1976 vas
1405 1933 1707 1987 tribulationeS‚
1736 1934 1864 1976 etiam
1893 1933 2006 1976 carni
2044 1930 2227 1990 perseve-

1305 1994 1482 2036 rantiam
1513 1994 1648 2036 daret.
2232 2030 2238 2033 Α

1361 2053 1627 2111 Imperfec‘lum
1657 2069 1779 2095 mcum
1807 2054 1990 2095 viderunt
2019 2048 2116 2094 oculi
2145 2052 2226 2103 tui,

1420 2113 1471 2155 (9⁴
1500 2114 1540 2154 in
1570 2109 1664 2154 libro
1693 2127 1759 2155 tuo
1788 2128 1912 2154 omnes
1932 2111 2167 2167 scribentur.

1365 2174 1415 2214 In
1445 2172 1509 2214 his
1539 2173 1672 2215 verbis
1703 2173 1872 2230 persona
1901 2171 1955 2214 est
1985 2171 2104 2228 ipsius
2121 2171 2229 2228 capi-

1305 2231 1379 2283 tis,
1409 2230 1513 2287 quod
1545 2246 1651 2274 nunc
1682 2232 1726 2273 in
1756 2232 1821 2285 se,
1851 2246 1958 2273 nunc
1987 2231 2032 2272 in
2062 2243 2229 2288 corpore

1306 2289 1373 2332 sito
1402 2290 1578 2347 loquitur
1609 2306 1618 2332 ε
1657 2292 1751 2347 quia
1789 2290 1867 2333 duo
1906 2289 1996 2333 sunt
2036 2291 2077 2332 in
2109 2304 2230 2332 carne

2270 2064 2310 2101 7.
2333 2065 2379 2096 16-

1304 2364 1407 2392 una.
1441 2350 1509 2393 De
1540 2350 1619 2392 illis
1649 2365 1769 2407 ergo,
1798 2352 1841 2392 in
1873 2350 2014 2407 quibus
2044 2362 2131 2391 erat
2161 2363 2230 2406 pa·
2245 2344 2403 2385 th'fi53‘

1305 2409 1458 2454 tientiae
1471 2408 1703 2451 ,roboranda
1723 2408 1947 2451 constantia
1957 2425 1978 2459 ‚*
1999 2419 2044 2448 ut
2061 2407 2136 2463 ipfi
2155 2421 2234 2462 pm

1306 2466 1492 2515 Domino
1523 2467 1610 2520 pati
1641 2465 1795 2521 possent
1813 2489 1828 2516 3
1857 2466 1998 2521 quiin
2030 2464 2114 2520 ejus
2143 2464 2231 2521 pas-

1307 2521 1422 2564 sione
1436 2522 1746 2574 .,titubaverant,
1774 2522 1873 2564 dicit
1903 2522 1987 2579 ipse
2005 2551 2020 2574 ,
2047 2522 2230 2581 Imperfe-

1306 2581 1407 2623 §lum
1434 2594 1557 2620 meum
1574 2581 1769 2631 >‘uiderunt
1797 2579 1917 2623 oculi.
1949 2583 2007 2624 Et
2036 2583 2132 2639 quia
2160 2598 2230 2640 qui
2259 2621 2260 2624 ,

1306 2636 1425 2694 usque
1464 2637 1516 2680 ad
1562 2638 1888 2696 desperationem
1935 2655 2188 2698 expaverant
2216 2672 2232 2695 ,

1303 2695 1503 2754 usqueciad
1535 2698 1708 2742 viaoriae
1739 2715 1907 2743 coronas
1922 2729 1936 2752 ,
1956 2713 2006 2742 .te
2037 2700 2231 2758 aspicien-

1304 2770 1372 2810 te,
1398 2758 1584 2803 coronati
1614 2757 1731 2814 sunt;
1759 2759 1939 2812 addidit,
1967 2761 2029 2801 Et
2059 2761 2102 2801 in
2131 2758 2228 2801 libro

1304 2830 1368 2858 tuo
1399 2832 1524 2869 omnes
1546 2816 1779 2873 scribentur.
1812 2821 1944 2876 Igitur
1963 2819 2160 2862 ,omnibus
2181 2820 2230 2862 ti-

1310 2875 1452 2929 midis,
1479 2877 1520 2919 8<
1549 2876 1601 2922 de2
1628 2879 1792 2935 proptia
1830 2876 2068 2923 infirmitate
2108 2879 2232 2937 trepi-

1311 2935 1498 2979 dantibus
1528 2935 1772 2994 sperandum
1801 2938 2067 2995 estrsupernae
2107 2940 2232 2982 virtu-

1313 2996 1368 3039 tis
1395 2996 1622 3050 auxiliumt,
1641 2996 1808 3042 ueinde
1838 3013 1922 3041 non
1953 2997 2113 3041 excidat
2140 2998 2233 3042 cha-

1310 3055 1432 3109 ritas,
1459 3054 1567 3100 unde
1595 3056 1800 3114 praestatur
1828 3058 2018 3101 facultas.

1318 3157 1322 3160 ,
1369 3117 1450 3158 Per
1466 3115 1566 3157 diem
1583 3116 1782 3170 errabunt,
1812 3117 1863 3161 (J
1881 3133 1990 3160 nemo
2009 3117 2052 3158 in
2069 3117 2121 3159 eis
2134 3147 2145 3159 .

1316 3217 1321 3220 .
1368 3175 1486 3228 Sive,
1514 3187 1558 3219 ut
1589 3176 1632 3219 in
1662 3175 1895 3233 quibusdam
1935 3175 2134 3220 codicibus
2174 3177 2235 3219 in-

1311 3235 1494 3281 venitur.
1552 3259 1570 3281 11
1646 3276 1652 3281 .
2070 3251 2075 3256 ’

1350 3320 1354 3332 -.
1370 3295 1448 3340 Die
1472 3293 1758 3351 formabuntur,
1785 3295 1836 3339 (5*
1865 3312 1971 3338 nemo
2001 3296 2044 3337 in
2071 3297 2145 3338 eis.

1373 3354 1630 3411 Imperfeffi,
1659 3356 1792 3412 inquit
1810 3385 1824 3408 ‚
1852 3356 1934 3398 mei
1952 3384 1966 3407 ,
1994 3355 2063 3412 qui
2092 3369 2234 3399 omnes

1311 3425 1433 3455 eru—nt
1459 3414 1504 3457 i'n
1527 3414 1810 3466 vita-aeterna,
1833 3427 1905 3473 per
1922 3415 2021 3456 diem
2039 3415 2232 3471 errabunt3

1307 3471 1385 3514 hoc
1408 3471 1479 3515 lest
1497 3501 1513 3526 ,
1542 3473 1681 3516 in'me
1723 3475 2017 3516 turbabuntur:
2055 3475 2095 3516 8<
2124 3491 2231 3516 nemo

1307 3533 1383 3576 erit
1414 3532 1454 3572 in
1485 3532 1557 3584 eis,
1587 3547 1710 3589 qnem
1742 3547 1823 3574 non
1864 3532 2019 3575 timoris
2058 3535 2232 3577 tenebra:

1310 3590 1359 3634 ad
1387 3589 1710 3649 desperationem
1741 3591 1859 3648 usque
1894 3590 2116 3650 perducant
2145 3624 2156 3636 .
2188 3595 2233 3637 Si

1309 3664 1444 3692 autem
1475 3651 1651 3708 legamus
1670 3681 1684 3704 ,
1724 3652 1800 3692 Die
1829 3650 2098 3707 formabuntur
2126 3667 2142 3692 .·

1643 3734 1647 3737 -
1713 3731 1717 3734 ’
1820 3712 1910 3753 Oo·
1958 3726 1981 3754 2

1346 3767 1365 3797 b
1385 3766 1467 3798 Editi
1488 3777 1606 3802 omnem
1627 3768 1734 3798 matris·
1762 3780 1820 3800 uae.
1839 3769 1945 3801 Er‘rore
1955 3769 2126 3806 manifesto,
2144 3779 2233 3812 quem

1306 3807 1547 3879 &lgmzisigustmi
1568 3808 1693 3840 lectione
1712 3768 1888 3850 suffragante
1909 3809 2065 3849 emendare
2092 3820 2153 3841 non
2181 3810 2232 3842 du·

2171 3652 2234 3696 in-

2102 3713 2175 3756 tel·

2250 3125 2321 3155 lum
2331 3121 2405 3159 Υ.ιὸ
