2652 4126
0 636 11 829 -q-2-2,f

0 898 11 1199 ἱ

0 1338 11 1602 l

521 259 608 309 ”ET
649 248 1239 313 HISTOR.·“SEM1PEL4
1277 268 1515 314 Luc‘EM:
1538 268 1899 342 AFFERUNT‘.
1925 258 1944 265 ““

376 467 430 501 Ex
450 465 678 502 'enarrationem
713 464 847 513 ejusdem
871 452 903 503 in
928 457 1094 511 ‘Psalmltm
1118 458 1125 475 ³

573 519 650 551 LIX.
676 515 758 561 vers.
770 528 803 561 7.
821 529 850 552 n.
863 528 895 562 7.
913 564 917 567 ἱ

107 656 180 696 Vns:
200 667 229 699 7.
279 648 472 740 ΞΛΜ
494 623 545 685 me
565 649 621 694 fac
647 650 778 685 dextera
804 658 895 692 tua,
908 651 952 687 &
975 652 1090 688 exaudi
1115 664 1166 687 me
1184 678 1192 687 .

363 701 517 735 Dextera
540 709 595 735 tua
614 724 627 742 ,
659 701 811 735 Domine
829 724 842 742 ,
876 697 1002 736 salvum
1028 713 1083 737 me
1106 701 1157 737 fac
1181 716 1191 735 ε

275 752 322 786 ita
347 747 476 784 salvum
501 760 555 785 me
580 747 656 791 fac,
681 760 720 785 ut
738 748 780 785 ad
804 748 976 785 dexteram
996 749 1100 787 stem;
1125 751 1192 787 Sal·

275 810 357 836 vum
383 810 433 835 me
451 797 509 843 fac
531 800 663 835 dextera
686 807 744 836 tua
763 812 772 834 :
805 811 872 834 non
900 798 1036 835 salutem
1062 811 1195 849 tempo-

275 847 389 885 ralem
406 858 514 895 peto,
538 847 580 884 de
599 846 662 884 hac
687 849 744 885 fiat
756 849 912 885 voluntas
935 859 1009 885 tua.
1037 849 1194 886 Adtem-

276 910 339 947 pus
348 895 434 945 quid
451 897 551 934 nobis
564 897 692 946 profit,
716 902 846 946 penitus
866 902 1075 945 ignoramus.
1102 899 1197 946 Quid

276 951 370 984 enim
394 960 530 984 oremus
556 947 637 984 ficut
662 958 819 996 opertet,
845 947 1006 984 nescimus
1028 963 1036 984 ε
1061 949 1116 986 sed
1140 949 1198 986 sal-

277 1010 360 1035 vum
386 1010 440 1034 me
466 997 517 1034 fac
542 997 678 1035 dextera
704 1008 760 1035 tua
778 1023 791 1041 ,
816 1009 853 1034 ut
878 1003 912 1035 δε
937 997 962 1034 fi
985 1001 1017 1033 in
1041 1009 1197 1047 tempore

274 1047 344 1086 isto
368 1045 606 1084 tribulationes
631 1048 756 1095 aliquas
781 1051 889 1096 patiar
908 1072 920 1090 ,
953 1047 1113 1085 transacta
1137 1062 1197 1085 no—

278 1099 332 1134 &e
349 1100 504 1138 omnium
523 1097 779 1134 tribulationem
798 1098 839 1135 ad
858 1097 1029 1134 dexteram
1048 1101 1197 1135 inveniar

275 1150 367 1184 inter
391 1159 497 1190 oves,
523 1160 592 1183 non
611 1147 653 1184 ad
677 1147 839 1185 finistram
859 1151 947 1183 inter
966 1145 1105 1184 hoedos.
1131 1149 1198 1185 sal-

276 1209 359 1235 vum
382 1207 431 1232 me
453 1196 506 1239 fac
529 1199 660 1234 dextera
685 1207 742 1235 tua
764 1223 776 1240 ,
801 1199 845 1235 &-
870 1199 986 1233 exaudi
1011 1210 1078 1233 me.
1105 1202 1196 1243 Quia

275 1247 342 1294 jam
369 1245 454 1283 illud
480 1257 561 1294 peto
583 1246 675 1295 quod
700 1247 779 1283 dare
806 1250 885 1283 vis:
913 1259 981 1282 non
1009 1246 1119 1284 verbis
1144 1248 1199 1284 de—

275 1295 438 1334 lictorum
472 1309 629 1333 meorum
664 1297 777 1334 clamo
809 1309 870 1344 per
904 1295 995 1332 diem
1015 1321 1028 1340 ,
1065 1307 1102 1334 ut
1128 1311 1197 1334 non

276 1345 453 1388 exaudias,
479 1350 514 1383 δι
539 1348 640 1384 ηοᾶε
659 1372 672 1390 ,
697 1357 735 1383 ut
760 1358 829 1383 non
855 1345 1010 1383 exaudias
1028 1371 1040 1389 ,
1066 1351 1101 1384 δι
1126 1360 1197 1384 non

214 1435 216 1438 ,
275 1395 319 1432 ad
342 1395 562 1444 insipientiam
587 1395 697 1440 mihi,
721 1395 776 1432 sed
800 1400 918 1444 utique
943 1395 984 1432 ad
1007 1402 1199 1434 commoni*

275 1449 431 1491 tionem,
456 1446 611 1482 addendo
636 1446 788 1494 {apol-em
814 1445 856 1481 de
882 1445 969 1482 valle
997 1445 1196 1490 salinarum,

276 1507 316 1532 ut
341 1499 374 1531 in
409 1495 628 1533 tribulatione
652 1500 809 1532 noverim
834 1495 915 1543 quid
941 1508 1051 1543 petam
1080 1511 1089 1532 ε
1117 1509 1198 1545 peto

274 1557 388 1584 autem
416 1550 520 1583 vitam
546 1557 703 1583 aeternam
722 1558 736 1585 ‚·
760 1558 843 1592 ergo
868 1545 987 1581 exaudi
1014 1559 1091 1588 me,
1119 1551 1197 1595 quia

276 1596 450 1632 dexteram
474 1607 568 1632 tuam
592 1606 674 1644 peto
696 1623 704 1632 .
731 1595 900 1642 Intelligat
925 1608 1008 1643 ergo
1034 1595 1199 1633 Charitas

277 1645 442 1687 Vestras,
484 1657 625 1682 omnem
659 1645 794 1683 fidelem
819 1644 1000 1681 habentem
1037 1649 1071 1682 in
1098 1647 1201 1684 corde

278 1695 428 1739 verbum.
447 1697 516 1732 Dei
541 1708 618 1732 cum
644 1699 768 1732 timore
789 1722 800 1738 ,
837 1698 1012 1731 timentem
1040 1696 1200 1738 judicium

278 1745 466 1787 futurum',
501 1749 673 1782 viventem
711 1743 931 1793 probabiliter
951 1770 962 1786 ,
996 1757 1038 1780 ne
1069 1746 1111 1781 de
1138 1746 1201 1783 illo

277 1794 529 1843 blasphemetur
554 1808 680 1832 nomen
717 1795 867 1832 sanficum
902 1797 1048 1831 Domini
1083 1797 1151 1842 ejus
1188 1822 1200 1838 ,

277 1845 384 1883 multa
420 1845 592 1894 deprecari
627 1845 806 1882 secundum
842 1844 1026 1887 saeculum,
1059 1849 1094 1881 δι
1130 1859 1201 1882 non

277 1894 449 1937 exaudiri,
474 1894 521 1930 ad·
541 1898 648 1931 vitam
673 1906 830 1932 aeternarn
857 1894 985 1942 semper
1010 1895 1164 1931 exaudiri
1192 1923 1200 1931 .

278 1948 366 1990 Quis
391 1947 481 1980 enim
509 1943 679 1983 finitatem
704 1958 773 1981 non
802 1955 913 1993 petat,
939 1957 1016 1981 cum
1042 1946 1200 1992 ae'grotat.

277 1997 324 2031 Et
349 2005 462 2030 tamen
494 1993 584 2030 forte
617 1994 728 2032 adhuc
754 2005 916 2042 aegrotare
941 1998 973 2031 ei
1006 1994 1091 2031 utile
1115 1995 1165 2032 est
1190 2021 1198 2029 .

279 2043 395 2082 Potest
420 2044 493 2081 fieri
517 2054 554 2081 ut
572 2043 652 2082 hinc
677 2058 748 2081 non
772 2044 962 2083 exaudiaris.
983 2043 1026 2080 ad
1045 2045 1201 2082 volunta-

276 2104 346 2130 tem
359 2119 371 2135 ‚
396 2105 434 2130 ut
451 2093 638 2130 exaudiaris
656 2095 698 2131 ad
714 2095 915 2132 utilitatem.
941 2098 990 2131 At
1019 2107 1104 2131 vero
1121 2109 1200 2132 cum

275 2143 364 2180 illud
389 2147 498 2190 petis,
520 2152 559 2179 ut
581 2142 640 2178 det
665 2142 730 2179 tibi
756 2149 862 2180 vitam
889 2154 1047 2181 aeternam
1073 2148 1168 2182 Deus
1187 2171 1202 2188 ,,

276 2202 316 2228 ut
341 2191 398 2229 det
423 2189 486 2226 tibi
507 2201 646 2237 regnum
673 2191 835 2226 caelorum
855 2195 951 2228 Deus
971 2199 988 2233 ,‘
1008 2204 1045 2228 ut
1073 2194 1130 2230 det
1165 2199 1206 2230 ti-

276 2240 315 2279 bi
349 2240 391 2277 ad
415 2239 590 2276 dexteram
615 2238 691 2277 Filii
720 2237 768 2274 sui
805 2237 891 2274 stare
920 2262 934 2281 ,
968 2251 1047 2274 cum
1074 2247 1206 2276 venerit

240 2289 242 2291 ’
279 2289 428 2336 judicare
452 2299 577 2324 terram
598 2302 610 2324 a
634 2288 765 2325 securus
790 2287 1076 2345 estoJ'accipies,
1102 2289 1208 2325 fimo-

279 2337 329 2375 do
354 2339 572 2384 non-accipis
593 2351 609 2372 -ι
648 2350 718 2374 non
743 2341 934 2384 enimqans
952 2340 1048 2374 venit
1072 2349 1206 2387 tempus

280 2398 321 2425 ut
343 2389 486 2435 accipias
506 2412 514 2422 .
544 2386 724 2424 Exaudiris
742 2411 756 2430 ,
780 2391 815 2424 &
842 2386 942 2423 nescis
964 2400 973 2421 =
1000 2387 1098 2435 quod
1122 2393 1208 2436 petis

281 2440 415 2485 agitur,
438 2435 495 2472 etfi
513 2435 616 2472 nescis
640 2440 676 2473 in
701 2449 774 2486 quo
791 2440 922 2484 agitur.
938 2439 988 2472 -In
1012 2436 1125 2473 radice
1134 2437 1183 2474 est
1196 2462 1211 2479 ‚

283 2486 438 2526 nondum
463 2485 657 2525 infructu.
1044 2503 1046 2506 ·

304 2627 338 2635 „-
348 2627 374 2633 -
384 2619 876 2631 ‘jan———u-——u——e‘n-

352 2696 407 2728 Ex
430 2690 624 2726 enarratione
646 2685 781 2734 ejusdem
806 2690 839 2722 in
863 2686 1027 2730 psalmum
1051 2693 1143 2724 Lxrr.

601 2736 684 2781 vers.
706 2748 735 2772 2.
759 2748 844 2772 num.
868 2739 901 2769 6.
1013 2740 1043 2744 ⁴⁹

387 2837 556 2875 uomodo
581 2839 699 2874 animae
722 2834 843 2872 nostrae
868 2839 1082 2884 promittitur
1108 2835 1210 2872 beati—

412 2887 498 2924 tudo
519 2912 531 2930 ,
566 2885 610 2922 fic
643 2891 676 2923 δε
710 2889 802 2922 carni
837 2885 960 2921 nostrae
993 2888 1210 2933 promittitur

291 2939 511 2975 resurreffio.
538 2935 758 2975 Resurreffio
776 2939 882 2972 carnis
906 2935 982 2973 talis
1007 2934 1105 2972 nobis
1131 2948 1209 2983 pro-

292 2992 441 3025 mittitur
460 3001 469 3022 :
496 2986 646 3027 Audite,
671 2990 705 3022 δι
725 2985 863 3028 discite,
888 2989 926 3022 &=
946 2995 1060 3021 tenete
1083 2998 1157 3032 quae
1175 2984 1213 3021 fit

293 3037 364 3087 spes
391 3035 667 3075 Christianorum
688 3060 700 3076 ,
725 3048 826 3083 quare
853 3034 963 3072 sumus
990 3034 1175 3072 Christiani
1203 3063 1210 3070 .

295 3091 380 3125 Non
405 3090 496 3123 enim
521 3085 563 3122 ad
587 3085 656 3122 hoc
682 3084 791 3121 sumus
811 3083 1022 3127 Christiani,
1047 3096 1088 3121 ut
1110 3096 1211 3120 terre-

296 3148 374 3173 nam
399 3135 498 3172 nobis
522 3135 716 3172 felicitatem
743 3145 917 3182 petamus,
941 3147 1042 3182 quam
1068 3135 1215 3182 plerum-

298 3183 515 3234 que-habent
541 3189 576 3221 δε
600 3184 748 3221 latrones
772 3188 805 3220 &
831 3183 1005 3220 scelerati.
1034 3183 1091 3221 Ad
1115 3184 1214 3221 aliam

298 3236 495 3277 felicitatem
531 3246 592 3270 nos
615 3235 733 3272 sumus>
758 3232 976 3276 Christiani,
1009 3246 1110 3281 quam
1136 3245 1215 3270 tunc

300 3288 534 3334 accipiemus,
566 3295 645 3320 cum
680 3287 748 3320 vita
775 3283 833 3319 ista
866 3282 965 3328 hujus
998 3283 1106 3320 saeculi
1143 3295 1214 3319 tota

296 3334 420 3372 amnne
442 3337 486 3370 it.
513 3335 609 3378 Ergo
635 3337 850 3381 promittitur
874 3332 972 3370 nobis
990 3337 1024 3370 δε
1041 3338 1148 3370 carnis
1173 3346 1223 3369 re-

303 3384 394 3422 surre
435 3387 492 3422 ἰοὶ
514 3387 548 3420 &
570 3382 644 3420 talis
668 3384 869 3420 resurrectio
889 3386 996 3420 carnis
1020 3382 1118 3419 nobis
1144 3396 1222 3431 pro-

304 3436 475 3475 mittitur,
500 3443 538 3470 ut
556 3445 636 3469 caro
653 3432 788 3479 quidem
815 3432 874 3470 ista
900 3445 1000 3481 quarn
1021 3433 1128 3469 modo
1145 3446 1221 3481 por-

305 3496 414 3522 tamus
440 3481 586 3530 resurgat
611 3485 645 3519 in
672 3483 738 3518 fine
755 3509 764 3518 .
797 3486 876 3519 Nee
898 3481 1096 3519 incredibile
1122 3482 1219 3518 vobis

306 3533 477 3571 videatur.
503 3535 536 3568 Si
561 3535 651 3568 enim
670 3535 765 3569 Deus
787 3531 866 3569 fecit
891 3546 953 3570 nos
979 3536 1036 3580 qui
1062 3546 1131 3568 non
1152 3546 1220 3568 era—

306 3596 382 3621 mus
398 3607 412 3627 ,
446 3594 606 3629 magnum
633 3581 684 3618 illi
709 3581 766 3618 est*
792 3595 946 3630 reparare
971 3586 1029 3629 qui
1056 3595 1184 3618 eramus
1211 3584 1223 3616 ἓ

305 3635 404 3682 Ergo
428 3630 497 3669 hoc
522 3630 619 3667 vobis
639 3629 837 3668 incredibile
862 3645 931 3668 non
950 3632 1122 3675 videatur,
1147 3635 1224 3679 quia

294 3683 398 3733 >quasi
422 3681 791 3730 putresceremortuos
816 3681 959 3724 videtis,
985 3686 1018 3717 δε
1043 3685 1090 3717 ire
1118 3685 1150 3717 in
1177 3685 1223 3717 ci·

303 3745 403 3770 neres
419 3757 431 3775 ,
456 3735 491 3768 δι
516 3734 550 3767 in
577 3730 752 3779 pulverem
773 3757 782 3766 .
809 3733 881 3767 Aut
906 3731 931 3767 fi
956 3731 1150 3767 incendatur
1168 3731 1225 3766 ali-

307 3786 384 3830 quis
409 3791 585 3824 mortum,
609 3791 665 3817 aut
691 3779 715 3816 fi
739 3792 834 3817 canes
854 3780 1015 3817 dilanient
1041 3793 1140 3822 eum,
1168 3793 1226 3828 pu—

311 3836 388 3876 tetis
413 3834 490 3880 quia
515 3829 592 3867 inde
617 3842 689 3867 non
712 3834 776 3868 erit
800 3829 1075 3869 resurresturus?
1100 3833 1226 3867 Omnia

407 3889 439 3919 S.
464 3880 624 3927 Prosperi.

1251 353 1322 397 qiiae
1347 350 1578 399 discerpuntur
1596 378 1608 395 ,
1640 358 1688 390 ‘dc'
1707 356 1745 390 in
1766 353 1895 391 seivilla's
1929 357 2082 403 quasdam
2108 361 2168 407 pu*-

1251 399 1423 442 trelcunt,
1449 405 1576 449 integra
1601 405 1682 439 Deo
1706 403 1805 440 sunt.
1841 409 1879 441 l'n
1906 404 1962 441 illa
1990 410 2079 442 enim
2103 409 2168 445 ele*—

1250 460 1362 485 menta
1388 451 1511 486 *mundi
1546 463 1660 495 eunt,
1692 454 1780 491 und'e
1815 458 1929 502 primo
1965 468 2126 493 venerunt
2153 482 2166 500 ,

1251 497 1389 547 quando
1406 498 1483 535 fasti
1505 500 1615 538 sumus
1634 516 1643 537 :
1670 516 1738 539 non
1766 504 1822 540 illa
1850 506 2022 542 videntum
2048 505 2100 542 sed
2121 510 2167 543 ta'-

1251 561 1329 585 men
1355 550 1449 584 Deus
1475 550 1562 586 unde
1587 552 1646 587 scit
1673 554 1837 599 producet
1863 555 1941 598 illa,
1966 559 2042 603 quia
2061 561 2094 594 δι
2112 567 2167 593 an‘-

1250 608 1386 645 tequam
1411 597 1546 635 essemus
1565 625 1577 642 ,
1597 601 1699 637 unde
1725 603 1843 640 sciebat
1879 617 1939 640 nos
1966 607 2130 653 produxit
2156 616 2165 642 ;

1250 648 1345 684 Talis
1377 660 1460 696 ergo
1493 649 1692 687 resurrefflo
1725 657 1832 690 carnis
1865 654 1962 691 nobis
1997 659 2167 703 promitti-

1249 707 1329 739 tur,
1354 708 1391 733 ut
1416 703 1570 744 quamvis
1590 700 1657 747 ipsa
1676 700 1714 737 fit
1737 716 1817 739 caro
1841 716 1941 751 quam
1961 705 2068 742 modo
2088 719 2166 754 por-

1249 758 1358 783 tamus
1373 774 1384 791 ,
1423 761 1497 795 quae
1520 749 1742 788 resurrectura
1767 752 1815 789 est
1835 778 1847 795 ,
1880 764 1990 793 tamen
2015 762 2084 793 non
2110 755 2167 792 ha—

1253 795 1327 833 beat
1353 801 1611 846 corruptionem
1636 812 1736 850 quam
1762 803 1869 839 modo
1895 803 1997 840 habet
2015 832 2023 841 .
2050 806 2166 843 Modo

1250 849 1341 883 enim
1367 860 1410 883 ex
1435 853 1656 897 corruptione
1681 851 1868 899 fragilitatis
1888 878 1907 896 ,ν
1933 854 1958 890 fi
1981 850 2049 891 non
2077 862 2168 892 man¹¹

1256 895 1438 939 ducemus,
1461 897 1644 936 deficimus
1660 905 1694 937 &
1719 901 1879 939 esurimus
1899 917 1908 940 ς
1931 903 1957 944 fi
1983 918 2050 940 non
2077 905 2168 944 bibaJ

1256 957 1352 987 muS,
1377 946 1551 984 deficimus
1578 953 1611 984 &
1637 949 1763 987 fitimus
1787 965 1796 987 ;
1822 952 1844 987 fi
1869 952 1926 989 diu
1954 955 2131 1000 vigilemus
2155 981 2168 997 ,

1257 994 1432 1042 deficimus
1459 1001 1492 1032 δε
1518 997 1707 1035 dormimus
1728 1013 1741 1039 ‚·
1775 1000 1799 1039 fi
1830 1001 1889 1038 diu
1907 1002 2169 1045 dormiamus,

1255 1044 1454 1088 deficimus,
1479 1046 1558 1082 ideo
1585 1049 1782 1093 vigilamus;
1808 1050 1831 1086 fi
1848 1051 1904 1087 diu
1932 1053 2169 1089 manducemus

1256 1099 1288 1131 δι
1309 1093 1485 1138 bibamus,
1510 1101 1663 1144 quamvis
1681 1110 1826 1147 propter
1851 1102 2068 1137 refectionem
2082 1106 2170 1138 m'an-

1255 1144 1413 1181 ducemus
1439 1150 1472 1182 &
1498 1144 1649 1184 bibamus
1671 1173 1682 1189 ,
1718 1148 1784 1196 ipsa
1812 1149 1966 1188 diuturna
1993 1152 2132 1188 refeffio
2159 1177 2171 1193 ,

1254 1193 1400 1230 defectio
1425 1195 1472 1231 est
1493 1209 1502 1233 3
1537 1196 1560 1232 fi
1585 1195 1644 1233 diu
1672 1197 1794 1235 stemus
1814 1224 1825 1242 ,
1851 1199 2029 1245 fatigamur
2048 1228 2059 1245 ,
2093 1200 2170 1237 ideo

1256 1243 1424 1283 sedemus3
1451 1249 1485 1281 &
1509 1245 1534 1282 fi
1557 1246 1616 1282 diu
1642 1246 1815 1291 sedat-nus,
1838 1254 1872 1285 δε
1899 1248 1943 1285 ibi
1970 1251 2170 1299 fatigamur,

1255 1298 1289 1330 &
1315 1293 1391 1330 ideo
1417 1294 1580 1343 surgimus
1601 1324 1608 1332 .
1643 1297 1777 1334 Deinde
1803 1298 1914 1335 videte
1939 1303 2025 1347 quia
2060 1300 2172 1336 nullus

1255 1342 1302 1381 est
1328 1347 1435 1385 earnis
1460 1345 1581 1382 nosti-:e
1606 1345 1729 1388 status,
1755 1353 1913 1396 quoniam
1935 1350 2068 1386 infantia
2093 1359 2178 1386 avo-³

1255 1392 1303 1430 lat
1329 1397 1364 1429 in
1390 1398 1571 1442 pueritiam
1591 1421 1603 1438 ‚
1628 1401 1662 1432 δε
1682 1402 1801 1444 quaeris
1820 1399 2023 1441 infantiam,
2046 1405 2078 1436 &
2104 1409 2179 1436 non!

1255 1442 1303 1480 est
1330 1443 1488 1487 infantia,
1514 1449 1592 1493 quia
1614 1446 1678 1490 jam
1698 1460 1763 1494 pro
1781 1448 1918 1484 infantia
1943 1451 2087 1497 pueritia
2105 1448 2182 1485 estz.

1258 1497 1380 1530 iterum
1406 1498 1440 1532 &
1466 1495 1532 1542 ipsa
1559 1499 1681 1542 migrat
1697 1495 1743 1532 in*
1766 1497 2021 1544 adolescentiam
2042 1524 2055 1542 ,
2090 1507 2182 1547 quae-'
2224 1529 2239 1539 .,
2259 1537 2265 1542 μ
2283 1531 2285 1534 .
2303 1537 2310 1542 δ

1258 1547 1303 1581 ris
1330 1547 1510 1592 pueritiam
1532 1549 1565 1581 δε
1584 1558 1653 1581 non
1678 1550 1806 1583 invenis
1825 1562 1834 1582 :
1859 1546 2050 1585 adolescens
2072 1549 2111 1585 fit
2131 1550 2184 1591 iu*

1261 1597 1352 1629 venis
1370 1614 1384 1635 5
1417 1598 1536 1642 quaeris
1556 1595 1805 1633 adolescentem
1822 1621 1838 1640 ,
1870 1602 1905 1634 δε
1930 1611 1999 1634 non
2024 1597 2072 1634 est
2093 1613 2102 1634 ε
2128 1599 2184 1644 ju-=

1260 1647 1351 1679 venis
1377 1643 1416 1680 fit
1443 1643 1570 1687 senex,
1587 1649 1722 1693 ‚quaeris
1749 1649 1901 1690 juvenem
1922 1673 1933 1689 ,
1967 1653 2000 1684 δε
2036 1661 2104 1684 non
2130 1651 2185 1683 itt-T

1260 1696 1353 1729 venis
1380 1707 1389 1728 z
1425 1699 1457 1730 δι
1494 1693 1594 1730 senei:¹
1618 1699 1763 1732 moritur
1781 1722 1793 1738 ‚
1826 1699 1943 1745 quae'ris
1969 1696 2078 1733 semen
2096 1723 2108 1740 ,
2143 1702 2187 1732 &³

1258 1755 1328 1778 non
1355 1745 1501 1779 invenis.
1529 1748 1609 1779 Non
1638 1745 1700 1781 stat
1725 1758 1807 1791 ergo
1833 1757 1907 1781 aetas
1931 1747 2072 1782 nostra:
2107 1745 2181 1782 ubi-

1259 1805 1324 1839 que
1350 1792 1501 1838 fatigatio
1520 1793 1590 1834 est,
1615 1794 1740 1841 ubique
1759 1795 1936 1836 laffitudo,
1961 1795 2086 1842 ubique
2105 1793 2181 1830 cor·

1258 1845 1376 1889 ruptio
1394 1869 1402 1878 .
1429 1843 1652 1879 Attendentes
1676 1844 1810 1890 qualem
1837 1844 1935 1880 nobis
1959 1844 2050 1892 spem
2078 1844 2189 1880 resur·-

1259 1893 1422 1928 restionis
1463 1895 1648 1940 promittat:
1674 1895 1769 1928 Deus
1796 1895 1829 1935 ,³
1851 1894 1884 1929 i'n
1919 1893 1990 1930 istis
2024 1893 2183 1930 omnibus

1261 1940 1508 1989 multiplicibus
1542 1942 1787 1978 defectionibus
1822 1943 1946 1980 nostris·
1981 1943 2106 1980 fitimus
2141 1943 2181 1978 il·

1259 1991 1326 2026 lam
1353 1995 1648 2039 incorruptionem
1669 2006 1688 2027 :-
1703 1996 1738 2028 &
1755 1991 1798 2030 fic
1824 2005 1903 2031 caro
1929 1991 2044 2030 nostra
2069 1992 2188 2038 multi-⁴

1711 2046 1715 2053 ι

1259 2041 1396 2088 pliciter
1421 2042 1485 2081 iit-it
1513 2045 1610 2078 Deo.
1644 2047 1712 2100 ,ιὼ-
1760 2071 1762 2073 ,

1270 2229 1275 2232 -
1330 2215 1394 2253 rAE‘x
1415 2211 1521 2251 eadem
1555 2215 1749 2260 enarratio-ne
1772 2216 1803 2249 in
1828 2213 1989 2256 ‘Psalmum
2018 2219 2110 2250 LXII.

1271 2270 1333 2278 ··
1408 2262 1415 2274 ⁷
1460 2271 1461 2274 ’
1511 2258 1611 2301 ‘verfi
1637 2264 1670 2303 7.
1693 2265 1739 2305 Θ·
1766 2263 1796 2295 8.
1823 2275 1852 2297 η.
1876 2268 1928 2306 1'5.

1330 2345 1348 2376 1
1369 2349 1559 2380 memoratus
1588 2338 1660 2384 sinii
1685 2338 1739 2379 lui
1761 2343 1856 2387 super
1883 2342 2021 2385 stratum
2045 2359 2150 2385 meum
2174 2373 2188 2390 ‚

1354 2392 1386 2424 in
1410 2389 1556 2425 diluculis
1580 2390 1757 2426 meditabar
1772 2395 1811 2426 -in
1834 2400 1867 2426 te
1894 2406 1904 2425 τ
1929 2398 2003 2437 quia
2023 2395 2130 2437 fallas
2154 2409 2188 2432 cs

1266 2435 1393 2481 adjutor
1417 2448 1504 2471 meus
1521 2464 1528 2471 .
1554 2440 1700 2474 Stratum
1726 2440 1820 2474 suum
1846 2443 1995 2486 quietem
2023 2442 2122 2481 suam'
2137 2445 2188 2482 di-

1268 2489 1330 2521 cit.
1358 2485 1507 2530 Quando
1526 2486 1646 2533 aliquis
1663 2492 1793 2534 quietus
1802 2487 1872 2531 est,
1898 2502 2032 2528 memor
2050 2493 2087 2530 fit
2097 2497 2188 2534 Deis

1267 2535 1411 2581 quando.
1440 2534 1558 2582 aliquis
1584 2539 1716 2583 quietus
1742 2537 1790 2574 est
1809 2563 1820 2580 ,
1854 2551 1923 2575 non
1949 2553 2010 2588 per
2035 2548 2187 2590 quietem

1268 2582 1466 2620 dissolvatur
1502 2589 1535 2620 δε
1559 2584 1783 2623 obliviscatur
1814 2590 1927 2624 Deum
1948 2603 1960 2624 e
1993 2590 2015 2626 fi
2051 2606 2187 2630 mernor

1268 2633 1316 2670 est
1344 2636 1412 2669 Dei
1437 2633 1579 2680 quando-
1598 2639 1729 2682 qu-ietus
1753 2636 1822 2679 est,
1850 2639 2096 2679 in’astionibus
2121 2643 2186 2679 suis*

1268 2687 1302 2720 in
1351 2686 1467 2719 Deum
1500 2684 1681 2721 meditatur
1708 2714 1716 2722 .
1759 2687 1965 2725 Diluculum
2005 2695 2093 2728 enim
2136 2692 2186 2729 di·

1267 2737 1319 2770 xit
1342 2735 1520 2775 actiones,
1553 2739 1631 2781 quia
1657 2740 1767 2773 omn-is
1791 2736 1903 2774 homo
1928 2739 2083 2777 diluculo
2107 2745 2187 2778 inci·
2221 2764 2224 2768 ·

1268 2786 1320 2832 pit
1344 2782 1472 2830 aliquid
1497 2796 1609 2830 agere.
1637 2786 1732 2832 Quid
1758 2799 1840 2834 ergo
1865 2787 1951 2823 dixit
1972 2815 1983 2831 ,
2016 2794 2048 2827 si
2072 2804 2187 2828 memor

1263 2834 1316 2879 fui
1339 2836 1388 2868 tui
1411 2846 1445 2869 m
1460 2831 1564 2875 strato
1585 2845 1650 2870 meo
1667 2860 1679 2876 ,
1704 2837 1757 2873 v&-
1782 2841 1814 2873 in
1837 2837 1980 2875 diluculis
2011 2840 2189 2878 meditabar

1267 2887 1300 2920 in
1325 2891 1374 2918 te.
1401 2885 1432 2918 Si
1458 2895 1541 2929 ergo
1566 2896 1639 2920 non
1656 2884 1709 2921 -fiii
1734 2895 1869 2923 memor
1892 2890 1933 2923 in
1953 2901 2032 2924 meo
2054 2914 2067 2932 ,
2093 2894 2128 2926 &
2153 2894 2188 2926 in

1267 2932 1423 2969 dil-uculo
1460 2945 1528 2968 non
1562 2932 1748 2970 meditabar
1783 2939 1818 2971 in
1844 2946 1877 2972 te
1898 2964 1905 2971 .
1940 2941 2012 2981 Qui
2049 2939 2187 2986 quando

1270 2982 1397 3020 otiosus
1422 2981 1470 3018 est
1504 2995 1573 3018 non
1599 2987 1724 3030 cogitat
1759 2988 1906 3029 Deum,
1940 2989 1973 3021 in
1999 2987 2189 3025 actionibus

1269 3032 1333 3069 suis
1357 3034 1505 3078 cogitare
1533 3033 1641 3080 potest
1667 3036 1804 3069 Deum?
1830 3038 1899 3081 Qui
1920 3035 2037 3072 'autem
2055 3049 2188 3074 memor

1274 3085 1341 3129 ejus
1367 3081 1414 3118 est
1439 3082 1582 3128 quando·
1599 3086 1731 3130 quietus
1755 3083 1824 3126 est,
1851 3089 1883 3120 in
1910 3085 1983 3133 ipso
2008 3087 2189 3123 meditatur

1274 3145 1353 3169 cum
1378 3135 1469 3179 agit,
1493 3144 1533 3167 ne
1552 3135 1593 3167 in·
1612 3134 1741 3168 actione
1760 3133 1912 3171 deficiat.
1939 3135 2023 3171 Ideo
2034 3137 2115 3183 quid
2135 3135 2191 3172 aa&

1275 3183 1371 3228 jecit?
1395 3186 1440 3217 Et
1455 3185 1489 3218 in
1512 3182 1655 3218 diluculis
1672 3183 1849 3220 meditabar
1867 3188 1898 3221 in
1916 3183 1947 3220 te
1966 3200 1974 3219 :
2000 3190 2072 3230 quia
2087 3185 2191 3230 [αξξυς

1274 3245 1307 3268 es
1325 3231 1451 3277 adjutor
1476 3243 1580 3267 meus.
1607 3234 1743 3269 Etenim
1770 3233 1827 3270 nifi
1853 3237 1952 3271 Deus
1972 3234 2105 3279 adjuvet
2133 3234 2193 3271 bo:

1274 3295 1315 3318 na
1341 3294 1444 3329 opem
1462 3280 1597 3323 nostra,
1622 3283 1756 3330 impleri
1784 3297 1801 3319 a
1827 3283 1924 3320 nobis
1950 3297 2018 3320 non
2038 3283 2188 3332 possunt.

1280 3335 1326 3368 Et
1350 3331 1450 3378 digna
1468 3329 1628 3367 debemus
1644 3335 1775 3379 operari
1796 3346 1805 3367 ε
1830 3333 1935 3377 idest,
1961 3345 2131 3382 tamquam
2158 3337 2191 3370 in

1278 3382 1376 3422 luce,
1401 3380 1537 3428 quando
1555 3379 1697 3417 Christo
1722 3381 1973 3419 demonstrante
1993 3384 2191 3432 operamur-⁴².

1280 3434 1498 3477 Quicumque
1518 3441 1678 3477 operatur
1703 3431 1811 3474 mala,
1835 3435 1870 3468 in
1895 3435 1995 3469 nocte
2013 3429 2193 3481 operat'ur«,

2226 1931 2297 1970 Vers.
2319 1940 2345 1964 2,

2227 2349 2299 2385 Vers.
2321 2359 2349 2383 7.

2229 2389 2302 2426 Verfi
2322 2390 2349 2420 8.

1279 3493 1349 3517 non
1374 3483 1408 3515 in
1433 3479 1587 3516 diluculo
1605 3505 1616 3522 ,
1642 3480 1817 3528 Apostolo
1840 3481 2003 3526 dicente,
2030 3488 2101 3528 Qui
2128 3487 2194 3519 ine—
2212 3466 2385 3532 ,πήξῃ-,ᾗῇ

1282 3555 1307 3573 ,,
1330 3529 1484 3566 briantur
1501 3553 1514 3570 ,
1546 3531 1645 3565 ηοᾶε
1682 3529 1889 3568 inebriantur
1914 3557 1926 3575 ,
1958 3537 2002 3570 &v
2027 3537 2083 3583 qui
2118 3532 2195 3569 dor*-
2212 3533 2283 3567 &82

1283 3605 1309 3623 ‚,
1333 3581 1444 3615 iniunt
1461 3603 1474 3620 ‚
1507 3581 1606 3614 noste
1633 3579 1837 3616 dormiunt:
1871 3595 1932 3617 nos
1967 3586 2025 3630 qui
2051 3582 2117 3618 diei
2144 3583 2195 3621 flr-
2213 3577 2384 3610 Rom-¹3³3·

1284 3655 1310 3673 ,‚
1335 3641 1431 3670 mus,
1455 3626 1683 3664 sobrii-fimus.
1709 3632 1878 3667 Hortatur
1888 3643 1995 3667 nos-ut
2015 3632 2195 3670 secundum

1282 3705 1311 3722 „,
1331 3678 1421 3717 diem
1439 3676 1648 3713 ambulemus
1673 3677 1813 3715 honeste
1834 3693 1843 3714 :
1876 3684 1974 3717 Sicut·
1984 3684 2018 3717 in
2038 3682 2090 3717 dic
2109 3707 2121 3725 ,
2148 3687 2196 3719 in-

1282 3754 1308 3772 „
1334 3725 1577 3775 quit‚honeste
1587 3726 1817 3766 ambulemus..
1834 3733 2031 3772 Etiterum,
2042 3735 2114 3768 Vos
2127 3758 2137 3774 ‚
2149 3736 2196 3768 in-

1285 3782 1357 3826 quit
1366 3803 1377 3819 ,
1387 3777 1449 3814 filii
1460 3776 1541 3812 lucis
1549 3775 1624 3812 estis
1636 3803 1644 3818 ,
1656 3782 1689 3813 &
1701 3778 1762 3814 filii
1772 3778 1838 3815 diei
1860 3792 1873 3815 t
1888 3793 1956 3815 non
1968 3780 2076 3817 fiamus
2087 3784 2196 3818 noctis

1284 3841 1392 3876 neque
1411 3825 1642 3863 tenebrarum.
1671 3831 1741 3873 Qui
1762 3827 1835 3863 sunt
1855 3828 1915 3865 filii
1935 3833 2066 3872 noffis,
2091 3831 2198 3869 &filii

1777 3890 1827 3925 gg
1879 3890 1896 3912 2
2063 3890 2150 3915 tene-

2213 3613 2389 3652 urbem-5.
