2652 4126
455 197 572 270 484
860 191 1908 249 ΑΒΜοΝιΤιοιΔ

448 290 504 332 dii
542 304 585 342 e,
613 275 660 330 de
690 303 762 344 quo
792 284 974 327 convenit
1004 281 1105 321 inter
1133 294 1284 321 omnes:
1313 282 1411 323 unde
1433 281 1584 338 semper
1613 281 1853 337 quarendum
1874 282 2069 341 superest,
2098 284 2365 339 numquidnam

445 349 463 391 i
480 288 701 405 sssanflus
729 349 807 392 Leo
835 343 970 397 absque
999 340 1152 382 nomine
1181 339 1364 382 ediderit.
1396 343 1477 382 Eas
1505 338 1624 396 affert
1652 338 1905 400 ‚Quesnellius
1933 342 2096 383 rationes
2114 370 2129 395 ,
2167 357 2248 398 quae
2285 359 2366 385 rem

446 405 697 465 verifimilem
726 403 917 459 efficiant.
949 399 1020 442 Ad
1047 414 1091 439 ea
1120 414 1220 440 nunc
1249 414 1332 454 quae
1360 400 1438 457 istis
1467 400 1736 457 respondentur
1764 400 2048 455 descendamus,
2076 415 2158 443 cum
2179 402 2265 452 jam
2287 417 2364 444 cer·

445 481 527 509 tum
548 468 610 524 stt
638 464 740 523 apud
767 477 832 504 nos
861 457 970 501 nullo
1001 472 1220 516 argumento
1250 459 1380 500 evinci
1408 459 1473 501 bos
1501 458 1613 500 libros
1643 475 1719 501 non
1748 459 1828 517 effe
1857 463 1900 503 S.
1943 462 2105 503 Leonis.
2136 459 2363 520 ,Quesnellii

443 525 679 581 adversarius
707 523 775 564 boc
804 535 920 562 unum
945 517 1104 579 probare
1133 520 1296 571 nititur,
1327 519 1500 575 sanblum
1529 519 1756 578 Prosperum
1785 520 1912 576 sandi
1941 522 2170 573 Hieronymi
2199 518 2363 562 transla-

441 588 544 628 tione
572 580 925 638 usumyquomodo.
942 582 992 623 Θ*
1022 579 1065 619 S.
1096 580 1175 623 Leo
1185 595 1206 632 ς
1239 579 1289 620 (5⁴
1318 578 1418 620 hunc
1448 594 1727 634 nonnumquam
1757 580 1957 636 antiquam
1986 596 2133 638 quoque
2142 580 2359 638 versionem

439 648 471 685 S
471 646 722 701 cripturarum
752 639 961 697 adhibuisse
970 656 991 693 ‚·
1023 653 1094 694 quo
1115 636 1199 694 solo
1221 637 1443 695 firmiſjimo
1473 637 1681 694 adversarii
1700 638 1766 694 sui
1795 654 2013 698 argumento
2036 639 2272 697 satisfaHum
2302 656 2360 682 ar·

436 704 619 745 bitratur.
651 704 741 743 Non
751 701 813 742 bic
822 700 1050 758 investigare
1058 699 1255 755 aggrediar
1264 698 1347 752 quis
1355 713 1478 738 eorum
1489 698 1701 754 recte,quis
1702 698 1808 754 secus
1816 700 1884 742 hoc
1893 701 1934 742 in
1949 702 2094 759 negotio
2098 700 2275 757 senserit:
2295 700 2358 756 so-

435 763 454 804 l
455 764 470 804 i
480 779 571 821 argu
577 774 702 804 mento
715 760 814 817 quod
822 760 972 802 ducitur
980 775 1029 801 ex
1030 756 1105 812 stil
1106 759 1121 798 i
1131 757 1394 813 conformitate
1402 757 1574 814 insistam
1581 788 1594 811 ,
1623 759 1670 800 de
1679 774 1750 814 quo
1753 760 1863 817 parti
1870 760 2036 816 adversae
2044 760 2221 818 aſjentiri
2228 775 2267 802 co
2295 775 2360 801 no·

425 823 549 882 scitur
578 818 802 862 Antelmius
821 837 842 874 ‚v
882 835 965 860 cum
994 817 1073 878 ipfia’
1111 817 1191 859 ideo
1232 819 1428 858 Sermones
1458 817 1508 859 (9‘
1537 816 1729 875 Epistulas
1760 820 1897 861 Leonis
1925 821 2054 878 magni
2083 822 2126 863 S.
2170 776 2358 879 Prosiero
2386 827 2388 829 ’

430 881 549 927 tribui
577 878 691 935 vult,
721 882 810 937 quia
839 880 1003 921 concinis
1023 875 1141 932 stilus
1169 877 1301 919 horum
1329 888 1504 934 operum,
1534 892 1616 918 cum
1642 875 1733 932 stilo
1763 875 1944 922 librorum
1973 881 2020 922 de
2052 881 2256 921 Vocatione
2261 895 2356 938 gen·

429 944 550 984 tium.
581 945 682 999 ⁴,Qua
710 940 937 997 confiffone
968 934 1068 982 nihil
1098 939 1215 995 magis
1244 935 1412 994 cauffam
1441 934 1667 999 ⁴,Quesnellii
1689 949 1917 996 promovere
1941 939 2087 998 potest.
2121 941 2226 980 Cum
2250 955 2353 981 enim

427 999 541 1060 longe
571 1002 707 1042 certius
728 1001 790 1058 sit
821 1002 1015 1041 Sermones
1043 997 1094 1040 (9‘
1124 993 1320 1063 Epistolas
1380 996 1509 1051 quibus
1533 996 1749 1055 praefigitur
1779 1000 1917 1041 Leonis
1927 1014 2086 1052 nomen,
2115 1000 2354 1058 Leonisopus

428 1061 535 1120 ff3
574 1076 687 1117 quam
715 1057 828 1102 libros
856 1059 903 1101 de
935 1057 1135 1101 Vocatione
1160 1069 1333 1114 gentium
1363 1054 1442 1112 eſje
1452 1054 1597 1111 foetum
1627 1059 1670 1098 S.
1701 1058 1882 1116 Prosperi
1891 1074 1904 1115 3
1936 1058 1980 1115 si
2010 1057 2211 1116 neceffario
2239 1075 2353 1117 agno-

420 1121 580 1177 scendus
608 1121 707 1162 idem
736 1134 977 1174 utrorumque
1003 1131 1159 1176 parens,
1189 1116 1342 1171 aequiori
1361 1116 1452 1165 jure
1480 1115 1692 1158 tribuentur
1721 1119 1845 1158 Leoni
1874 1115 1964 1160 libri
1972 1118 2019 1160 de
2051 1120 2351 1176 Vocationegen-

427 1181 526 1222 tium
547 1211 560 1233 ,
599 1195 714 1235 quam
742 1178 926 1236 Prospero
958 1172 1149 1236 Epistola
1175 1175 1234 1218 (9⁴
1260 1177 1460 1216 Sermones
1490 1179 1532 1217 S.
1566 1177 1727 1219 Leonis.
1760 1178 1952 1233 Equidem
1983 1180 2033 1219 P.
2065 1176 2221 1220 Natalis
2251 1176 2349 1219 Alc-

424 1239 589 1292 xander,
618 1238 668 1281 69*
697 1241 748 1279 P.
780 1235 967 1288 Oldinus,
990 1233 1079 1289 stili
1107 1233 1367 1291 differentiam
1396 1234 1597 1293 agnovffa·
1618 1236 1664 1291 se
1693 1237 1847 1290 dicunt,
1877 1254 1945 1279 nec
1973 1251 2031 1279 tot
2060 1238 2101 1279 in
2133 1240 2261 1280 Leone
2299 1237 2351 1278 ri·

422 1299 567 1354 thmos,
597 1311 657 1338 tot
675 1297 850 1355 figuras,
881 1308 941 1336 tot
963 1293 1152 1351 similiter
1181 1295 1377 1344 cadentia,
1418 1309 1509 1350 quot
1538 1293 1692 1338 inillis
1719 1294 1826 1338 libris
1849 1328 1859 1339 .
1901 1299 1979 1339 Sed
2009 1313 2083 1338 non
2105 1295 2239 1354 sedulo
2268 1312 2348 1339 rem

421 1355 672 1415 consider-affe
701 1356 904 1398 videnturz
926 1355 971 1414 st
999 1355 1093 1412 quid
1121 1355 1224 1396 enim
1254 1354 1401 1411 diversi
1429 1355 1660 1414 reperiatur,
1688 1356 1755 1398 hoc
1784 1358 1911 1417 exigui
1938 1358 2137 1401 admodum
2165 1358 2348 1400 momenti

420 1416 636 1519 appigaZ-s·
663 1492 741 1532 quae
775 1476 950 1519 haetenus
979 1475 1173 1535 disputata
1193 1477 1290 1532 sunt
1319 1476 1366 1516 de
1396 1478 1563 1517 Auczore
1585 1473 1772 1519 librorum
1802 1479 1847 1521 de
1881 1480 2080 1520 Vocatione
2088 1477 2259 1538 gentium
2268 1476 2346 1520 baec

418 1537 552 1593 confici
575 1536 759 1596 poffunt.
797 1552 834 1580 1.
866 1540 951 1578 Hoc
980 1550 1069 1596 opus
1091 1538 1262 1595 primum
1286 1535 1471 1594 prodiiffe
1500 1551 1753 1592 anonymum.
1789 1552 1825 1582 2.
1857 1541 2076 1581 Exaratum
2102 1535 2179 1596 effe
2182 1537 2345 1597 postau-

416 1612 509 1638 num
540 1612 638 1653 430.
671 1596 721 1639 (Τ
750 1610 840 1639 ante
870 1602 970 1651 496.
1007 1612 1044 1654 3.
1077 1596 1156 1638 Sub
1185 1596 1423 1652 Pontificatu
1458 1592 1610 1653 Gelasti
1640 1599 1757 1655 Papae
1788 1612 1876 1656 opus
1904 1612 2037 1641 notum
2043 1598 2190 1655 fuiffe,
2211 1596 2343 1655 sedst-

415 1673 465 1697 ne
495 1658 652 1699 auaoris
682 1657 832 1697 nomine
860 1654 999 1698 Icelum
1028 1655 1129 1713 effe.
1161 1671 1201 1711 4.
1233 1656 1325 1710 Post
1353 1672 1436 1697 eam
1466 1669 1616 1699 ceratem
1645 1658 1686 1698 in
1717 1657 1934 1713 quibusdam
1963 1662 2045 1702 MS
2048 1661 2090 1700 S.
2103 1674 2238 1700 nomen
2245 1670 2357 1716 pram

415 1714 550 1774 tuliffe
583 1720 627 1759 S.
661 1715 877 1774 Ambrosii,
906 1718 949 1757 in
979 1714 1065 1757 aliis
1094 1732 1230 1758 nomen
1263 1718 1307 1760 S.
1338 1716 1555 1775 Prosperi.⁴
1577 1730 1613 1773 5.
1646 1719 1769 1759 Certo
1799 1719 1955 1773 certius,
1984 1735 2059 1760 non
2069 1717 2148 1776 eſje
2178 1716 2341 1760 Ambro-

407 1777 496 1835 fii.
540 1781 579 1819 6.
610 1780 694 1818 Nec
723 1792 814 1817 vero
836 1773 970 1834 simile
1000 1776 1100 1817 idem
1130 1775 1209 1833 effe
1239 1778 1283 1817 S.
1314 1777 1516 1833 Prosperi.
1559 1791 1600 1831 7.
1633 1780 1838 1819 Auaorem
1855 1793 1949 1820 z:cum
1977 1779 2154 1822 haelenus
2192 1778 2344 1836 ignotus
2356 1799 2364 1826 ῃ

414 1837 618 1892 manserit,
647 1833 807 1891 difficile
829 1835 942 1895 poffe
962 1835 1059 1891 sciri
1088 1838 1172 1891 quis
1200 1836 1356 1877 tandem
1386 1834 1457 1878 ille
1477 1836 1603 1893 fuerit
1621 1867 1646 1878 ..
1675 1840 1714 1881 8.
1745 1839 1868 1900 ,Quod
1887 1840 1932 1896 si
1959 1855 2007 1881 ex
2035 1839 2141 1880 modo
2180 1853 2238 1879 res
2263 1850 2364 1879 tra·.

411 1897 540 1938 &andi
569 1896 619 1939 (J
639 1893 729 1952 stili
757 1896 1018 1953 conformitate
1041 1896 1227 1947 judicium
1257 1896 1438 1949 ducatur,
1466 1897 1547 1954 effe
1577 1897 1679 1939 unde
1706 1900 1934 1949 conjiciatur
1961 1911 2051 1959 opus
2081 1898 2215 1940 Sanffi
2244 1899 2344 1939 Leo-

411 1957 489 1998 nis.
520 1971 562 2009 9.
592 1953 827 1997 Nullatenus
851 1955 1006 2014 probari
1034 1956 1103 1997 boc
1132 1969 1222 2014 opus
1251 1971 1328 1998 non
1358 1973 1386 1996 a—
1411 1958 1541 1998 Leone
1569 1955 1800 1999 elaboratum
1815 1990 1826 2001 .
1872 1961 1999 2004 Unum
2023 1958 2216 2017 superest,
2237 1954 2346 2014 scili-

409 2029 467 2057 cet
491 2028 563 2074 pro
592 2028 691 2057 certo
722 2015 883 2071 definire
912 2015 975 2057 hos
1004 2012 1116 2056 libros
1146 2015 1224 2074 effe
1256 2017 1389 2058 Sanft'i
1417 2018 1556 2059 Leonis
1578 2017 1726 2073 foetum
1739 2048 1765 2059 .·
1790 2019 1912 2079 de
1941 2036 2007 2061 nos
2035 2035 2084 2060 ex
2123 2029 2364 2076 argumetum

411 2077 451 2117 in
474 2073 559 2131 sola
579 2072 668 2131 stili
689 2073 950 2133 similitudine
971 2074 1137 2130 fundato
1157 2076 1331 2131 statuere
1361 2092 1438 2116 non
1468 2077 1656 2132 aufimus,
1687 2079 1788 2130 quod
1814 2092 1944 2118 tamen
1967 2071 2341 2133 momentisaQes·

412 2133 530 2176 nellio
561 2135 601 2174 in
632 2136 794 2175 medium
824 2136 992 2177 adductis
1011 2134 1098 2188 fere
1122 2134 1347 2191 persuaderi
1375 2151 1451 2174 non
1481 2132 1751 2186 dfftebimur.

470 2192 693 2235 Probationi
722 2209 813 2233 vero
844 2208 958 2247 quam
989 2189 1213 2232 Antelmius
1241 2207 1290 2231 ex
1320 2191 1456 2231 Photii
1484 2190 1695 2244 testimonio
1726 2191 1826 2231 eruit
1857 2207 1931 2233 non
1942 2191 2215 2249 respondimus,
2246 2192 2337 2248 quia

411 2252 514 2295 illud
542 2252 583 2292 in
613 2266 692 2291 rem
721 2252 769 2292 de
798 2265 873 2305 qua
901 2251 1030 2306 agitur
1059 2247 1161 2291 nihil
1189 2247 1356 2304 confhrt.
1389 2249 1492 2290 Huic
1521 2250 1624 2289 enim
1653 2251 1796 2291 auflori
1825 2252 1973 2308 confuse
2001 2249 2219 2307 leviterque
2249 2263 2341 2292 nota

414 2312 570 2353 videtur
602 2310 770 2364 Historia
799 2306 1095 2367 Pelagianorum
1108 2339 1121 2361 ,
1150 2308 1200 2350 (Ὺ
1226 2309 1362 2365 ⁴ignota
1392 2309 1542 2349 omnino
1575 2322 1658 2350 orta
1680 2310 1768 2368 post
1797 2312 2009 2369 Augustini
2038 2324 2196 2353 mortem
2205 2311 2253 2352 de
2261 2311 2342 2360 ejus

414 2371 583 2414 doctrina
611 2369 712 2409 inter
740 2365 983 2410 occidentales
1011 2368 1187 2424 diffidia.
1218 2370 1287 2409 Ex
1309 2367 1378 2422 suo
1408 2367 1559 2426 ingenio
1590 2369 1669 2422 ait,
1700 2385 1724 2409 a
1753 2371 1796 2410 S.
1826 2371 2010 2429 Prospero
2030 2382 2245 2429 pugnatum
2255 2383 2342 2410 con·

415 2445 476 2473 tra
505 2425 733 2484 Pelagianos
753 2425 826 2480 sub
854 2426 1092 2481 Pontificatu
1123 2428 1166 2485 S.
1198 2427 1358 2467 Leonis.
1401 2428 1594 2469 Audierat
1622 2429 1670 2470 de
1698 2430 1825 2485 gratia
1847 2429 2045 2489 scripstffe
2082 2430 2341 2486 Prosperum:

415 2485 641 2546 Pelagianos
670 2483 716 2526 ab
744 2500 785 2525 eo
815 2484 1052 2543 impugnatos
1080 2484 1264 2526 credidit:
1295 2484 1345 2527 (T
1374 2499 1457 2525 cum
1486 2484 1640 2542 legiſjet
1669 2487 1710 2525 in
1740 2486 1926 2543 Epistolis
1955 2489 2136 2545 Septimii
2166 2488 2215 2529 δ’
2246 2488 2343 2528 Leo·

419 2550 476 2591 nis
505 2547 553 2589 ad
573 2546 608 2600 J
611 2545 809 2587 anuarium
839 2542 1108 2599 Aquileinsem
1129 2541 1203 2597 sub
1232 2543 1301 2584 hoc
1330 2544 1565 2598 Pontificatu
1596 2555 1712 2584 motos
1741 2544 1944 2600 istiusmodi
1973 2547 2161 2600 homines,
2190 2546 2258 2589 hoc
2285 2546 2342 2605 ip-

415 2609 458 2666 so
488 2619 652 2665 tempore
682 2620 706 2646 a
735 2602 920 2662 Prospero
950 2604 1188 2663 impugnatos
1216 2602 1418 2643 arbitratus
1448 2604 1504 2658 est
1522 2633 1536 2655 ,
1573 2617 1613 2643 eo
1643 2601 1822 2644 libentius
1851 2606 1952 2661 quod
1979 2622 2054 2647 non
2084 2621 2168 2647 eum
2197 2603 2342 2647 latebat

420 2681 511 2710 tunc
540 2664 715 2724 temporis
745 2666 881 2706 Romae
911 2663 1146 2718 diversatum
1171 2661 1290 2719 suiffe
1322 2663 1550 2720 Prosperum
1566 2692 1578 2702 .
1610 2663 1688 2704 Sed
1702 2663 1793 2704 haec
1822 2666 1946 2706 omnia
1963 2682 2011 2706 ex
2041 2666 2355 2717 merisconjeclum

421 2728 471 2769 ris
500 2741 523 2766 a
553 2725 691 2766 Photio
714 2723 860 2782 scripta
889 2723 1084 2779 manifeste
1105 2733 1217 2777 patet
1236 2751 1250 2773 ‚
1287 2719 1530 2777 locutumque
1558 2734 1602 2762 ut
1631 2722 1820 2764 bominem
1849 2742 1873 2765 a
1901 2725 2124 2783 temporibus
2163 2725 2212 2768 (Τ
2251 2723 2343 2766 locis

416 2786 651 2843 fijunfium,
680 2784 746 2838 qui
777 2795 908 2824 exacta
937 2798 1060 2823 rerum
1090 2781 1259 2837 Historia
1288 2780 1435 2821 carebat
1458 2781 1529 2835 fied
1558 2785 1683 2821 omnia
1711 2798 1758 2822 ex
1778 2783 1849 2837 suo
1879 2784 2027 2842 ingenio
2049 2784 2248 2842 fingebat.
2279 2786 2339 2826 Et

417 2846 460 2905 fi
490 2859 579 2885 vero
602 2843 815 2899 fateremur
843 2842 1071 2901 Prosperum
1091 2840 1249 2896 sedente
1278 2841 1320 2881 in
1348 2842 1530 2880 Romana
1551 2839 1642 2895 sede
1671 2842 1799 2882 Leone
1828 2857 1956 2884 contra
1974 2841 2200 2902 Pelagianos
2198 2840 2338 2899 stilum

426 2902 654 2963 exercuiffe:
684 2918 731 2944 ex
760 2918 863 2943 mera
891 2904 1100 2953 conjebzura
1129 2901 1169 2942 id
1197 2898 1374 2941 tribuitur
1404 2898 1511 2941 libris
1539 2900 1585 2940 de
1618 2902 1819 2942 Vocatione
1843 2904 2038 2960 gentium,
2068 2905 2135 2957 qui
2151 2904 2193 2944 in
2223 2899 2339 2943 Pela-

426 2965 556 3021 gianos
585 2978 659 3004 non
690 2962 928 3019 diriguntur.
964 2961 1074 3003 Unde
1103 2960 1260 3003 habetur
1289 2960 1335 3001 de
1363 2959 1420 3001 his
1449 2957 1554 3000 libris
1583 2955 1749 3003 locutum
1779 2960 1857 3018 effe
1886 2962 2101 3006 Photium?
2139 2962 2347 3018 Numquid¹

423 3023 513 3079 fieri
543 3022 674 3078 nequit
703 3022 929 3080 Prosperum
958 3022 1102 3064 interea
1131 3021 1306 3078 temporis
1335 3017 1480 3074 aliquos
1508 3017 1620 3060 libros
1649 3019 1807 3077 edidiffe
1836 3036 1964 3064 contra
1991 3020 2239 3078 Pelagianos,
2270 3021 2339 3077 quo·

431 3095 558 3123 tamen
588 3082 638 3122 ad
666 3096 730 3122 nos
759 3095 834 3121 non
859 3081 1111 3138 pervenerint
1130 3109 1141 3120 .
1181 3080 1259 3120 Sed
1286 3080 1439 3121 tandem
1471 3076 1570 3120 nihil
1599 3081 1692 3121 certi
1712 3082 1837 3136 statui
1858 3082 1983 3140 potest
2020 3096 2068 3122 ex
2105 3080 2173 3123 hoc
2202 3080 2339 3123 Photii

432 3138 534 3193 loco,
562 3141 629 3196 qui
660 3141 737 3182 haec
765 3141 892 3180 omnia
921 3155 968 3180 ex·
996 3156 1097 3181 mera
1126 3139 1333 3189 conjec'lura
1355 3137 1553 3197 scripsiſje
1582 3141 1840 3181 convincitur.

493 3203 562 3241 Ex
592 3200 648 3240 his
678 3198 840 3240 omnibus
860 3196 984 3253 facile
1013 3197 1164 3257 colliget
1194 3215 1316 3254 aequus
1344 3195 1483 3251 leflor,
1522 3196 1626 3240 nihil
1645 3200 1766 3255 satius
1783 3229 1796 3252 ,
1835 3203 1885 3242 Θ*
1912 3198 1959 3240 ab
1988 3199 2091 3240 omni
2117 3200 2339 3242 temeritatis

430 3260 642 3318 suspicione
671 3258 843 3300 remotius
861 3289 875 3311 ,
913 3274 936 3299 a
965 3259 1067 3301 nobis
1087 3258 1185 3315 fieri
1213 3257 1365 3314 debuiff
1359 3274 1378 3298 e
1398 3288 1411 3311 ,
1450 3274 1562 3314 quam
1591 3271 1635 3299 ut
1662 3258 1765 3314 hosce
1794 3255 1906 3300 libros
1934 3260 2035 3300 inter
2065 3261 2224 3303 eruditos
2253 3260 2341 3304 hinc

437 3319 527 3362 inde
555 3331 664 3360 tanta
693 3318 962 3359 concertatione
991 3317 1189 3376 discustos,
1217 3320 1316 3360 unde
1345 3331 1472 3359 tamen
1500 3330 1642 3358 certum
1670 3318 1717 3359 de
1754 3320 1899 3360 auHore
1919 3319 2106 3369 judicium
2126 3321 2250 3376 statui
2278 3335 2344 3362 ne—

438 3391 573 3435 queat,
602 3394 668 3421 nec
697 3379 798 3419 veris
828 3380 870 3419 S.
900 3378 1080 3438 Prosperi
1108 3377 1274 3435 operibus
1303 3392 1608 3429 annumeremus,
1637 3393 1704 3418 nec
1732 3378 1783 3419 ad
1803 3377 1851 3434 su
1873 3379 2001 3437 posita
2030 3383 2180 3422 omnino
2201 3380 2344 3431 rejicia-

440 3453 544 3494 mus-3
573 3439 688 3480 donec
715 3438 761 3479 de
789 3450 899 3479 tanta
927 3437 998 3479 lite
1017 3438 1228 3495 statuerint
1258 3438 1416 3480 eruditi.
1448 3439 1517 3477 Ex
1545 3435 1652 3478 dictis
1681 3449 1808 3479 tamen
1856 3437 1950 3481 acile
1978 3439 2174 3490 conjicitur
2202 3442 2265 3483 bos
2293 3437 2345 3481 li·

442 3497 521 3541 bros
548 3499 644 3541 circa
674 3513 815 3541 annum
846 3497 996 3554 Christi
1025 3513 1123 3555 440.
1146 3494 1269 3558 fuiffe
1297 3508 1488 3540 exaratos.

2194 3800 2295 3843 AR-
