2690 4100
611 162 646 221 ’Β
990 160 1288 224 SANCTI
1329 158 1730 218 PROSPER1
1773 155 2186 232 AQUITANI

606 263 760 307 bonum
802 262 880 308 esse
911 264 1020 325 posse
1048 295 1063 320 ,
1102 266 1142 307 8<
1173 263 1406 305 libertatem
1438 257 1552 300 suam

603 325 659 367 ob
689 324 768 368 hoc
799 328 884 370 Dei
915 324 1068 371 auxilio
1098 320 1317 381 juvandam
1336 348 1351 373 ‚
1380 317 1410 360 fi
1441 318 1551 375 quod

603 386 721 430 Deus
755 387 945 441 mandat,
976 384 1143 441 elegerit
1163 410 1175 422 .
1207 381 1269 423 Ac
1299 378 1352 424 fic
1381 392 1478 422 cum
1503 379 1548 421 in

602 445 671 491 his
702 450 773 507 qui
805 460 962 503 tempus
991 453 1233 500 acceperunt
1252 440 1388 484 liberae
1406 438 1548 483 volun-

600 510 728 564 ‘tati3‚
759 510 837 551 duo
866 507 943 547 sint
973 516 1060 560 quae
1086 503 1310 547 humanam
1329 512 1550 558 operentur

606 570 799 619 salutem,
829 564 911 610 Dei
943 563 1095 607 scilicet
1125 562 1283 622 gratia,
1313 561 1548 605 &hominis

605 626 866 682 obedientia;
895 624 1076 681 priorem
1105 623 1251 667 volunt
1271 622 1549 667 obedientiam

534 734 537 736 ,
604 688 680 732 effe
719 701 839 744 quam
872 685 1048 741 gratiam
1079 714 1092 739 ,
1132 695 1179 727 ut
1210 683 1378 727 initium
1409 681 1547 727 salutis

431 2228 579 2268 Reliquiae

412 2270 473 2299 issae
495 2269 576 2300 Pela-

413 2310 508 2350 gianaz
519 2310 576 2341 hae-

411 2350 507 2381 reseos

410 2399 500 2430 quam
511 2402 568 2430 per·

411 2431 527 2463 niciosae
536 2454 544 2465 .

513 2617 532 2638 G

602 763 655 792 ex
673 762 734 790 -eo
765 746 835 803 qui
866 745 1043 788 salvatur
1068 774 1083 798 ,
1113 757 1196 786 non
1227 759 1279 787 ex
1308 759 1358 787 eo
1386 744 1547 788 creden-

601 809 702 850 dum
740 807 788 849 sit
829 804 927 848 stare
967 805 1039 862 qui
1069 803 1200 848 salvat
1230 819 1243 860 ;
1281 805 1322 847 8<
1353 803 1546 849 voluntas

600 866 778 920 hominis
808 865 955 908 divinae
987 865 1126 923 gratiae
1145 863 1218 909 fibi
1237 865 1371 922 pariat
1390 879 1512 923 opem
1531 897 1546 920 ,

600 941 684 971 non
726 926 858 984 gratia
897 926 969 969 fibi
1008 926 1231 970 humanam
1260 925 1447 983 subjiciat
1477 941 1545 969 vo-

599 986 806 1031 luntatem
826 1017 838 1029 .

662 1063 702 1103 7.
735 1046 858 1106 Quod
889 1062 983 1090 cum
1016 1048 1348 1106 perversissimum
1379 1047 1456 1091 esse
1486 1064 1545 1092 re-

598 1108 763 1150 velante
794 1107 877 1151 Dei
907 1107 1181 1151 misericordia
1207 1139 1222 1157 ,
1252 1110 1292 1151 8<
1322 1107 1543 1153 instruente

597 1183 672 1210 nos
712 1181 783 1213 tua
814 1168 1068 1212 beatitudine
1100 1170 1334 1212 noverimus
1364 1186 1376 1226 ;
1418 1169 1545 1228 possu—

596 1242 687 1270 mus
707 1228 885 1285 ’quidem
918 1228 967 1272 ad
989 1243 1070 1271 non
1090 1229 1334 1273 credendum
1355 1229 1432 1273 esse
1454 1246 1545 1274 con-

595 1286 743 1331 stantes
773 1317 788 1341 ‚
826 1289 891 1332 sed
923 1288 974 1331 ad
1006 1287 1294 1333 aunstoritatem
1326 1290 1428 1334 talia
1459 1291 1543 1334 sen-

594 1348 792 1390 tientium
811 1363 907 1389 non
938 1348 1072 1391 sumus
1103 1361 1219 1404 pares
1250 1365 1261 1391 :
1303 1351 1402 1406 quia
1441 1352 1545 1395 mul-

594 1419 685 1448 tum
725 1421 796 1449 nos
838 1408 878 1449 8<
910 1407 1003 1449 vitae
1043 1407 1202 1449 meritis
1244 1410 1498 1454 antecellunt
1529 1443 1542 1464 ,

597 1469 637 1511 8<
670 1466 798 1523 aliqui
829 1481 970 1511 eorum
1001 1466 1150 1522 adepto
1181 1480 1311 1523 nuper
1339 1473 1356 1492 ¹
1385 1465 1545 1509 summo

595 1525 807 1570 sacerdotii
837 1527 990 1569 honore
1021 1525 1356 1583 supereminent:
1389 1541 1463 1570 nec
1490 1527 1546 1570 fa-

596 1587 674 1630 cile
705 1586 920 1644 quisquam
950 1617 964 1639 ,
1002 1599 1150 1643 praeter
1179 1600 1328 1643 paucos
1358 1586 1547 1643 perfeRae

594 1660 734 1705 gratiae
766 1647 989 1703 intrepidos
1021 1658 1224 1691 amatores
1245 1677 1259 1700 ,
1291 1659 1410 1689 tanto
1438 1647 1550 1705 supe-

592 1708 749 1751 riorum
779 1706 1120 1764 disputationibus
1152 1705 1268 1750 ausus
1299 1705 1356 1749 est
1374 1709 1548 1751 contrai-

593 1782 638 1811 re
659 1797 669 1808 .
701 1769 767 1808 Ex
796 1781 878 1823 quo
910 1781 993 1811 non
1024 1765 1155 1810 solum
1185 1767 1248 1811 his
1279 1767 1350 1825 qui
1382 1783 1449 1812 eos
1480 1784 1546 1812 au·

595 1826 713 1869 diunt
743 1856 758 1880 ‚
796 1841 942 1871 verum
981 1826 1110 1869 etiam
1149 1827 1242 1884 ipsis
1278 1829 1352 1885 qui
1381 1829 1546 1874 audiun-

596 1900 664 1931 tur
684 1917 697 1940 ,
727 1901 822 1931 cum
852 1886 1121 1944 dignitatibus
1143 1889 1274 1931 crevit
1295 1890 1545 1949 periculum3

596 1948 695 1989 dum
726 1949 766 1991 8<
796 1947 948 1992 multos
980 1949 1212 1993 reverentia
1230 1965 1373 1996 eorum
1393 1965 1464 1996 aut
1487 1953 1547 2005 inf

597 2007 691 2051 utili
724 2007 886 2053 cohibet
917 2008 1077 2054 silentio
1095 2040 1109 2063 ,
1140 2023 1211 2055 aut
1242 2011 1444 2056 incurioso
1473 2013 1543 2056 du-

596 2068 652 2109 cit
685 2067 833 2110 assensu
851 2084 864 2125 ;
895 2070 936 2111 &
966 2068 1277 2114 saluberrimum
1309 2073 1401 2130 ipsis
1434 2074 1544 2118 vide-

597 2139 663 2172 tur
693 2158 707 2181 ,
747 2127 854 2185 quod
895 2144 998 2186 pene
1038 2130 1187 2174 nullius
1219 2133 1541 2178 contradie‘tione

594 2187 904 2244 reprehenditur
923 2219 934 2231 .
967 2190 1092 2233 Unde
1124 2188 1141 2213 ⁵
1172 2194 1270 2248 quia
1300 2195 1343 2235 in
1375 2193 1456 2236 istis
1476 2197 1546 2238 Pe-

597 2247 766 2304 lagianae
807 2248 1022 2305 pravitatis
1061 2250 1245 2307 reliquiis
1278 2265 1358 2293 non
1392 2254 1544 2295 medio—

594 2309 675 2351 cris
705 2308 932 2351 virulentiae
964 2306 1063 2351 fibra
1093 2310 1275 2353 nutritur
1293 2342 1306 2365 ,
1338 2311 1365 2354 fi
1397 2313 1544 2369 princi-

593 2370 710 2427 pium
743 2367 880 2412 salutis
908 2368 1016 2412 male
1037 2369 1080 2412 in
1099 2369 1267 2414 homine
1287 2371 1511 2417 collocatur
1529 2390 1542 2431 3

594 2431 622 2473 fi
655 2429 801 2471 divinae
833 2428 1037 2472 voluntati
1079 2431 1207 2488 impie
1246 2432 1435 2478 voluntas
1475 2435 1544 2480 hu-

594 2505 717 2534 mana
749 2489 981 2546 praefertur,
1013 2502 1058 2532 ut
1092 2491 1184 2533 ideo
1215 2493 1305 2548 quis
1327 2494 1542 2550 adjuvetur

591 2551 691 2607 quia
732 2550 863 2594 voluit
895 2580 908 2601 ,
949 2563 1031 2590 non
1063 2549 1155 2592 ideo
1195 2552 1293 2606 quia
1325 2554 1542 2608 adjuvatur

595 2610 695 2652 velit
728 2626 739 2665 ;
779 2610 806 2651 fi
840 2609 1096 2666 originaliter
1138 2611 1268 2653 malus
1299 2613 1313 2630 ⁶
1343 2615 1540 2671 receptio-

597 2683 693 2711 nem
725 2670 819 2711 boni
852 2684 932 2713 non
966 2684 988 2711 a
1010 2669 1167 2710 summo
1187 2672 1294 2713 bono
1315 2702 1329 2726 ,
1360 2672 1425 2715 sed
1446 2690 1469 2717 a
1490 2675 1542 2718 se-

597 2726 772 2783 metipso
793 2727 981 2772 inchoare
1002 2728 1108 2771 male
1130 2730 1307 2772 creditur
1325 2748 1338 2787 ;
1369 2733 1395 2774 fi
1415 2734 1542 2777 aliun·

598 2790 646 2830 de
681 2789 771 2830 Deo
804 2787 987 2844 placetur
1006 2818 1019 2841 ,
1050 2788 1121 2830 nisi
1155 2805 1204 2835 ex
1237 2806 1286 2833 eo
1317 2793 1423 2848 quod
1454 2795 1537 2852 ipse

598 2847 840 2891 donaverit:
875 2849 1006 2894 tribue
1039 2849 1152 2891 nobis
1184 2851 1227 2892 in
1257 2851 1331 2895 hac
1363 2855 1490 2898 caussa
1522 2887 1535 2910 ,

598 2910 709 2964 Papa
740 2908 959 2953 beatissime
991 2940 1005 2963 ,
1036 2922 1153 2966 pater
1183 2912 1338 2967 optime
1371 2944 1383 2966 ,
1413 2930 1537 2972 quan—

600 2982 687 3012 tum
711 2968 875 3023 juvante
897 2970 1079 3012 Domino
1100 2983 1214 3026 potes
1234 3001 1246 3023 ,
1278 2972 1535 3029 diligentiam

599 3029 764 3085 pietatis
795 3042 871 3071 tuae
904 3044 947 3073 ut
980 3045 1067 3086 quae
1099 3031 1142 3072 in
1165 3030 1243 3073 istis
1263 3032 1539 3088 quaestionibus

600 3089 827 3131 obscuriora
846 3095 863 3120 d
882 3120 895 3143 ,
927 3091 965 3132 8<
998 3091 1046 3133 ad
1080 3092 1383 3148 percipiendum
1405 3095 1540 3139 diffici-

599 3148 700 3191 liora
732 3148 821 3191 sunt
852 3179 865 3202 ,
897 3165 1020 3206 quam
1053 3150 1297 3196 lucidissimis
1329 3156 1538 3211 expositio-

601 3209 717 3250 nibus
749 3208 924 3265 digneris
956 3212 1112 3267 aperire
1134 3242 1145 3254 .

661 3269 700 3309 8.
744 3269 804 3313 Ac
844 3270 1023 3325 primuni
1055 3302 1068 3325 ,
1109 3274 1203 3328 quia
1235 3274 1418 3332 plerique
1457 3293 1537 3321 non

599 3327 752 3384 putant
778 3328 1052 3373 Christianam
1081 3331 1200 3375 fidem
1241 3335 1316 3378 hac
1347 3337 1540 3380 diffenfio-

602 3403 649 3428 ne
681 3388 860 3442 violari,
891 3404 1090 3446 quantum
1122 3395 1291 3449 periculi
1323 3396 1370 3439 sit
1405 3398 1445 3440 in
1477 3414 1538 3441 eo—

603 3460 691 3489 rum
711 3449 956 3505 persuasione
975 3452 1216 3509 patefacias.
1248 3457 1410 3501 Deinde
1442 3474 1537 3517 quo-

641 3598 660 3614 a
683 3586 717 3616 In
741 3586 808 3622 Ma.
827 3591 948 3627 summi.

641 3626 659 3655 b
682 3626 746 3657 ΜΠ.
768 3628 842 3668 Reg.
863 3631 920 3662 duo
940 3632 970 3664 ἃ
993 3634 1078 3666 Colb.
1094 3636 1124 3674 fi
1139 3639 1170 3668 in
1189 3638 1260 3677 istit.

640 3676 655 3694 c
679 3666 734 3697 ΜΓ.
757 3668 829 3708 Reg.
852 3682 942 3707 unus,
963 3678 1160 3716 correptionem
1181 3679 1264 3709 bom'.

599 3757 617 3778 a
639 3706 839 3776 ffiffidmones
859 3711 888 3741 S.
910 3714 1038 3754 prosperi
1060 3738 1069 3753 ‚
1097 3718 1145 3749 hic
1165 3720 1274 3751 addunt
1294 3720 1399 3759 obsecro
1416 3728 1426 3752 ⁴.
1449 3720 1539 3753 Abest

638 3798 653 3815 e
674 3785 733 3819 Ms.
757 3788 868 3829 Regius
889 3802 980 3829 unus,
1001 3794 1122 3828 obnixa.

634 3825 661 3864 s
672 3825 728 3859 Pro
750 3828 867 3863 Hilario
887 3833 1029 3873 putabant
1050 3838 1156 3870 eruditi
1177 3838 1332 3881 legendum
1349 3841 1401 3874 esse
1411 3844 1537 3875 Honora·

1613 257 1735 300 modo
1765 270 1840 314 per
1870 255 1989 300 istam
2017 266 2340 316 praeoperantem
2358 253 2399 300 8<
2417 261 2560 316 coope-⁴

1611 331 1776 361 rantem
1814 316 1994 376 gratiam
2034 318 2212 361 liberum
2249 332 2333 361 non
2363 318 2559 376 impedia-

1610 392 1678 422 tur
1709 377 1926 421 arbitrium
1944 409 1957 421 .
1989 380 2107 423 Tum
2138 391 2276 422 utrum
2306 379 2557 436 praescientia

1608 439 1692 482 Dei
1723 439 1783 482 ita
1814 438 2032 483 secundum
2062 438 2315 498 propositum
2343 452 2510 484 maneat
2540 469 2556 495 ,

1610 512 1657 542 ut
1687 514 1736 542 ea
1766 499 1852 557 ipsa
1882 514 1970 557 quae
2001 499 2094 544 sunt
2124 499 2330 558 proposita
2348 530 2364 552 ‚
2391 499 2470 544 sint
2493 515 2555 545 ac-

1607 559 1798 617 cipienda
1827 559 2041 617 praescita:
2080 575 2134 607 an
2164 575 2238 619 per
2267 574 2419 620 genera
2448 560 2554 604 caus-

1609 620 1768 674 sarum,
1799 621 1838 664 8<
1858 619 2007 678 species
2027 621 2289 678 personarum
2307 620 2380 665 ista
2398 622 2556 665 varien-

1610 694 1678 724 tur
1707 697 1720 738 ;
1751 694 1797 724 ut
1828 683 1926 738 quia
1955 680 2120 724 diversae
2150 681 2242 724 sunt
2272 682 2507 726 vocationes
2538 712 2554 737 ,

1608 742 1650 786 in
1691 741 1754 785 his
1793 743 1866 800 qui
1905 741 2010 785 nihil
2049 742 2257 802 operaturi
2292 742 2502 786 salvantur
2539 772 2556 797 ,

1607 802 1718 860 quasi
1746 802 1877 846 solum
1895 802 1979 846 Dei
1997 802 2250 860 propositum
2267 803 2456 847 videatur
2474 803 2557 847 exi-

1606 863 1707 908 stere
1739 880 1752 919 ;
1791 864 1836 906 in
1875 863 1937 906 his
1978 875 2117 907 autem
2159 863 2231 920 qui
2262 863 2418 921 aliquid
2457 863 2556 907 boni

1607 924 1736 968 31911111
1767 923 1860 967 sunt
1879 954 1893 978 ,
1924 938 1999 982 per
2027 923 2323 982 praescientiam
2351 923 2467 982 possit
2486 922 2557 967 sta·-

1605 1000 1649 1028 re
1680 985 1964 1043 propositum:
1996 999 2049 1027 an
2079 999 2179 1028 vero
2198 983 2482 1037 uniformiter,
2511 982 2559 1026 li-

1605 1058 1670 1090 cet
1711 1045 1841 1090 dividi
1882 1044 2134 1104 praescientia
2163 1060 2189 1089 a
2219 1044 2426 1103 proposito
2455 1057 2561 1087 tem·

1607 1106 1740 1164 porali
1772 1106 2027 1150 distinfflone
2059 1121 2143 1149 non
2174 1105 2289 1163 possit
2308 1135 2323 1160 ,
2353 1104 2558 1164 praescien-

1607 1169 1667 1212 tia
1699 1181 1842 1211 tamen
1874 1166 2055 1225 quodam
2086 1166 2228 1210 ordine
2259 1165 2309 1209 fit
2339 1179 2356 1199 e
2385 1165 2560 1210 subnixa

1605 1228 1811 1287 proposito
1832 1244 1842 1272 :
1875 1229 1914 1271 8<
1946 1227 2046 1271 sicut
2078 1227 2182 1270 nihil
2204 1225 2252 1270 fit
2271 1240 2559 1284 quorumcum-

1605 1305 1683 1346 que
1714 1289 1978 1348 negotiorum
2009 1288 2119 1346 quod
2149 1303 2233 1330 non
2264 1287 2435 1331 scientia
2455 1287 2558 1330 divi-

1606 1365 1660 1393 na
1690 1350 1967 1408 praevenerit3
1998 1350 2060 1392 ita
2090 1348 2194 1391 nihil
2226 1347 2274 1391 sit
2294 1347 2416 1402 boni,
2447 1346 2559 1406 quod

1605 1411 1650 1453 in
1681 1410 1857 1453 nostram
1890 1409 2253 1468 participationem
2272 1424 2356 1452 non
2378 1409 2471 1452 Deo
2491 1423 2559 1454 au-

1609 1471 1717 1512 &ore
1748 1471 1964 1514 defluxerit
1994 1501 2005 1513 .
2050 1469 2256 1514 Postremo
2296 1468 2561 1528 quemadmo-

1607 1526 1707 1569 dum
1745 1543 1819 1584 per
1858 1531 1961 1575 hanc
1998 1531 2332 1589 praedicationem
2364 1529 2560 1588 propositi

1608 1586 1692 1628 Dei
1725 1615 1739 1639 ,
1779 1602 1862 1644 quo
1891 1589 2026 1634 fideles
2057 1590 2159 1634 fiunt
2192 1593 2263 1649 qui
2295 1589 2561 1649 praeordinati

1609 1645 1700 1689 sunt
1733 1646 1784 1690 ad
1815 1647 1948 1692 vitam
1980 1659 2174 1698 aete'rnam
2205 1683 2218 1706 ,
2259 1667 2383 1695 nemo
2413 1664 2562 1695 eorum

1608 1709 1680 1764 qui
1711 1707 1950 1754 cohortandi
1982 1708 2074 1752 sunt
2096 1711 2370 1768 impediatur,
2401 1727 2477 1756 nec
2496 1725 2562 1754 oc-

1607 1768 1808 1811 casionem
1833 1768 2095 1828 negligentiae
2115 1770 2293 1820 habeant
2311 1805 2327 1828 ‚
2357 1773 2388 1816 fi
2405 1772 2445 1816 se
2465 1785 2563 1829 prae-

1605 1828 1823 1873 destinatos
1863 1828 1940 1872 effe
1979 1829 2194 1889 desperent
2227 1861 2239 1875 .
2280 1833 2391 1875 Illud
2429 1831 2562 1874 etiam

1604 1890 1784 1948 qualiter
1821 1889 2004 1934 diluatur
2033 1921 2047 1945 ‚
2087 1892 2313 1950 quaesumus
2352 1890 2563 1948 patienter

1605 1950 1884 2008 insipientiam
1903 1951 2080 1993 nostr-am
2099 1951 2268 1992 ferendo
2286 1948 2561 2004 demonstres,

1605 2012 1715 2069 quod
1747 2010 1978 2056 retraetans
2008 2009 2195 2068 priorum
2225 2008 2275 2051 de
2306 2008 2383 2052 hac
2412 2023 2457 2052 re
2477 2010 2562 2067 opi-

1605 2073 1796 2116 nionibus
1826 2102 1841 2126 ,
1879 2083 1985 2128 pene
2016 2069 2205 2113 omnium
2243 2083 2319 2127 par
2350 2069 2562 2117 invenitur

1606 2133 1646 2176 8<
1666 2147 1747 2176 una
1765 2130 1967 2174 sententia
1987 2159 2000 2183 ‚
2032 2145 2113 2187 qua
2132 2129 2385 2187 propositum
2404 2130 2445 2172 8<
2464 2143 2562 2188 prae·

1606 2191 1920 2236 destinationem
1958 2191 2042 2234 Dei
2083 2189 2305 2232 secundum
2355 2189 2561 2248 praescien-

1607 2253 1710 2296 tiam
1743 2263 2013 2309 receperunt;
2045 2263 2090 2292 ut
2122 2250 2175 2293 ob
2207 2250 2283 2293 hoc
2310 2251 2427 2294 Deus
2457 2250 2559 2295 alios

1604 2310 1699 2354 vasa
1739 2311 1903 2354 honoris
1943 2341 1957 2364 ‚
2007 2310 2108 2353 alios
2158 2310 2416 2354 contumeliae
2455 2311 2559 2356 fece-

1603 2373 1659 2416 rit
1690 2403 1704 2427 ,
1744 2372 1842 2429 quia
1873 2370 1996 2413 finem
2027 2370 2335 2429 uniuscujusque
2367 2372 2558 2431 praevide-

1606 2433 1661 2477 rit
1700 2463 1715 2488 ‚
1764 2433 1805 2477 8<
1845 2430 1914 2474 sub
1954 2429 2041 2489 ipso
2079 2431 2220 2490 gratiae
2269 2431 2472 2489 adjutorio
2511 2433 2557 2476 in

1604 2509 1686 2552 qua
1724 2494 1882 2540 futurus
1921 2491 2019 2536 esset
2058 2491 2272 2537 voluntate
2313 2493 2355 2536 8<
2394 2492 2557 2539 afflone

1601 2555 1820 2611 praescierit
1841 2586 1852 2599 .
2255 2599 2258 2602 Α

1660 2630 1699 2670 9.
1736 2617 1898 2676 Quibus
1926 2617 2116 2662 omnibus
2144 2616 2330 2661 enodatis
2348 2645 2362 2670 ,
2393 2615 2435 2660 8<
2453 2613 2558 2659 mul-

1605 2675 1657 2719 tis
1688 2676 1852 2735 insuper
1869 2708 1882 2732 ,
1913 2693 2001 2736 quae
2032 2678 2180 2723 altiore
2200 2677 2355 2721 intuitu
2374 2676 2426 2718 ad
2449 2674 2556 2718 caus?-

1603 2735 1688 2779 sam
1719 2738 1825 2783 hanc
1856 2739 2108 2796 pertinentia
2139 2736 2269 2792 magis
2300 2745 2416 2790 potes
2444 2733 2554 2778 vide-

1601 2811 1643 2840 re
1663 2828 1676 2851 ‚
1707 2797 1902 2849 decuffis3
1932 2794 2189 2836 credimus&
2209 2793 2438 2852 speramus,
2470 2809 2555 2838 non

1598 2857 1728 2899 solum
1761 2855 2008 2897 tenuitatem
2029 2852 2206 2897 nostram
2225 2854 2552 2912 disputationum

1599 2928 1762 2957 tuarum
1795 2913 1974 2971 praefidio
2002 2914 2305 2972 roborandam3
2337 2914 2403 2958 sed
2423 2916 2553 2959 etiam

1595 2974 1701 3032 ipsos
1724 3005 1737 3028 ,
1768 2989 1868 3032 quos
1899 2975 2058 3020 meritis
2087 2988 2211 3033 atque
2235 2976 2455 3023 honoribus
2474 2976 2552 3020 cla·

1602 3050 1666 3078 ros
1699 3033 1972 3093 caligo·'istius
2002 3036 2207 3094 opinionis
2237 3036 2424 3085 obscurat
2442 3067 2456 3090 ,
2486 3036 2554 3080 de·

1603 3095 1896 3139 faecatiffimum
1927 3095 2067 3140 lumen
2098 3097 2240 3155 gratiae
2271 3111 2504 3156 recepturos
2535 3126 2551 3140 .

1600 3158 1719 3199 Nam
1751 3171 1879 3199 unum
1909 3168 2054 3202 eorum
2092 3158 2303 3215 praecipuae
2335 3157 2552 3201 311801113-

1600 3218 1652 3259 tis
1684 3218 1723 3259 8<
1754 3216 2000 3274 spiritalium
2031 3215 2253 3260 studiorum
2273 3217 2434 3271 virum,
2466 3217 2551 3261 san-

1601 3277 1712 3320 811111
1747 3272 1768 3300 'f
1811 3277 2022 3320 Hilarium
2061 3275 2344 3320 Arelatensem
2390 3278 2549 3336 Episco-

1600 3352 1701 3395 pum
1731 3368 1744 3392 ,
1776 3336 1873 3380 sciat
1906 3337 2118 3382 beatitudo
2150 3349 2220 3380 tua
2253 3338 2549 3387 admiratorem

1599 3398 1921 3455 iefilatoremque
1943 3398 2002 3442 in.
2027 3397 2116 3440 aliis
2148 3400 2338 3442 omnibus
2371 3412 2446 3442 tuae
2468 3399 2547 3444 effe

1597 3457 1787 3504 doetrinae
1818 3474 1831 3516 ;
1861 3460 1902 3503 8<
1932 3457 1980 3503 de
2011 3457 2088 3509 hoc
2118 3459 2228 3517 quod
2258 3460 2310 3509 in
2334 3460 2546 3518 querelam

2405 3533 2484 3565 tra·

1596 3610 1677 3632 tum:
1699 3600 1745 3632 sed
1760 3600 1882 3641 inspeffi
1898 3599 1968 3636 ΜΠ.
1980 3598 2131 3632 Hilarium
2147 3609 2255 3632 omnes
2269 3600 2385 3633 ferum.
2406 3598 2542 3631 Hilarius

1619 3652 1685 3672 orto
1707 3641 1757 3672 isse
1779 3653 1813 3673 ex
1828 3640 1980 3673 Lerinenfi
1995 3641 2146 3673 monacho
2161 3650 2274 3672 creatus
2292 3643 2348 3675 suit
2363 3639 2543 3672 Arelatensis

1598 3651 1766 3723 {Episcopus
1780 3681 1842 3723 post
1858 3683 2050 3713 Honoratum
2063 3703 2073 3719 ,
2090 3693 2173 3713 anno
2186 3685 2254 3719 428.
2263 3687 2313 3714 aut
2329 3690 2397 3718 ⁴29·
2420 3679 2542 3711 ineunte

1600 3722 1757 3754 denatum:
1779 3723 1839 3760 Qui
1863 3733 1899 3763 pe
1919 3723 2094 3755 Honoratus
2107 3721 2408 3758 suffeamvpmodo,
2428 3721 2479 3762 qui
2489 3731 2542 3752 an-

1599 3767 1717 3798 no426.
1739 3766 1821 3799 juxta
1876 3763 2167 3804 osperiChronicum
2183 3761 2420 3798 imerstzfluust,
2442 3762 2542 3794 cathe-

1598 3803 1680 3834 dram
1690 3804 1891 3835 Arelatensem
1899 3825 1908 3841 ‚
1930 3804 2000 3836 teste
2009 3806 2171 3837 Honorato
2181 3802 2352 3837 Massiliensi
2367 3804 2400 3835 in
2411 3802 2475 3835 vita
2484 3803 2542 3835 Hi·

1598 3844 1664 3877 larii
1674 3845 1850 3877 Arelatensis
1858 3867 1867 3884 ‚
1889 3856 1941 3892 per
1948 3845 2104 3879 biennium
2114 3844 2288 3887 occupavit.
