2644 4160
456 164 571 210 vm
1071 138 1117 199 P
1197 156 1242 197 R
1326 153 1382 196 ΑΞ
1465 153 1498 195 F
1580 150 1618 194 A
1703 149 1742 190 T
1826 150 1847 190 1
1930 151 2005 191 o.·

454 288 493 316 „
532 241 831 302 Ambrosii
864 241 986 298 'non
1010 236 1115 294 effe
1150 242 1183 308 (
1195 240 1276 315 εὖτ
1307 229 1448 304 ille)
1469 229 1544 287 ex
1569 229 1717 302 stylo
1742 229 1949 288 clarius
1969 237 2243 302 apparet,
2281 239 2463 298 quam
2483 230 2552 279 ut

452 362 490 395 ‚‚
530 323 649 381 ulla
676 320 997 381 ostensione
1025 326 1222 389 egeat:
1269 300 1325 368 Rc
1351 330 1526 368 exeo
1560 317 1844 379 maxime,
1887 308 2043 382 quod
2068 306 2195 383 post
2241 304 2552 362 damnatos

448 449 489 475 „
531 403 865 479 Pelagianos
895 401 918 468 (
945 408 1080 452 ante
1102 409 1353 465 quorum
1377 390 1820 447 damnationem
1853 409 1884 446 e
1909 395 2051 447 vivis
2077 386 2388 446 excesserat
2409 383 2552 441 Am-

452 529 487 555 „
530 483 741 540 brolius
768 478 919 549 >fine
953 472 1172 546 scripti,
1216 485 1283 528 ut
1307 470 1503 527 videre
1534 470 1616 526 est
1644 477 1703 526 in
1722 489 1844 543 cap.
1865 493 1952 527 22.
1976 469 2103 526 libri
2130 472 2357 542 prioris.
2395 463 2551 535 Ejus-

444 564 580 620 dem
613 574 843 632 quoque
877 551 1139 626 Prosperi
1180 548 1370 609 censet
1413 550 1739 623 Epistolam
1779 569 1955 623 quam
1985 548 2209 606 addidit
2242 544 2315 603 ad
2343 546 2550 603 Deme-

446 637 694 700 triadem
718 641 1030 711 virginem‚
1074 638 1292 706 partim
1318 631 1395 688 ob
1427 629 1668 702 stylum,
1715 636 1930 703 partim
1960 630 2038 686 ob
2074 638 2491 705 argumentum
2534 664 2549 678 .

445 765 481 790 „
523 719 808 793 Dirigitur
829 719 984 772 enim
1015 712 1142 786 post
1163 711 1505 767 damnatam
1539 709 1757 786 Pelagii
1793 710 2047 768 haeresim
2085 722 2289 766 contra
2326 703 2553 780 Episto-

442 843 477 870 ‚‚
520 790 634 854 lam
662 793 922 864 >ejusdem
957 791 1167 866 Pelagii
1208 792 1278 847 de
1317 788 1509 847 saneta
1551 788 1912 867 Virginitate
1944 788 2014 847 ad
2048 787 2316 846 eamdem
2342 786 2555 846 Deme·

439 921 476 948 „
517 875 796 943 triadem,
839 891 964 947 quae
992 873 1240 928 habetur
1284 877 1344 927 in
1379 875 1551 928 initio
1582 878 1730 947 tomi
1764 897 1816 948 4.
1859 869 2013 945 apud
2052 868 2490 940 Hieronymum
2535 883 2546 917 :

438 999 474 1026 ‚‚
517 974 640 1030 quae
672 951 932 1029 Epistola
956 957 1192 1009 vivente
1215 950 1405 1008 adhuc
1431 950 1751 1010 Ambrosio
1790 971 1911 1008 non
1957 950 2189 1009 videtur
2236 946 2493 1005 extitifl'e
2534 985 2550 1001 .

436 1036 548 1093 Sed
571 1035 643 1092 de
665 1036 749 1091 his
772 1052 874 1091 nos
899 1038 960 1088 in
987 1028 1424 1090 Admonitione
1450 1037 1686 1104 utrique
1716 1031 1948 1106 praefixa
1985 1028 2069 1088 sat
2088 1027 2278 1087 multa
2303 1026 2548 1084 differui-

435 1134 592 1173 mus.
633 1113 1147 1185 Addiditssquoque
1178 1112 1411 1187 Prosperi
1447 1110 1718 1186 Epistolam
1750 1111 2186 1188 adAugustinum
2228 1107 2287 1165 de
2325 1105 2549 1184 reliquiis

432 1193 708 1272 Pelagianae
733 1192 958 1267 baereseos
980 1200 1033 1247 in
1061 1191 1691 1269 Galliasubolefcentibus,
1735 1199 1890 1250 inter
1918 1190 2183 1267 Prosperi
2206 1208 2382 1264 opera
2409 1207 2549 1246 non·

429 1273 570 1332 dum
604 1274 854 1333 editam:
891 1272 1269 1349 omissamque
1292 1280 1352 1331 in
1389 1272 1763 1349 Lugdunensi
1790 1272 2051 1331 editione
2097 1269 2344 1343 Caelestim'
2386 1269 2544 1343 Papae

429 1351 702 1428 Epistolam
728 1371 860 1412 cum
892 1350 1190 1409 sententiis
1218 1353 1415 1423 subjici
1449 1351 1626 1411 solitis
1648 1360 1736 1412 vir
1764 1353 1860 1411 ille
1890 1373 2012 1413 non
2042 1353 2264 1411 omifit:
2307 1346 2543 1425 primus-

428 1453 539 1507 que
561 1441 716 1494 inter
739 1451 938 1491 omnes
961 1432 1116 1490 libris
1154 1432 1414 1505 Prosperi
1449 1435 1628 1491 nostri
1668 1433 1941 1504 adjunxit
1968 1484 1986 1506 ‚
2028 1453 2135 1492 nec
2178 1437 2482 1490 immerito
2525 1473 2542 1499 ,

426 1527 493 1571 ut
515 1534 618 1573 nos
647 1514 840 1587 postea
868 1511 1075 1571 dietari
1102 1510 1316 1580 sumus,
1361 1515 1594 1568 canones
1617 1513 1828 1570 alterius
1848 1516 1893 1568 C
1895 1513 2050 1572 oncilii
2074 1513 2402 1587 Arauficani.
2445 1508 2541 1568 Vi·

245 1620 407 1663 natm-p,
429 1605 554 1652 tam
597 1613 828 1669 quoque
871 1610 945 1650 ex
982 1591 1082 1649 suo
1120 1599 1357 1668 ingenio
1390 1589 1611 1665 suisque
1652 1599 1866 1667 partim
1905 1595 2254 1666 conjedturis
2279 1639 2295 1664 ,
2348 1590 2539 1664 judice

240 1663 406 1742 ssigf'ss'ssl
429 1673 701 1743 Labbeo‚
741 1679 1151 1732 concinnatam
1182 1674 1480 1747 praemifit:
1524 1677 1585 1729 in
1612 1692 1726 1748 qua
1761 1672 1900 1748 quid
1932 1676 2032 1733 sibi
2064 1674 2135 1732 de
2167 1674 2398 1751 singulis
2419 1692 2453 1730 a
2483 1669 2539 1729 se

424 1755 591 1813 editis
612 1755 880 1829 operibus
909 1752 1206 1811 videretur
1241 1761 1506 1829 aperuit:
1552 1755 1608 1812 dc
1633 1760 1787 1812 inter
1813 1769 2008 1813 cetera
2031 1799 2046 1825 ‚
2082 1760 2311 1814 Carmen
2341 1752 2401 1811 de
2433 1769 2541 1829 pro-

422 1834 634 1892 videntia
657 1836 759 1892 Dei
783 1854 816 1892 a
838 1835 912 1890 D.
942 1830 1204 1908 Prosperi
1233 1833 1506 1910 operibus
1529 1835 1958 1894 removendum
1983 1835 2182 1904 duxit,
2224 1856 2297 1911 qu
2308 1843 2359 1892 ia
2386 1833 2541 1892 Pela-

418 1923 599 1992 gianae
629 1914 905 1974 dodirinae
935 1914 1015 1971 est
1034 1959 1048 1984 ,
1091 1921 1181 1973 cui
1208 1914 1454 1990 Prosper
1484 1913 1874 1974 infestissimus
1897 1917 2032 1974 fuit.
2077 1917 2171 1974 De
2192 1922 2395 1990 quoin
2418 1913 2541 1972 Ad·-

415 2003 744 2055 monitione
775 2015 903 2072 pag.
935 2019 1003 2071 45
1015 2019 1065 2068 3.
1100 1995 1381 2054 diximus.
1422 1997 1601 2054 Libros
1626 2015 1764 2056 vero
1805 1999 1885 2052 De
1917 1996 2310 2074 praediblionibus
2333 1997 2395 2055 (ς’
2425 2011 2539 2070 pra⁴

411 2076 695 2151 miffiom‘bus
727 2076 857 2145 Dei,
900 2090 1191 2151 quatenus
1218 2077 1320 2134 sibi
1351 2076 1541 2148 licuit,
1589 2097 1760 2152 puros
1782 2077 2154 2157 integrosque
2179 2076 2397 2148 edidit,
2440 2073 2536 2136 sed

412 2155 488 2211 ab.
513 2155 627 2213 alio
654 2174 832 2229 quam
860 2175 892 2214 a
927 2155 1211 2229 Prospero
1243 2156 1480 2232 scriptos
1513 2178 1585 2217 ex
1609 2159 1737 2231 styli
1764 2161 2087 2235 phrasiique
2132 2155 2538 2217 dissimilitudi-

411 2253 516 2304 ne,
560 2237 617 2294 dc
639 2235 935 2293 Gennadii
970 2235 1024 2291 T
1027 2236 1405 2312 rithemiique
1429 2238 1658 2296 filontio
1683 2240 1917 2314 probari
1958 2234 2491 2314 poss'e'arbitratur.

489 2315 672 2373 Anno
706 2330 908 2372 autem
946 2323 1106 2389 1576.
1129 2316 1307 2374 iidem
1337 2337 1540 2376 omnes
1567 2318 1895 2395 S.Prosperi
1925 2321 2055 2380 libri
2084 2321 2279 2379 denuo
2303 2320 2536 2380 acl-exa⁴

407 2411 545 2453 men
575 2401 830 2454 revocati
853 2401 914 2452 in
936 2394 1195 2454 editione
1223 2397 1510 2459 Duacenfi
1547 2417 1648 2475 per
1668 2399 1952 2472 Ioannem
1997 2403 2331 2461 Olivarium
2367 2445 2384 2472 ‚
2426 2406 2528 2476 qui

414 2471 564 2532 hanc
601 2474 756 2533 suam
790 2475 1112 2534 editionem
1144 2476 1301 2536 dicat
1347 2478 1556 2553 Joanni
1595 2478 1913 2540 Sarraceno
1957 2482 2142 2541 Priori
2206 2482 2534 2543 Vedastino

412 2591 451 2625 υ
492 2553 905 2613 Atrebatensit
942 2562 1034 2613 cui
1059 2554 1301 2630 suscepti
1325 2578 1356 2614 a
1382 2559 1435 2616 se
1465 2560 1676 2617 laboris
1700 2568 2000 2619 <rationem
2037 2564 2281 2622 reddens
2304 2568 2366 2621 in
2394 2551 2534 2638 Epi‘-

416 2667 452 2696 2,
493 2631 635 2687 stola
671 2642 1126 2704 nuncupatoria,
1172 2635 1435 2711 Prosperi
1469 2659 1645 2713 opera
1690 2649 1927 2698 mittere
1961 2641 2013 2699 se
2055 2644 2341 2719 gloriatur
2375 2638 2532 2716 supc-

417 2748 455 2777 ‚,
496 2709 737 2765 rioribus
773 2709 1006 2782 quidem
1033 2713 1391 2773 editionibus
1421 2737 1540 2776 non
1566 2718 1695 2778 satis
1719 2737 2072 2801 expurgata,
2119 2737 2264 2780 tunc
2289 2739 2431 2778 vero
2451 2727 2529 2778 ni·-

418 2828 455 2854 ‚,
496 2787 704 2845 tidiora
735 2790 791 2846 &
820 2808 938 2846 non
969 2792 1194 2849 modica
1217 2796 1530 2855 acceffione
1556 2820 1688 2857 cum
1715 2808 2003 2859 variarum
2029 2802 2527 2870 le&ionum‚tum

415 2907 453 2933 ,,
496 2867 749 2940 plurium
787 2867 1156 2938 lacunarum,
1198 2882 1570 2952 maximeque
1602 2886 1768 2938 unius
1800 2900 2086 2956 perquam
2129 2883 2360 2960 infignis
2409 2880 2528 2956 sup-

419 2987 456 3012 „
497 2945 1232 3022 plementolocupletiora.
1275 2953 1735 3019 Emendationes
1771 2961 2086 3036 plurimas,
2129 2970 2392 3038 itemque
2434 2980 2528 3021 va-

417 3064 456 3092 „
497 3030 603 3081 rias
628 3025 903 3084 le&iones
932 3035 1142 3100 partim
1173 3029 1567 3106 suppeditarat
1593 3039 1739 3098 liber
1770 3041 1844 3098 ab
1873 3040 2121 3115 ipsomet
2140 3040 2528 3114 Reverendif-

419 3144 457 3172 ,‚
500 3103 640 3161 fimo
666 3104 862 3163 Priore
891 3107 1132 3166 collatus
1154 3130 1284 3168 cum
1307 3123 1557 3192 antiquis
1579 3120 1870 3179 codicibus
1903 3163 1917 3189 ‚
1960 3130 2178 3198 partim
2225 3120 2528 3183 vetusti‘ffi-

421 3220 462 3249 a,
498 3200 660 3239 mum
689 3185 960 3243 volumen
989 3185 1367 3251 Bibliothecae
1405 3197 1920 3272 Camberonenfis·‚
1949 3204 2106 3278 quod
2138 3205 2393 3263 habebat
2416 3222 2530 3263 ma-

421 3302 458 3328 „
502 3281 575 3317 nu
604 3260 910 3338 descriptos
939 3267 1016 3321 De
1037 3270 1160 3324 Vita
1176 3273 1542 3351 contemplativa
1567 3277 1714 3336 libras
1745 3295 1872 3351 tres,
1908 3285 1991 3339 De
2013 3286 2273 3344 Vocatione
2299 3291 2530 3343 Gentium

422 3338 568 3409 duos,
610 3346 678 3413 θ’
703 3364 855 3399 unum
883 3347 1336 3423 Epigrammatum.
1383 3354 1473 3412 Ex
1504 3377 1621 3430 quo
1650 3361 1815 3417 bisin
1847 3362 2002 3421 libris
2031 3365 2217 3423 multa
2239 3365 2390 3424 fac‘ta
2414 3384 2528 3423 me·

424 3418 596 3487 liora,
638 3441 761 3494 quae
812 3422 1052 3483 deerant
1095 3426 1355 3502 suppleta
1385 3478 1400 3502 ‚
1459 3437 1740 3496 adnotata
1781 3439 2062 3514 plurima,
2108 3464 2215 3504 nec
2245 3450 2528 3506 acerrimo

425 3495 661 3593 quidem
689 3511 921 3574 patroni
953 3503 1061 3574 sui,
1102 3514 1193 3564 cui
1234 3509 1483 3571 libenter
1515 3516 1609 3572 illa
1641 3516 1936 3580 submittit
1961 3568 1976 3594 ‚
2020 3522 2279 3599 judicio(
2314 3538 2381 3585 ut
2409 3521 2528 3601 spe-

425 3590 516 3632 rat
533 3578 564 3643 )
593 3582 972 3653 improbanda
993 3627 1005 3638 .

507 3656 608 3712 Ad
637 3660 935 3732 postremae
974 3663 1141 3734 hujus

584 3741 614 3751 ..
1189 3671 1462 3729 editionis
1498 3673 1809 3736 Duacensis
1848 3701 2119 3742 normam
2155 3706 2314 3747 anno
2363 3697 2528 3763 1630-

433 3734 674 3808 produt,
715 3757 840 3816 quae
863 3741 1139 3804 Coloniae·

1167 3749 1510 3826 Agrippinae
1548 3753 1695 3814 faeta
1734 3772 1977 3821 notatur
2013 3763 2334 3844 sumptibus
2367 3772 2529 3831 haere-

2406 3853 2486 3892 dum
