<?xml version="1.0" encoding="UTF-8"?>
<!DOCTYPE html PUBLIC "-//W3C//DTD XHTML 1.0 Transitional//EN"
    "http://www.w3.org/TR/xhtml1/DTD/xhtml1-transitional.dtd">
<html xmlns="http://www.w3.org/1999/xhtml" xml:lang="en" lang="en">
 <head>
  <title>
</title>
<meta http-equiv="Content-Type" content="text/html;charset=utf-8" />
  <meta name='ocr-system' content='tesseract 3.04.00' />
  <meta name='ocr-capabilities' content='ocr_page ocr_carea ocr_par ocr_line ocrx_word'/>
</head>
<body>
  <div class='ocr_page' id='page_1' title='image "./sanctiprosperiaq00prosuoft_0782.png"; bbox 0 0 2652 4126; ppageno 0'>
   <div class='ocr_carea' id='block_1_1' title="bbox 317 200 2652 591">
    <p class='ocr_par' dir='ltr' id='par_1_1' title="bbox 502 200 2652 331">
     <span class='ocr_line' id='line_1_1' title="bbox 502 200 2652 331; baseline -0.005 -11"><span class='ocrx_word' id='word_1_1' title='bbox 502 267 530 320; x_wconf 78' lang='grc' dir='ltr'><strong><em>ἰ</em></strong></span> <span class='ocrx_word' id='word_1_2' title='bbox 547 266 615 321; x_wconf 81' lang='grc'>86</span> <span class='ocrx_word' id='word_1_3' title='bbox 696 260 966 320; x_wconf 76' lang='lat' dir='ltr'>SCR1PTA</span> <span class='ocrx_word' id='word_1_4' title='bbox 1010 266 1089 316; x_wconf 76' lang='lat' dir='ltr'>ET</span> <span class='ocrx_word' id='word_1_5' title='bbox 1114 265 1556 317; x_wconf 23' lang='lat' dir='ltr'>*MONUM&#39;ENTA*</span> <span class='ocrx_word' id='word_1_6' title='bbox 1579 265 1736 331; x_wconf 75' lang='lat' dir='ltr'>&#39;QJAE</span> <span class='ocrx_word' id='word_1_7' title='bbox 1763 270 1858 314; x_wconf 86' lang='lat' dir='ltr'>OP.</span> <span class='ocrx_word' id='word_1_8' title='bbox 1876 257 1926 312; x_wconf 90' lang='lat' dir='ltr'>S.</span> <span class='ocrx_word' id='word_1_9' title='bbox 1948 249 2261 317; x_wconf 65' lang='lat' dir='ltr'>Paosmam</span> <span class='ocrx_word' id='word_1_10' title='bbox 2279 298 2293 310; x_wconf 91' lang='lat'>.</span> <span class='ocrx_word' id='word_1_11' title='bbox 2638 200 2652 331; x_wconf 55' lang='grc' dir='ltr'>ἐ</span> 
     </span>
    </p>

    <p class='ocr_par' dir='ltr' id='par_1_2' title="bbox 497 329 2652 404">
     <span class='ocr_line' id='line_1_2' title="bbox 497 329 2652 404; baseline -0.004 -14"><span class='ocrx_word' id='word_1_12' title='bbox 497 358 533 390; x_wconf 75' lang='grc' dir='ltr'>δι</span> <span class='ocrx_word' id='word_1_13' title='bbox 547 356 714 404; x_wconf 53' lang='lat' dir='ltr'>flperiatur-</span> <span class='ocrx_word' id='word_1_14' title='bbox 729 357 791 390; x_wconf 62' lang='lat' dir='ltr'>ei„</span> <span class='ocrx_word' id='word_1_15' title='bbox 815 351 935 404; x_wconf 79' lang='lat' dir='ltr'>addens</span> <span class='ocrx_word' id='word_1_16' title='bbox 953 352 1237 402; x_wconf 60' lang='lat' dir='ltr'>increpationem,</span> <span class='ocrx_word' id='word_1_17' title='bbox 1261 351 1429 404; x_wconf 44' lang='lat' dir='ltr'>(edicens,</span> <span class='ocrx_word' id='word_1_18' title='bbox 1486 349 1673 383; x_wconf 80' lang='lat' dir='ltr'>voluntate:</span> <span class='ocrx_word' id='word_1_19' title='bbox 1699 350 1763 394; x_wconf 78' lang='lat' dir='ltr'>jam</span> <span class='ocrx_word' id='word_1_20' title='bbox 1783 351 1891 395; x_wconf 79' lang='lat' dir='ltr'>gratiae</span> <span class='ocrx_word' id='word_1_21' title='bbox 1909 347 1977 392; x_wconf 85' lang='lat' dir='ltr'>est,</span> <span class='ocrx_word' id='word_1_22' title='bbox 2002 361 2102 398; x_wconf 83' lang='lat' dir='ltr'>quam</span> <span class='ocrx_word' id='word_1_23' title='bbox 2126 349 2207 386; x_wconf 76' lang='lat' dir='ltr'>fides</span> <span class='ocrx_word' id='word_1_24' title='bbox 2225 347 2376 397; x_wconf 80' lang='lat' dir='ltr'>impetrat</span> <span class='ocrx_word' id='word_1_25' title='bbox 2389 353 2406 403; x_wconf 45' lang='grc' dir='ltr'>’ᾗ</span> <span class='ocrx_word' id='word_1_26' title='bbox 2639 329 2652 401; x_wconf 60' lang='grc' dir='ltr'>ξ</span> 
     </span>
    </p>

    <p class='ocr_par' dir='ltr' id='par_1_3' title="bbox 317 389 2652 559">
     <span class='ocr_line' id='line_1_3' title="bbox 322 389 2652 458; baseline -0.001 -18"><span class='ocrx_word' id='word_1_27' title='bbox 322 416 435 449; x_wconf 56' lang='grc' dir='ltr'>Μωῇ,</span> <span class='ocrx_word' id='word_1_28' title='bbox 450 429 479 458; x_wconf 92' lang='lat'>7·</span> <span class='ocrx_word' id='word_1_29' title='bbox 498 403 546 438; x_wconf 83' lang='lat' dir='ltr'>Si·</span> <span class='ocrx_word' id='word_1_30' title='bbox 560 416 619 458; x_wconf 69' lang='lat' dir='ltr'>vos</span> <span class='ocrx_word' id='word_1_31' title='bbox 638 414 707 438; x_wconf 87' lang='lat' dir='ltr'>cum</span> <span class='ocrx_word' id='word_1_32' title='bbox 717 401 792 442; x_wconf 80' lang='lat' dir='ltr'>fitis</span> <span class='ocrx_word' id='word_1_33' title='bbox 812 399 893 452; x_wconf 31' lang='lat' dir='ltr'>malt·</span> <span class='ocrx_word' id='word_1_34' title='bbox 911 397 1006 439; x_wconf 67' lang='lat' dir='ltr'>nostis</span> <span class='ocrx_word' id='word_1_35' title='bbox 1032 400 1114 432; x_wconf 67' lang='lat' dir='ltr'>boum</span> <span class='ocrx_word' id='word_1_36' title='bbox 1134 399 1214 433; x_wconf 75' lang='lat' dir='ltr'>data</span> <span class='ocrx_word' id='word_1_37' title='bbox 1244 400 1323 454; x_wconf 29' lang='lat' dir='ltr'>‚da-re</span> <span class='ocrx_word' id='word_1_38' title='bbox 1344 400 1428 455; x_wconf 67' lang='lat' dir='ltr'>ffl&#39;f‘</span> <span class='ocrx_word' id='word_1_39' title='bbox 1487 411 1524 436; x_wconf 87' lang='lat' dir='ltr'>ut</span> <span class='ocrx_word' id='word_1_40' title='bbox 1545 399 1666 446; x_wconf 85' lang='lat' dir='ltr'>possint</span> <span class='ocrx_word' id='word_1_41' title='bbox 1684 397 1743 457; x_wconf 79' lang='lat' dir='ltr'>esse</span> <span class='ocrx_word' id='word_1_42' title='bbox 1761 397 1907 456; x_wconf 70' lang='lat' dir='ltr'>bominis</span> <span class='ocrx_word' id='word_1_43' title='bbox 1915 411 2017 446; x_wconf 85' lang='lat' dir='ltr'>opera</span> <span class='ocrx_word' id='word_1_44' title='bbox 2026 399 2135 458; x_wconf 80' lang='lat' dir='ltr'>bona,</span> <span class='ocrx_word' id='word_1_45' title='bbox 2158 412 2233 448; x_wconf 86' lang='lat' dir='ltr'>quae</span> <span class='ocrx_word' id='word_1_46' title='bbox 2249 412 2408 448; x_wconf 82' lang='lat' dir='ltr'>operatur.</span> <span class='ocrx_word' id='word_1_47' title='bbox 2639 389 2652 437; x_wconf 68' lang='lat' dir='ltr'>‘l</span> 
     </span>
     <span class='ocr_line' id='line_1_4' title="bbox 317 447 2652 528; baseline 0.003 -46"><span class='ocrx_word' id='word_1_48' title='bbox 317 468 360 489; x_wconf 70' lang='grc' dir='ltr'>μ,</span> <span class='ocrx_word' id='word_1_49' title='bbox 496 453 635 496; x_wconf 62' lang='lat' dir='ltr'>vestm,</span> <span class='ocrx_word' id='word_1_50' title='bbox 660 459 781 497; x_wconf 80' lang='lat' dir='ltr'>quanto</span> <span class='ocrx_word' id='word_1_51' title='bbox 805 460 908 495; x_wconf 74' lang='lat' dir='ltr'>magis</span> <span class='ocrx_word' id='word_1_52' title='bbox 931 448 1040 483; x_wconf 53' lang='lat' dir='ltr'>Pater&gt;</span> <span class='ocrx_word' id='word_1_53' title='bbox 1055 447 1161 490; x_wconf 75' lang='lat' dir='ltr'>vester</span> <span class='ocrx_word' id='word_1_54' title='bbox 1191 461 1248 495; x_wconf 77' lang='lat' dir='ltr'>que</span> <span class='ocrx_word' id='word_1_55' title='bbox 1278 462 1311 482; x_wconf 85' lang='lat' dir='ltr'>m</span> <span class='ocrx_word' id='word_1_56' title='bbox 1338 449 1423 483; x_wconf 82' lang='lat' dir='ltr'>caelrs</span> <span class='ocrx_word' id='word_1_57' title='bbox 1485 449 1566 485; x_wconf 87' lang='lat' dir='ltr'>fides</span> <span class='ocrx_word' id='word_1_58' title='bbox 1587 461 1642 496; x_wconf 84' lang='lat' dir='ltr'>per</span> <span class='ocrx_word' id='word_1_59' title='bbox 1661 448 1896 491; x_wconf 70' lang='lat' dir='ltr'>dilectionem,</span> <span class='ocrx_word' id='word_1_60' title='bbox 1921 462 1995 498; x_wconf 79' lang='lat' dir='ltr'>quae</span> <span class='ocrx_word' id='word_1_61' title='bbox 2018 449 2218 487; x_wconf 85' lang='lat' dir='ltr'>diffunditur</span> <span class='ocrx_word' id='word_1_62' title='bbox 2242 454 2276 487; x_wconf 88' lang='lat' dir='ltr'>in</span> <span class='ocrx_word' id='word_1_63' title='bbox 2303 451 2409 488; x_wconf 84' lang='lat' dir='ltr'>corde</span> <span class='ocrx_word' id='word_1_64' title='bbox 2644 490 2652 528; x_wconf 59' lang='lat'><strong>¹</strong></span> 
     </span>
     <span class='ocr_line' id='line_1_5' title="bbox 2646 536 2652 559; baseline 0 0"><span class='ocrx_word' id='word_1_65' title='bbox 2646 536 2652 559; x_wconf 74' lang='lat' dir='ltr'>i</span> 
     </span>
    </p>

    <p class='ocr_par' dir='ltr' id='par_1_4' title="bbox 2646 568 2652 591">
     <span class='ocr_line' id='line_1_6' title="bbox 2646 568 2652 591; baseline 0 0"><span class='ocrx_word' id='word_1_66' title='bbox 2646 568 2652 591; x_wconf 78' lang='lat' dir='ltr'>i</span> 
     </span>
    </p>
   </div>
   <div class='ocr_carea' id='block_1_2' title="bbox 318 496 1421 568">
    <p class='ocr_par' dir='ltr' id='par_1_5' title="bbox 318 496 1421 568">
     <span class='ocr_line' id='line_1_7' title="bbox 318 496 1421 568; baseline 0.008 -40"><span class='ocrx_word' id='word_1_67' title='bbox 318 499 413 568; x_wconf 55' lang='grc' dir='ltr'>1ιὲεῑιιν.</span> <span class='ocrx_word' id='word_1_68' title='bbox 434 507 478 535; x_wconf 78' lang='lat'>15·</span> <span class='ocrx_word' id='word_1_69' title='bbox 494 503 559 546; x_wconf 52' lang='lat' dir='ltr'>est,</span> <span class='ocrx_word' id='word_1_70' title='bbox 585 501 676 536; x_wconf 76' lang='lat' dir='ltr'>dabit</span> <span class='ocrx_word' id='word_1_71' title='bbox 695 499 776 533; x_wconf 86' lang='lat' dir='ltr'>bona</span> <span class='ocrx_word' id='word_1_72' title='bbox 801 496 985 544; x_wconf 78' lang='lat' dir='ltr'>petentibus</span> <span class='ocrx_word' id='word_1_73' title='bbox 1003 498 1061 543; x_wconf 74' lang='lat' dir='ltr'>fi&#39;?</span> <span class='ocrx_word' id='word_1_74' title='bbox 1086 503 1179 537; x_wconf 87' lang='lat' dir='ltr'>Cum</span> <span class='ocrx_word' id='word_1_75' title='bbox 1210 513 1290 547; x_wconf 85' lang='lat' dir='ltr'>ergo</span> <span class='ocrx_word' id='word_1_76' title='bbox 1317 504 1421 537; x_wconf 78' lang='lat' dir='ltr'>virtus</span> 
     </span>
    </p>
   </div>
   <div class='ocr_carea' id='block_1_3' title="bbox 317 549 1420 616">
    <p class='ocr_par' dir='ltr' id='par_1_6' title="bbox 317 549 1420 616">
     <span class='ocr_line' id='line_1_8' title="bbox 317 549 1420 616; baseline -0.012 -22"><span class='ocrx_word' id='word_1_77' title='bbox 317 580 397 609; x_wconf 77' lang='lat' dir='ltr'>Rom.</span> <span class='ocrx_word' id='word_1_78' title='bbox 407 582 476 616; x_wconf 42' lang='lat'>7⁸8·</span> <span class='ocrx_word' id='word_1_79' title='bbox 493 555 616 602; x_wconf 81' lang='lat' dir='ltr'>peccati</span> <span class='ocrx_word' id='word_1_80' title='bbox 636 550 690 585; x_wconf 90' lang='lat' dir='ltr'>lex</span> <span class='ocrx_word' id='word_1_81' title='bbox 709 549 958 585; x_wconf 84' lang='lat' dir='ltr'>inflammaverit</span> <span class='ocrx_word' id='word_1_82' title='bbox 976 549 1127 586; x_wconf 80' lang='lat' dir='ltr'>aculeum</span> <span class='ocrx_word' id='word_1_83' title='bbox 1146 555 1283 593; x_wconf 87' lang='lat' dir='ltr'>mortis,</span> <span class='ocrx_word' id='word_1_84' title='bbox 1310 562 1348 586; x_wconf 86' lang='lat' dir='ltr'>ut</span> <span class='ocrx_word' id='word_1_85' title='bbox 1365 563 1420 586; x_wconf 77' lang='lat' dir='ltr'>oc-</span> 
     </span>
    </p>
   </div>
   <div class='ocr_carea' id='block_1_4' title="bbox 291 601 1422 3847">
    <p class='ocr_par' dir='ltr' id='par_1_7' title="bbox 291 601 1422 2953">
     <span class='ocr_line' id='line_1_9' title="bbox 490 601 1422 648; baseline -0.002 -9"><span class='ocrx_word' id='word_1_86' title='bbox 490 603 613 639; x_wconf 83' lang='lat' dir='ltr'>cafione</span> <span class='ocrx_word' id='word_1_87' title='bbox 637 610 767 646; x_wconf 78' lang='lat' dir='ltr'>accepta</span> <span class='ocrx_word' id='word_1_88' title='bbox 793 610 964 647; x_wconf 85' lang='lat' dir='ltr'>peccatum</span> <span class='ocrx_word' id='word_1_89' title='bbox 991 612 1050 647; x_wconf 86' lang='lat' dir='ltr'>per</span> <span class='ocrx_word' id='word_1_90' title='bbox 1085 601 1272 637; x_wconf 87' lang='lat' dir='ltr'>mandatum</span> <span class='ocrx_word' id='word_1_91' title='bbox 1307 614 1422 648; x_wconf 88' lang='lat' dir='ltr'>opere-</span> 
     </span>
     <span class='ocr_line' id='line_1_10' title="bbox 488 649 1420 699; baseline 0 -12"><span class='ocrx_word' id='word_1_92' title='bbox 488 663 543 687; x_wconf 85' lang='lat' dir='ltr'>tur</span> <span class='ocrx_word' id='word_1_93' title='bbox 564 662 702 686; x_wconf 88' lang='lat' dir='ltr'>omnem</span> <span class='ocrx_word' id='word_1_94' title='bbox 720 649 1046 698; x_wconf 81' lang='lat' dir='ltr'>concupiscentiam,</span> <span class='ocrx_word' id='word_1_95' title='bbox 1071 663 1090 686; x_wconf 90' lang='lat' dir='ltr'>a</span> <span class='ocrx_word' id='word_1_96' title='bbox 1108 664 1178 698; x_wconf 90' lang='lat' dir='ltr'>quo</span> <span class='ocrx_word' id='word_1_97' title='bbox 1207 651 1344 699; x_wconf 83' lang='lat' dir='ltr'>petenda</span> <span class='ocrx_word' id='word_1_98' title='bbox 1373 650 1420 687; x_wconf 88' lang='lat' dir='ltr'>est</span> 
     </span>
     <span class='ocr_line' id='line_1_11' title="bbox 486 699 1417 748; baseline 0 -11"><span class='ocrx_word' id='word_1_99' title='bbox 486 703 690 737; x_wconf 84' lang='lat' dir='ltr'>continentia</span> <span class='ocrx_word' id='word_1_100' title='bbox 702 726 711 742; x_wconf 94' lang='lat'>,</span> <span class='ocrx_word' id='word_1_101' title='bbox 736 701 795 736; x_wconf 80' lang='lat' dir='ltr'>nifi</span> <span class='ocrx_word' id='word_1_102' title='bbox 812 700 852 736; x_wconf 85' lang='lat' dir='ltr'>ab</span> <span class='ocrx_word' id='word_1_103' title='bbox 870 699 931 736; x_wconf 89' lang='lat' dir='ltr'>illo</span> <span class='ocrx_word' id='word_1_104' title='bbox 948 703 1007 748; x_wconf 91' lang='lat' dir='ltr'>qui</span> <span class='ocrx_word' id='word_1_105' title='bbox 1027 705 1124 737; x_wconf 88' lang='lat' dir='ltr'>novit</span> <span class='ocrx_word' id='word_1_106' title='bbox 1146 700 1231 737; x_wconf 90' lang='lat' dir='ltr'>bona</span> <span class='ocrx_word' id='word_1_107' title='bbox 1250 702 1324 738; x_wconf 86' lang='lat' dir='ltr'>data</span> <span class='ocrx_word' id='word_1_108' title='bbox 1340 702 1417 737; x_wconf 89' lang='lat' dir='ltr'>dare</span> 
     </span>
     <span class='ocr_line' id='line_1_12' title="bbox 314 749 1415 799; baseline 0.002 -15"><span class='ocrx_word' id='word_1_109' title='bbox 314 754 469 794; x_wconf 73' lang='lat' dir='ltr'>Sap.8.21.</span> <span class='ocrx_word' id='word_1_110' title='bbox 487 751 562 787; x_wconf 78' lang='lat' dir='ltr'>filiis</span> <span class='ocrx_word' id='word_1_111' title='bbox 582 751 666 787; x_wconf 86' lang='lat' dir='ltr'>suis?</span> <span class='ocrx_word' id='word_1_112' title='bbox 691 753 747 786; x_wconf 86' lang='lat' dir='ltr'>An</span> <span class='ocrx_word' id='word_1_113' title='bbox 766 750 853 786; x_wconf 86' lang='lat' dir='ltr'>forte</span> <span class='ocrx_word' id='word_1_114' title='bbox 874 749 974 786; x_wconf 87' lang='lat' dir='ltr'>nescit</span> <span class='ocrx_word' id='word_1_115' title='bbox 993 750 1168 798; x_wconf 70' lang='lat' dir='ltr'>insipiens,</span> <span class='ocrx_word' id='word_1_116' title='bbox 1193 753 1286 799; x_wconf 89' lang='lat' dir='ltr'>quod</span> <span class='ocrx_word' id='word_1_117' title='bbox 1314 764 1415 788; x_wconf 88' lang='lat' dir='ltr'>nemo</span> 
     </span>
     <span class='ocr_line' id='line_1_13' title="bbox 485 800 1416 849; baseline 0.001 -12"><span class='ocrx_word' id='word_1_118' title='bbox 485 802 583 849; x_wconf 84' lang='lat' dir='ltr'>poffit</span> <span class='ocrx_word' id='word_1_119' title='bbox 603 800 662 838; x_wconf 73' lang='lat' dir='ltr'>ess‘e</span> <span class='ocrx_word' id='word_1_120' title='bbox 679 804 851 837; x_wconf 81' lang='lat' dir='ltr'>continens</span> <span class='ocrx_word' id='word_1_121' title='bbox 863 826 873 842; x_wconf 93' lang='lat'>‚</span> <span class='ocrx_word' id='word_1_122' title='bbox 899 800 954 835; x_wconf 87' lang='lat' dir='ltr'>nifi</span> <span class='ocrx_word' id='word_1_123' title='bbox 974 804 1067 838; x_wconf 84' lang='lat' dir='ltr'>Deus</span> <span class='ocrx_word' id='word_1_124' title='bbox 1085 802 1162 838; x_wconf 84' lang='lat' dir='ltr'>det?</span> <span class='ocrx_word' id='word_1_125' title='bbox 1188 805 1267 839; x_wconf 86' lang='lat' dir='ltr'>Hoc</span> <span class='ocrx_word' id='word_1_126' title='bbox 1286 813 1367 849; x_wconf 83' lang='lat' dir='ltr'>ergo</span> <span class='ocrx_word' id='word_1_127' title='bbox 1378 814 1416 838; x_wconf 90' lang='lat' dir='ltr'>ut</span> 
     </span>
     <span class='ocr_line' id='line_1_14' title="bbox 483 851 1415 901; baseline 0 -13"><span class='ocrx_word' id='word_1_128' title='bbox 483 851 582 895; x_wconf 76' lang='lat' dir='ltr'>sciat,</span> <span class='ocrx_word' id='word_1_129' title='bbox 607 851 672 900; x_wconf 82' lang='lat' dir='ltr'>ipsa</span> <span class='ocrx_word' id='word_1_130' title='bbox 691 851 818 897; x_wconf 85' lang='lat' dir='ltr'>indiget</span> <span class='ocrx_word' id='word_1_131' title='bbox 840 851 1026 898; x_wconf 85' lang='lat' dir='ltr'>sapientia..</span> <span class='ocrx_word' id='word_1_132' title='bbox 1040 856 1114 888; x_wconf 88' lang='lat' dir='ltr'>Cur</span> <span class='ocrx_word' id='word_1_133' title='bbox 1133 854 1246 901; x_wconf 88' lang='lat' dir='ltr'>itaque</span> <span class='ocrx_word' id='word_1_134' title='bbox 1267 865 1334 888; x_wconf 85' lang='lat' dir='ltr'>non</span> <span class='ocrx_word' id='word_1_135' title='bbox 1362 865 1415 888; x_wconf 87' lang='lat' dir='ltr'>au-</span> 
     </span>
     <span class='ocr_line' id='line_1_15' title="bbox 484 901 1416 952; baseline 0.001 -14"><span class='ocrx_word' id='word_1_136' title='bbox 484 903 535 938; x_wconf 85' lang='lat' dir='ltr'>dit</span> <span class='ocrx_word' id='word_1_137' title='bbox 557 905 661 938; x_wconf 84' lang='lat' dir='ltr'>Patris</span> <span class='ocrx_word' id='word_1_138' title='bbox 681 901 727 938; x_wconf 88' lang='lat' dir='ltr'>sui</span> <span class='ocrx_word' id='word_1_139' title='bbox 750 904 910 948; x_wconf 90' lang='lat' dir='ltr'>Spiritum</span> <span class='ocrx_word' id='word_1_140' title='bbox 938 902 1103 939; x_wconf 85' lang='lat' dir='ltr'>dicentem</span> <span class='ocrx_word' id='word_1_141' title='bbox 1125 915 1183 950; x_wconf 91' lang='lat' dir='ltr'>per</span> <span class='ocrx_word' id='word_1_142' title='bbox 1210 901 1416 952; x_wconf 85' lang='lat' dir='ltr'>Apostolum</span> 
     </span>
     <span class='ocr_line' id='line_1_16' title="bbox 484 950 1415 1001; baseline 0 -12"><span class='ocrx_word' id='word_1_143' title='bbox 484 950 636 996; x_wconf 85' lang='lat' dir='ltr'>Christi,</span> <span class='ocrx_word' id='word_1_144' title='bbox 661 952 714 988; x_wconf 90' lang='lat' dir='ltr'>vel</span> <span class='ocrx_word' id='word_1_145' title='bbox 733 951 839 1000; x_wconf 86' lang='lat' dir='ltr'>ipsum</span> <span class='ocrx_word' id='word_1_146' title='bbox 859 951 1035 989; x_wconf 87' lang='lat' dir='ltr'>Christum</span> <span class='ocrx_word' id='word_1_147' title='bbox 1054 956 1112 1001; x_wconf 91' lang='lat' dir='ltr'>qui</span> <span class='ocrx_word' id='word_1_148' title='bbox 1139 953 1222 991; x_wconf 90' lang='lat' dir='ltr'>dicit</span> <span class='ocrx_word' id='word_1_149' title='bbox 1247 959 1279 991; x_wconf 88' lang='lat' dir='ltr'>in</span> <span class='ocrx_word' id='word_1_150' title='bbox 1307 957 1415 990; x_wconf 88' lang='lat' dir='ltr'>Evan-</span> 
     </span>
     <span class='ocr_line' id='line_1_17' title="bbox 310 1002 1415 1053; baseline 0.003 -16"><span class='ocrx_word' id='word_1_151' title='bbox 310 1010 411 1050; x_wconf 61' lang='lat' dir='ltr'>Mauh</span> <span class='ocrx_word' id='word_1_152' title='bbox 422 1022 469 1052; x_wconf 86' lang='lat'>7,7</span> <span class='ocrx_word' id='word_1_153' title='bbox 481 1002 573 1050; x_wconf 18' lang='lat' dir='ltr'>agelio</span> <span class='ocrx_word' id='word_1_154' title='bbox 591 1002 669 1045; x_wconf 87' lang='lat' dir='ltr'>suo,</span> <span class='ocrx_word' id='word_1_155' title='bbox 699 1002 824 1046; x_wconf 81' lang='lat' dir='ltr'>Petite,</span> <span class='ocrx_word' id='word_1_156' title='bbox 844 1002 887 1035; x_wconf 72' lang='lat'>&amp;³</span> <span class='ocrx_word' id='word_1_157' title='bbox 904 1002 1071 1048; x_wconf 81' lang='lat' dir='ltr'>accipietis</span> <span class='ocrx_word' id='word_1_158' title='bbox 1082 1017 1092 1041; x_wconf 69' lang='grc' dir='ltr'><strong>ς</strong></span> <span class='ocrx_word' id='word_1_159' title='bbox 1118 1003 1311 1053; x_wconf 86' lang='lat' dir='ltr'>loquentem</span> <span class='ocrx_word' id='word_1_160' title='bbox 1321 1007 1415 1040; x_wconf 84' lang='lat' dir='ltr'>etiam</span> 
     </span>
     <span class='ocr_line' id='line_1_18' title="bbox 307 1051 1414 1101; baseline 0 -10"><span class='ocrx_word' id='word_1_161' title='bbox 307 1051 468 1091; x_wconf 69' lang='lat' dir='ltr'>Jacob.1.5.</span> <span class='ocrx_word' id='word_1_162' title='bbox 483 1057 517 1089; x_wconf 83' lang='lat' dir='ltr'>in</span> <span class='ocrx_word' id='word_1_163' title='bbox 537 1052 706 1101; x_wconf 88' lang='lat' dir='ltr'>Apostolo</span> <span class='ocrx_word' id='word_1_164' title='bbox 733 1052 816 1096; x_wconf 83' lang='lat' dir='ltr'>suo&#39;,</span> <span class='ocrx_word' id='word_1_165' title='bbox 839 1058 874 1090; x_wconf 89' lang='lat'>&amp;</span> <span class='ocrx_word' id='word_1_166' title='bbox 895 1054 1079 1095; x_wconf 80' lang='lat' dir='ltr'>dicentem,</span> <span class='ocrx_word' id='word_1_167' title='bbox 1107 1056 1147 1086; x_wconf 77' lang='lat' dir='ltr'>Si</span> <span class='ocrx_word' id='word_1_168' title='bbox 1173 1054 1245 1099; x_wconf 83' lang='lat' dir='ltr'>quis</span> <span class='ocrx_word' id='word_1_169' title='bbox 1272 1053 1414 1096; x_wconf 82' lang='lat' dir='ltr'>vestrum</span> 
     </span>
     <span class='ocr_line' id='line_1_19' title="bbox 484 1101 1414 1150; baseline 0.001 -15"><span class='ocrx_word' id='word_1_170' title='bbox 484 1103 608 1150; x_wconf 81' lang='lat' dir='ltr'>indiget</span> <span class='ocrx_word' id='word_1_171' title='bbox 623 1102 810 1150; x_wconf 77' lang='lat' dir='ltr'>sapientia,</span> <span class='ocrx_word' id='word_1_172' title='bbox 833 1101 971 1149; x_wconf 79' lang='lat' dir='ltr'>postulet</span> <span class='ocrx_word' id='word_1_173' title='bbox 991 1116 1011 1135; x_wconf 89' lang='lat' dir='ltr'>a</span> <span class='ocrx_word' id='word_1_174' title='bbox 1031 1104 1121 1143; x_wconf 80' lang='lat' dir='ltr'>Deo,</span> <span class='ocrx_word' id='word_1_175' title='bbox 1148 1103 1205 1148; x_wconf 82' lang='lat' dir='ltr'>qui</span> <span class='ocrx_word' id='word_1_176' title='bbox 1231 1103 1292 1137; x_wconf 81' lang='lat' dir='ltr'>dat</span> <span class='ocrx_word' id='word_1_177' title='bbox 1317 1103 1414 1138; x_wconf 84' lang='lat' dir='ltr'>omni-</span> 
     </span>
     <span class='ocr_line' id='line_1_20' title="bbox 483 1152 1415 1198; baseline 0 -12"><span class='ocrx_word' id='word_1_178' title='bbox 483 1152 543 1188; x_wconf 80' lang='lat' dir='ltr'>bus</span> <span class='ocrx_word' id='word_1_179' title='bbox 564 1152 758 1197; x_wconf 82' lang='lat' dir='ltr'>affluenter,</span> <span class='ocrx_word' id='word_1_180' title='bbox 785 1154 828 1186; x_wconf 77' lang='lat'>(9¹</span> <span class='ocrx_word' id='word_1_181' title='bbox 846 1165 908 1186; x_wconf 84' lang='lat' dir='ltr'>non</span> <span class='ocrx_word' id='word_1_182' title='bbox 927 1152 1145 1198; x_wconf 83' lang='lat' dir='ltr'>improperat,</span> <span class='ocrx_word' id='word_1_183' title='bbox 1171 1153 1214 1187; x_wconf 71' lang='lat'>(9⁴</span> <span class='ocrx_word' id='word_1_184' title='bbox 1234 1153 1366 1187; x_wconf 79' lang='lat' dir='ltr'>dabitur</span> <span class='ocrx_word' id='word_1_185' title='bbox 1375 1153 1415 1186; x_wconf 84' lang='lat' dir='ltr'>il-</span> 
     </span>
     <span class='ocr_line' id='line_1_21' title="bbox 309 1201 1415 1248; baseline -0.005 -6"><span class='ocrx_word' id='word_1_186' title='bbox 309 1213 462 1247; x_wconf 77' lang='lat' dir='ltr'>Rom,i.i7,</span> <span class='ocrx_word' id='word_1_187' title='bbox 480 1201 530 1243; x_wconf 83' lang='lat' dir='ltr'>li‚·</span> <span class='ocrx_word' id='word_1_188' title='bbox 551 1202 689 1248; x_wconf 79' lang='lat' dir='ltr'>postulet</span> <span class='ocrx_word' id='word_1_189' title='bbox 707 1212 815 1235; x_wconf 75' lang='lat' dir='ltr'>autem</span> <span class='ocrx_word' id='word_1_190' title='bbox 834 1202 962 1245; x_wconf 83' lang='lat' dir='ltr'>infide,</span> <span class='ocrx_word' id='word_1_191' title='bbox 988 1202 1072 1235; x_wconf 84' lang='lat' dir='ltr'>nihil</span> <span class='ocrx_word' id='word_1_192' title='bbox 1082 1201 1254 1242; x_wconf 81' lang='lat' dir='ltr'>haefitans?</span> <span class='ocrx_word' id='word_1_193' title='bbox 1279 1204 1415 1242; x_wconf 67' lang='lat' dir='ltr'>Haecest</span> 
     </span>
     <span class='ocr_line' id='line_1_22' title="bbox 305 1250 1414 1304; baseline 0.005 -17"><span class='ocrx_word' id='word_1_194' title='bbox 305 1250 380 1284; x_wconf 80' lang='lat' dir='ltr'>lbid.</span> <span class='ocrx_word' id='word_1_195' title='bbox 397 1262 425 1288; x_wconf 80' lang='grc'>4-</span> <span class='ocrx_word' id='word_1_196' title='bbox 438 1261 464 1287; x_wconf 82' lang='lat'>5·</span> <span class='ocrx_word' id='word_1_197' title='bbox 481 1252 561 1289; x_wconf 79' lang='lat' dir='ltr'>fides</span> <span class='ocrx_word' id='word_1_198' title='bbox 581 1265 621 1290; x_wconf 85' lang='lat' dir='ltr'>ex</span> <span class='ocrx_word' id='word_1_199' title='bbox 640 1265 703 1301; x_wconf 86' lang='lat' dir='ltr'>qua</span> <span class='ocrx_word' id='word_1_200' title='bbox 720 1251 820 1297; x_wconf 86' lang='lat' dir='ltr'>justus</span> <span class='ocrx_word' id='word_1_201' title='bbox 838 1255 942 1288; x_wconf 85' lang='lat' dir='ltr'>vivit:</span> <span class='ocrx_word' id='word_1_202' title='bbox 966 1250 1036 1289; x_wconf 86' lang='lat' dir='ltr'>haec</span> <span class='ocrx_word' id='word_1_203' title='bbox 1056 1253 1102 1289; x_wconf 86' lang='lat' dir='ltr'>est</span> <span class='ocrx_word' id='word_1_204' title='bbox 1121 1253 1221 1297; x_wconf 86' lang='lat' dir='ltr'>fides,</span> <span class='ocrx_word' id='word_1_205' title='bbox 1247 1268 1414 1304; x_wconf 88' lang='lat' dir='ltr'>perquam</span> 
     </span>
     <span class='ocr_line' id='line_1_23' title="bbox 480 1302 1415 1353; baseline 0.003 -14"><span class='ocrx_word' id='word_1_206' title='bbox 480 1302 671 1340; x_wconf 75' lang='lat' dir='ltr'>excluditur</span> <span class='ocrx_word' id='word_1_207' title='bbox 691 1302 866 1349; x_wconf 81' lang='lat' dir='ltr'>gloriati03</span> <span class='ocrx_word' id='word_1_208' title='bbox 892 1302 956 1338; x_wconf 85' lang='lat' dir='ltr'>five</span> <span class='ocrx_word' id='word_1_209' title='bbox 975 1315 1013 1339; x_wconf 89' lang='lat' dir='ltr'>ut</span> <span class='ocrx_word' id='word_1_210' title='bbox 1031 1302 1052 1323; x_wconf 53' lang='grc' dir='ltr'>*Γ</span> <span class='ocrx_word' id='word_1_211' title='bbox 1069 1303 1216 1340; x_wconf 88' lang='lat' dir='ltr'>abscedat</span> <span class='ocrx_word' id='word_1_212' title='bbox 1235 1310 1343 1353; x_wconf 84' lang='lat' dir='ltr'>quain</span> <span class='ocrx_word' id='word_1_213' title='bbox 1353 1317 1415 1342; x_wconf 90' lang='lat' dir='ltr'>no-</span> 
     </span>
     <span class='ocr_line' id='line_1_24' title="bbox 300 1352 1414 1409; baseline 0.003 -20"><span class='ocrx_word' id='word_1_214' title='bbox 300 1369 461 1409; x_wconf 50' lang='lat' dir='ltr'><em>1b;d‚3·27·</em></span> <span class='ocrx_word' id='word_1_215' title='bbox 479 1352 528 1389; x_wconf 88' lang='lat' dir='ltr'>bis</span> <span class='ocrx_word' id='word_1_216' title='bbox 547 1353 723 1394; x_wconf 86' lang='lat' dir='ltr'>inflamur,</span> <span class='ocrx_word' id='word_1_217' title='bbox 750 1353 814 1389; x_wconf 84' lang='lat' dir='ltr'>five</span> <span class='ocrx_word' id='word_1_218' title='bbox 835 1364 872 1388; x_wconf 84' lang='lat' dir='ltr'>ut</span> <span class='ocrx_word' id='word_1_219' title='bbox 890 1358 1030 1390; x_wconf 86' lang='lat' dir='ltr'>emineat</span> <span class='ocrx_word' id='word_1_220' title='bbox 1049 1367 1114 1403; x_wconf 89' lang='lat' dir='ltr'>qua</span> <span class='ocrx_word' id='word_1_221' title='bbox 1134 1358 1166 1390; x_wconf 90' lang='lat' dir='ltr'>in</span> <span class='ocrx_word' id='word_1_222' title='bbox 1185 1357 1414 1404; x_wconf 88' lang='lat' dir='ltr'>Dominoglo-</span> 
     </span>
     <span class='ocr_line' id='line_1_25' title="bbox 300 1403 1413 1454; baseline 0.003 -14"><span class='ocrx_word' id='word_1_223' title='bbox 300 1409 401 1441; x_wconf 66' lang='lat' dir='ltr'>*ahoe</span> <span class='ocrx_word' id='word_1_224' title='bbox 411 1411 462 1444; x_wconf 83' lang='lat' dir='ltr'>lib.</span> <span class='ocrx_word' id='word_1_225' title='bbox 478 1406 622 1441; x_wconf 81' lang='lat' dir='ltr'>tiarnur:</span> <span class='ocrx_word' id='word_1_226' title='bbox 649 1403 721 1440; x_wconf 80' lang='lat' dir='ltr'>haee</span> <span class='ocrx_word' id='word_1_227' title='bbox 739 1403 787 1439; x_wconf 87' lang='lat' dir='ltr'>est</span> <span class='ocrx_word' id='word_1_228' title='bbox 802 1403 884 1440; x_wconf 84' lang='lat' dir='ltr'>fides</span> <span class='ocrx_word' id='word_1_229' title='bbox 904 1417 968 1453; x_wconf 88' lang='lat' dir='ltr'>qua</span> <span class='ocrx_word' id='word_1_230' title='bbox 989 1408 1186 1453; x_wconf 88' lang='lat' dir='ltr'>impetratur</span> <span class='ocrx_word' id='word_1_231' title='bbox 1205 1405 1333 1453; x_wconf 81' lang='lat' dir='ltr'>largitas</span> <span class='ocrx_word' id='word_1_232' title='bbox 1352 1409 1413 1454; x_wconf 86' lang='lat' dir='ltr'>spi-</span> 
     </span>
     <span class='ocr_line' id='line_1_26' title="bbox 299 1454 1418 1503; baseline 0.011 -24"><span class='ocrx_word' id='word_1_233' title='bbox 299 1461 462 1492; x_wconf 82' lang='lat' dir='ltr'>c.10.n.17.</span> <span class='ocrx_word' id='word_1_234' title='bbox 479 1457 582 1496; x_wconf 70' lang='lat' dir='ltr'>ritus,</span> <span class='ocrx_word' id='word_1_235' title='bbox 609 1455 651 1491; x_wconf 87' lang='lat' dir='ltr'>de</span> <span class='ocrx_word' id='word_1_236' title='bbox 670 1467 740 1503; x_wconf 90' lang='lat' dir='ltr'>quo</span> <span class='ocrx_word' id='word_1_237' title='bbox 761 1454 905 1497; x_wconf 83' lang='lat' dir='ltr'>dicitur,</span> <span class='ocrx_word' id='word_1_238' title='bbox 932 1454 1001 1487; x_wconf 86' lang='lat' dir='ltr'>Nos</span> <span class='ocrx_word' id='word_1_239' title='bbox 1026 1455 1110 1489; x_wconf 84' lang='lat' dir='ltr'>enim</span> <span class='ocrx_word' id='word_1_240' title='bbox 1129 1454 1251 1501; x_wconf 83' lang='lat' dir='ltr'>spiritu</span> <span class='ocrx_word' id='word_1_241' title='bbox 1279 1470 1316 1489; x_wconf 85' lang='lat' dir='ltr'>ex</span> <span class='ocrx_word' id='word_1_242' title='bbox 1339 1456 1418 1498; x_wconf 85' lang='lat' dir='ltr'>fide-</span> 
     </span>
     <span class='ocr_line' id='line_1_27' title="bbox 299 1492 1412 1556; baseline 0.006 -19"><span class='ocrx_word' id='word_1_243' title='bbox 299 1492 367 1525; x_wconf 82' lang='lat' dir='ltr'>Gal.</span> <span class='ocrx_word' id='word_1_244' title='bbox 386 1501 411 1533; x_wconf 78' lang='lat'>5·</span> <span class='ocrx_word' id='word_1_245' title='bbox 434 1503 460 1532; x_wconf 84' lang='lat'>5·</span> <span class='ocrx_word' id='word_1_246' title='bbox 469 1504 561 1550; x_wconf 84' lang='lat' dir='ltr'>spem</span> <span class='ocrx_word' id='word_1_247' title='bbox 578 1503 714 1547; x_wconf 65' lang='lat' dir='ltr'>justine</span> <span class='ocrx_word' id='word_1_248' title='bbox 734 1503 955 1550; x_wconf 71' lang='lat' dir='ltr'>expeflamus.</span> <span class='ocrx_word' id='word_1_249' title='bbox 982 1505 1048 1543; x_wconf 85' lang='lat' dir='ltr'>Ubi</span> <span class='ocrx_word' id='word_1_250' title='bbox 1070 1507 1207 1555; x_wconf 86' lang='lat' dir='ltr'>quidem</span> <span class='ocrx_word' id='word_1_251' title='bbox 1227 1511 1330 1556; x_wconf 86' lang='lat' dir='ltr'>quaeri</span> <span class='ocrx_word' id='word_1_252' title='bbox 1357 1508 1412 1544; x_wconf 83' lang='lat' dir='ltr'>ad-</span> 
     </span>
     <span class='ocr_line' id='line_1_28' title="bbox 475 1551 1414 1607; baseline 0.003 -16"><span class='ocrx_word' id='word_1_253' title='bbox 475 1551 544 1591; x_wconf 86' lang='lat' dir='ltr'>huc</span> <span class='ocrx_word' id='word_1_254' title='bbox 565 1554 693 1603; x_wconf 87' lang='lat' dir='ltr'>potest,</span> <span class='ocrx_word' id='word_1_255' title='bbox 718 1566 831 1592; x_wconf 87' lang='lat' dir='ltr'>utrum</span> <span class='ocrx_word' id='word_1_256' title='bbox 850 1555 939 1603; x_wconf 87' lang='lat' dir='ltr'>spem</span> <span class='ocrx_word' id='word_1_257' title='bbox 958 1556 1240 1601; x_wconf 78' lang='lat' dir='ltr'>iustitiaedixerit,</span> <span class='ocrx_word' id='word_1_258' title='bbox 1267 1572 1332 1607; x_wconf 89' lang='lat' dir='ltr'>qua</span> <span class='ocrx_word' id='word_1_259' title='bbox 1344 1558 1414 1605; x_wconf 74' lang='lat' dir='ltr'>spe-</span> 
     </span>
     <span class='ocr_line' id='line_1_29' title="bbox 474 1605 1412 1658; baseline 0.004 -17"><span class='ocrx_word' id='word_1_260' title='bbox 474 1617 524 1641; x_wconf 85' lang='lat' dir='ltr'>rat</span> <span class='ocrx_word' id='word_1_261' title='bbox 540 1605 684 1651; x_wconf 84' lang='lat' dir='ltr'>justitia,</span> <span class='ocrx_word' id='word_1_262' title='bbox 709 1619 749 1642; x_wconf 82' lang='lat' dir='ltr'>an</span> <span class='ocrx_word' id='word_1_263' title='bbox 771 1619 837 1654; x_wconf 91' lang='lat' dir='ltr'>qua</span> <span class='ocrx_word' id='word_1_264' title='bbox 848 1606 1073 1655; x_wconf 81' lang='lat' dir='ltr'>speraturipsa</span> <span class='ocrx_word' id='word_1_265' title='bbox 1086 1608 1226 1653; x_wconf 84' lang='lat' dir='ltr'>justitia:</span> <span class='ocrx_word' id='word_1_266' title='bbox 1252 1607 1412 1658; x_wconf 85' lang='lat' dir='ltr'>quoniam</span> 
     </span>
     <span class='ocr_line' id='line_1_30' title="bbox 473 1654 1416 1707; baseline 0.006 -15"><span class='ocrx_word' id='word_1_267' title='bbox 473 1654 576 1702; x_wconf 85' lang='lat' dir='ltr'>justus</span> <span class='ocrx_word' id='word_1_268' title='bbox 597 1669 638 1693; x_wconf 85' lang='lat' dir='ltr'>ex</span> <span class='ocrx_word' id='word_1_269' title='bbox 657 1656 723 1692; x_wconf 89' lang='lat' dir='ltr'>fide</span> <span class='ocrx_word' id='word_1_270' title='bbox 746 1660 861 1692; x_wconf 82' lang='lat' dir='ltr'>vivens</span> <span class='ocrx_word' id='word_1_271' title='bbox 881 1656 985 1704; x_wconf 82' lang='lat' dir='ltr'>sperat</span> <span class='ocrx_word' id='word_1_272' title='bbox 1003 1662 1120 1707; x_wconf 86' lang='lat' dir='ltr'>utique</span> <span class='ocrx_word' id='word_1_273' title='bbox 1140 1663 1244 1696; x_wconf 89' lang='lat' dir='ltr'>vitam</span> <span class='ocrx_word' id='word_1_274' title='bbox 1254 1669 1416 1698; x_wconf 69' lang='lat' dir='ltr'>aeternams</span> 
     </span>
     <span class='ocr_line' id='line_1_31' title="bbox 301 1707 1417 1755; baseline 0.002 -11"><span class='ocrx_word' id='word_1_275' title='bbox 301 1723 328 1744; x_wconf 65' lang='grc' dir='ltr'>ι.</span> <span class='ocrx_word' id='word_1_276' title='bbox 344 1713 408 1742; x_wconf 79' lang='lat' dir='ltr'>Cor.</span> <span class='ocrx_word' id='word_1_277' title='bbox 427 1721 457 1748; x_wconf 77' lang='lat'>4·</span> <span class='ocrx_word' id='word_1_278' title='bbox 472 1708 622 1755; x_wconf 84' lang='lat' dir='ltr'>itemque</span> <span class='ocrx_word' id='word_1_279' title='bbox 641 1707 722 1743; x_wconf 90' lang='lat' dir='ltr'>fides</span> <span class='ocrx_word' id='word_1_280' title='bbox 740 1707 882 1743; x_wconf 89' lang='lat' dir='ltr'>esuriens</span> <span class='ocrx_word' id='word_1_281' title='bbox 909 1712 943 1744; x_wconf 89' lang='lat'>&amp;</span> <span class='ocrx_word' id='word_1_282' title='bbox 962 1708 1067 1745; x_wconf 87' lang='lat' dir='ltr'>fitiens</span> <span class='ocrx_word' id='word_1_283' title='bbox 1096 1709 1251 1755; x_wconf 83' lang='lat' dir='ltr'>justitiam</span> <span class='ocrx_word' id='word_1_284' title='bbox 1281 1723 1417 1746; x_wconf 85' lang='lat' dir='ltr'>renova·</span> 
     </span>
     <span class='ocr_line' id='line_1_32' title="bbox 298 1752 1415 1807; baseline 0.003 -15"><span class='ocrx_word' id='word_1_285' title='bbox 298 1752 345 1782; x_wconf 82' lang='lat'>¹⁶·</span> <span class='ocrx_word' id='word_1_286' title='bbox 474 1759 564 1792; x_wconf 87' lang='lat' dir='ltr'>tione</span> <span class='ocrx_word' id='word_1_287' title='bbox 582 1757 624 1793; x_wconf 90' lang='lat' dir='ltr'>de</span> <span class='ocrx_word' id='word_1_288' title='bbox 643 1757 696 1793; x_wconf 91' lang='lat' dir='ltr'>die</span> <span class='ocrx_word' id='word_1_289' title='bbox 716 1761 750 1793; x_wconf 90' lang='lat' dir='ltr'>in</span> <span class='ocrx_word' id='word_1_290' title='bbox 770 1757 860 1793; x_wconf 87' lang='lat' dir='ltr'>diem</span> <span class='ocrx_word' id='word_1_291' title='bbox 883 1760 1051 1794; x_wconf 88' lang='lat' dir='ltr'>interioris</span> <span class='ocrx_word' id='word_1_292' title='bbox 1071 1758 1216 1796; x_wconf 89' lang='lat' dir='ltr'>hominis</span> <span class='ocrx_word' id='word_1_293' title='bbox 1235 1760 1415 1807; x_wconf 88' lang='lat' dir='ltr'>proficitin</span> 
     </span>
     <span class='ocr_line' id='line_1_33' title="bbox 474 1806 1415 1855; baseline 0.004 -13"><span class='ocrx_word' id='word_1_294' title='bbox 474 1819 531 1849; x_wconf 88' lang='lat' dir='ltr'>ea,</span> <span class='ocrx_word' id='word_1_295' title='bbox 557 1809 590 1842; x_wconf 89' lang='lat'>&amp;</span> <span class='ocrx_word' id='word_1_296' title='bbox 612 1806 718 1855; x_wconf 84' lang='lat' dir='ltr'>sperat</span> <span class='ocrx_word' id='word_1_297' title='bbox 741 1810 774 1842; x_wconf 88' lang='lat' dir='ltr'>in</span> <span class='ocrx_word' id='word_1_298' title='bbox 797 1819 833 1842; x_wconf 89' lang='lat' dir='ltr'>ea</span> <span class='ocrx_word' id='word_1_299' title='bbox 852 1806 957 1843; x_wconf 89' lang='lat' dir='ltr'>satiari</span> <span class='ocrx_word' id='word_1_300' title='bbox 979 1812 1011 1844; x_wconf 92' lang='lat' dir='ltr'>in</span> <span class='ocrx_word' id='word_1_301' title='bbox 1033 1812 1100 1846; x_wconf 88' lang='lat' dir='ltr'>vita</span> <span class='ocrx_word' id='word_1_302' title='bbox 1118 1821 1261 1853; x_wconf 85' lang='lat' dir='ltr'>aeterna,</span> <span class='ocrx_word' id='word_1_303' title='bbox 1287 1810 1343 1846; x_wconf 91' lang='lat' dir='ltr'>ubi</span> <span class='ocrx_word' id='word_1_304' title='bbox 1357 1811 1415 1846; x_wconf 90' lang='lat' dir='ltr'>fiet</span> 
     </span>
     <span class='ocr_line' id='line_1_34' title="bbox 472 1856 1415 1910; baseline 0.005 -18"><span class='ocrx_word' id='word_1_305' title='bbox 472 1858 509 1893; x_wconf 91' lang='lat' dir='ltr'>id</span> <span class='ocrx_word' id='word_1_306' title='bbox 531 1857 624 1910; x_wconf 86' lang='lat' dir='ltr'>quod</span> <span class='ocrx_word' id='word_1_307' title='bbox 643 1860 676 1892; x_wconf 90' lang='lat' dir='ltr'>in</span> <span class='ocrx_word' id='word_1_308' title='bbox 709 1856 842 1893; x_wconf 85' lang='lat' dir='ltr'>Psalmo</span> <span class='ocrx_word' id='word_1_309' title='bbox 870 1857 911 1894; x_wconf 91' lang='lat' dir='ltr'>de</span> <span class='ocrx_word' id='word_1_310' title='bbox 942 1861 1022 1895; x_wconf 85' lang='lat' dir='ltr'>Deo</span> <span class='ocrx_word' id='word_1_311' title='bbox 1051 1860 1195 1898; x_wconf 78' lang='lat' dir='ltr'>dicitur3</span> <span class='ocrx_word' id='word_1_312' title='bbox 1221 1859 1287 1905; x_wconf 71' lang='lat' dir='ltr'>Qui</span> <span class='ocrx_word' id='word_1_313' title='bbox 1307 1860 1415 1905; x_wconf 79' lang='lat' dir='ltr'>satiat</span> 
     </span>
     <span class='ocr_line' id='line_1_35' title="bbox 292 1904 1415 1959; baseline 0 -20"><span class='ocrx_word' id='word_1_314' title='bbox 292 1910 339 1949; x_wconf 81' lang='lat' dir='ltr'>Ps.</span> <span class='ocrx_word' id='word_1_315' title='bbox 361 1916 455 1944; x_wconf 60' lang='lat'>1025.</span> <span class='ocrx_word' id='word_1_316' title='bbox 473 1905 507 1939; x_wconf 84' lang='lat' dir='ltr'>in</span> <span class='ocrx_word' id='word_1_317' title='bbox 528 1906 622 1940; x_wconf 81' lang='lat' dir='ltr'>bonis</span> <span class='ocrx_word' id='word_1_318' title='bbox 644 1904 838 1947; x_wconf 83' lang='lat' dir='ltr'>desiderium</span> <span class='ocrx_word' id='word_1_319' title='bbox 858 1916 965 1942; x_wconf 79' lang='lat' dir='ltr'>tuum.</span> <span class='ocrx_word' id='word_1_320' title='bbox 994 1910 1078 1946; x_wconf 82' lang='lat' dir='ltr'>Haec</span> <span class='ocrx_word' id='word_1_321' title='bbox 1097 1910 1142 1945; x_wconf 89' lang='lat' dir='ltr'>est</span> <span class='ocrx_word' id='word_1_322' title='bbox 1162 1910 1243 1946; x_wconf 86' lang='lat' dir='ltr'>fides</span> <span class='ocrx_word' id='word_1_323' title='bbox 1262 1923 1327 1959; x_wconf 75' lang='lat' dir='ltr'>qua</span> <span class='ocrx_word' id='word_1_324' title='bbox 1357 1910 1415 1947; x_wconf 72' lang='lat' dir='ltr'>sal.</span> 
     </span>
     <span class='ocr_line' id='line_1_36' title="bbox 294 1949 1415 2005; baseline 0.004 -16"><span class='ocrx_word' id='word_1_325' title='bbox 294 1949 453 1990; x_wconf 43' lang='lat' dir='ltr'>&amp;bela-3·</span> <span class='ocrx_word' id='word_1_326' title='bbox 472 1960 506 1992; x_wconf 93' lang='lat' dir='ltr'>vi</span> <span class='ocrx_word' id='word_1_327' title='bbox 525 1956 612 1992; x_wconf 85' lang='lat' dir='ltr'>fiunt</span> <span class='ocrx_word' id='word_1_328' title='bbox 632 1957 674 1992; x_wconf 86' lang='lat' dir='ltr'>de</span> <span class='ocrx_word' id='word_1_329' title='bbox 695 1956 815 2004; x_wconf 87' lang='lat' dir='ltr'>quibus</span> <span class='ocrx_word' id='word_1_330' title='bbox 835 1957 977 1993; x_wconf 85' lang='lat' dir='ltr'>dicitur.</span> <span class='ocrx_word' id='word_1_331' title='bbox 1005 1959 1127 1992; x_wconf 81' lang='lat' dir='ltr'>Gratia</span> <span class='ocrx_word' id='word_1_332' title='bbox 1143 1959 1415 2005; x_wconf 66' lang='lat' dir='ltr'>salvisaffliestis</span> 
     </span>
     <span class='ocr_line' id='line_1_37' title="bbox 472 2005 1415 2054; baseline 0.005 -16"><span class='ocrx_word' id='word_1_333' title='bbox 472 2016 528 2053; x_wconf 78' lang='lat' dir='ltr'>per</span> <span class='ocrx_word' id='word_1_334' title='bbox 544 2005 670 2050; x_wconf 85' lang='lat' dir='ltr'>fidem;</span> <span class='ocrx_word' id='word_1_335' title='bbox 699 2007 742 2039; x_wconf 63' lang='grc' dir='ltr'>(Ὺ</span> <span class='ocrx_word' id='word_1_336' title='bbox 761 2006 818 2039; x_wconf 80' lang='lat' dir='ltr'>hoc</span> <span class='ocrx_word' id='word_1_337' title='bbox 836 2019 896 2040; x_wconf 85' lang='lat' dir='ltr'>non</span> <span class='ocrx_word' id='word_1_338' title='bbox 917 2019 955 2039; x_wconf 84' lang='lat' dir='ltr'>ex</span> <span class='ocrx_word' id='word_1_339' title='bbox 976 2007 1091 2049; x_wconf 81' lang='lat' dir='ltr'>vobis,</span> <span class='ocrx_word' id='word_1_340' title='bbox 1114 2009 1175 2054; x_wconf 85' lang='lat' dir='ltr'>sed</span> <span class='ocrx_word' id='word_1_341' title='bbox 1203 2008 1272 2043; x_wconf 79' lang='lat' dir='ltr'>Dei</span> <span class='ocrx_word' id='word_1_342' title='bbox 1299 2010 1415 2045; x_wconf 65' lang='lat' dir='ltr'>domim</span> 
     </span>
     <span class='ocr_line' id='line_1_38' title="bbox 474 2054 1414 2108; baseline 0.007 -20"><span class='ocrx_word' id='word_1_343' title='bbox 474 2054 541 2098; x_wconf 70' lang='lat' dir='ltr'>esl5</span> <span class='ocrx_word' id='word_1_344' title='bbox 567 2068 627 2089; x_wconf 85' lang='lat' dir='ltr'>non</span> <span class='ocrx_word' id='word_1_345' title='bbox 646 2068 685 2089; x_wconf 88' lang='lat' dir='ltr'>ex</span> <span class='ocrx_word' id='word_1_346' title='bbox 708 2056 882 2102; x_wconf 82' lang='lat' dir='ltr'>operibus,</span> <span class='ocrx_word' id='word_1_347' title='bbox 909 2069 947 2090; x_wconf 87' lang='lat' dir='ltr'>ne</span> <span class='ocrx_word' id='word_1_348' title='bbox 963 2058 1050 2102; x_wconf 79' lang='lat' dir='ltr'>forte</span> <span class='ocrx_word' id='word_1_349' title='bbox 1061 2059 1135 2105; x_wconf 81' lang='lat' dir='ltr'>quis</span> <span class='ocrx_word' id='word_1_350' title='bbox 1145 2060 1341 2095; x_wconf 71' lang='lat' dir='ltr'>extollatur.</span> <span class='ocrx_word' id='word_1_351' title='bbox 1361 2063 1414 2108; x_wconf 80' lang='lat' dir='ltr'>Ip-</span> 
     </span>
     <span class='ocr_line' id='line_1_39' title="bbox 466 2104 1413 2157; baseline 0.007 -19"><span class='ocrx_word' id='word_1_352' title='bbox 466 2104 535 2146; x_wconf 81' lang='lat' dir='ltr'>sius</span> <span class='ocrx_word' id='word_1_353' title='bbox 556 2106 638 2139; x_wconf 84' lang='lat' dir='ltr'>enim</span> <span class='ocrx_word' id='word_1_354' title='bbox 653 2105 760 2151; x_wconf 79' lang='lat' dir='ltr'>sumus</span> <span class='ocrx_word' id='word_1_355' title='bbox 783 2106 975 2153; x_wconf 82' lang='lat' dir='ltr'>figmentum</span> <span class='ocrx_word' id='word_1_356' title='bbox 996 2110 1098 2142; x_wconf 81' lang='lat' dir='ltr'>creati</span> <span class='ocrx_word' id='word_1_357' title='bbox 1127 2109 1159 2143; x_wconf 82' lang='lat' dir='ltr'>in</span> <span class='ocrx_word' id='word_1_358' title='bbox 1188 2110 1316 2153; x_wconf 84' lang='lat' dir='ltr'>Christo</span> <span class='ocrx_word' id='word_1_359' title='bbox 1336 2111 1413 2157; x_wconf 83' lang='lat' dir='ltr'>Jesu</span> 
     </span>
     <span class='ocr_line' id='line_1_40' title="bbox 471 2155 1416 2203; baseline 0.005 -14"><span class='ocrx_word' id='word_1_360' title='bbox 471 2155 507 2189; x_wconf 82' lang='lat' dir='ltr'>in</span> <span class='ocrx_word' id='word_1_361' title='bbox 528 2155 679 2203; x_wconf 75' lang='lat' dir='ltr'>operibus</span> <span class='ocrx_word' id='word_1_362' title='bbox 700 2155 813 2199; x_wconf 85' lang='lat' dir='ltr'>bonis,</span> <span class='ocrx_word' id='word_1_363' title='bbox 839 2169 908 2202; x_wconf 79' lang='lat' dir='ltr'>quae</span> <span class='ocrx_word' id='word_1_364' title='bbox 929 2160 1136 2203; x_wconf 76' lang='lat' dir='ltr'>praeparavit</span> <span class='ocrx_word' id='word_1_365' title='bbox 1157 2162 1250 2194; x_wconf 88' lang='lat' dir='ltr'>Deus</span> <span class='ocrx_word' id='word_1_366' title='bbox 1269 2172 1305 2194; x_wconf 80' lang='lat' dir='ltr'>ut</span> <span class='ocrx_word' id='word_1_367' title='bbox 1323 2161 1358 2194; x_wconf 90' lang='lat' dir='ltr'>in</span> <span class='ocrx_word' id='word_1_368' title='bbox 1377 2161 1416 2194; x_wconf 71' lang='lat' dir='ltr'>il.</span> 
     </span>
     <span class='ocr_line' id='line_1_41' title="bbox 294 2205 1414 2254; baseline 0.004 -16"><span class='ocrx_word' id='word_1_369' title='bbox 294 2205 391 2253; x_wconf 51' lang='lat' dir='ltr'>lfides</span> <span class='ocrx_word' id='word_1_370' title='bbox 407 2214 456 2244; x_wconf 79' lang='lat' dir='ltr'>per</span> <span class='ocrx_word' id='word_1_371' title='bbox 473 2205 513 2238; x_wconf 80' lang='lat' dir='ltr'>lis</span> <span class='ocrx_word' id='word_1_372' title='bbox 531 2207 731 2240; x_wconf 80' lang='lat' dir='ltr'>ambulemus</span> <span class='ocrx_word' id='word_1_373' title='bbox 743 2235 751 2242; x_wconf 93' lang='lat'>.</span> <span class='ocrx_word' id='word_1_374' title='bbox 778 2207 951 2243; x_wconf 81' lang='lat' dir='ltr'>Postremo</span> <span class='ocrx_word' id='word_1_375' title='bbox 970 2206 1044 2242; x_wconf 77' lang='lat' dir='ltr'>haec</span> <span class='ocrx_word' id='word_1_376' title='bbox 1065 2209 1111 2242; x_wconf 83' lang='lat' dir='ltr'>est</span> <span class='ocrx_word' id='word_1_377' title='bbox 1130 2210 1211 2243; x_wconf 83' lang='lat' dir='ltr'>fides</span> <span class='ocrx_word' id='word_1_378' title='bbox 1223 2233 1235 2249; x_wconf 93' lang='lat'>,</span> <span class='ocrx_word' id='word_1_379' title='bbox 1261 2222 1334 2254; x_wconf 85' lang='lat' dir='ltr'>quae</span> <span class='ocrx_word' id='word_1_380' title='bbox 1355 2222 1414 2253; x_wconf 83' lang='lat' dir='ltr'>per</span> 
     </span>
     <span class='ocr_line' id='line_1_42' title="bbox 291 2245 1415 2301; baseline -0.002 -10"><span class='ocrx_word' id='word_1_381' title='bbox 291 2245 427 2276; x_wconf 52' lang='lat' dir='ltr'>‘ustam‘</span> <span class='ocrx_word' id='word_1_382' title='bbox 474 2256 688 2292; x_wconf 71' lang='lat' dir='ltr'>dilectionem</span> <span class='ocrx_word' id='word_1_383' title='bbox 710 2266 890 2301; x_wconf 87' lang='lat' dir='ltr'>operatur,</span> <span class='ocrx_word' id='word_1_384' title='bbox 917 2266 986 2288; x_wconf 85' lang='lat' dir='ltr'>non</span> <span class='ocrx_word' id='word_1_385' title='bbox 999 2259 1244 2300; x_wconf 67' lang='lat' dir='ltr'>pei-timoremi</span> <span class='ocrx_word' id='word_1_386' title='bbox 1270 2268 1335 2289; x_wconf 83' lang='lat' dir='ltr'>non</span> <span class='ocrx_word' id='word_1_387' title='bbox 1349 2256 1415 2289; x_wconf 80' lang='lat' dir='ltr'>for-</span> 
     </span>
     <span class='ocr_line' id='line_1_43' title="bbox 292 2295 1415 2356; baseline -0.001 -16"><span class='ocrx_word' id='word_1_388' title='bbox 292 2295 455 2356; x_wconf 55' lang='lat' dir='ltr'>¹¹{¹„n}531‘’0n</span> <span class='ocrx_word' id='word_1_389' title='bbox 474 2306 635 2341; x_wconf 89' lang='lat' dir='ltr'>midando</span> <span class='ocrx_word' id='word_1_390' title='bbox 665 2316 821 2350; x_wconf 83' lang='lat' dir='ltr'>poenam,</span> <span class='ocrx_word' id='word_1_391' title='bbox 846 2302 899 2337; x_wconf 84' lang='lat' dir='ltr'>scd</span> <span class='ocrx_word' id='word_1_392' title='bbox 931 2304 1073 2339; x_wconf 87' lang='lat' dir='ltr'>amando</span> <span class='ocrx_word' id='word_1_393' title='bbox 1105 2303 1279 2349; x_wconf 88' lang='lat' dir='ltr'>justitiam.</span> <span class='ocrx_word' id='word_1_394' title='bbox 1316 2305 1415 2341; x_wconf 84' lang='lat' dir='ltr'>Unde</span> 
     </span>
     <span class='ocr_line' id='line_1_44' title="bbox 292 2338 1414 2405; baseline -0.002 -15"><span class='ocrx_word' id='word_1_395' title='bbox 292 2338 354 2399; x_wconf 52' lang='lat' dir='ltr'>fem</span> <span class='ocrx_word' id='word_1_396' title='bbox 369 2375 438 2405; x_wconf 70' lang='lat' dir='ltr'>ope-</span> <span class='ocrx_word' id='word_1_397' title='bbox 474 2367 555 2402; x_wconf 88' lang='lat' dir='ltr'>ergo</span> <span class='ocrx_word' id='word_1_398' title='bbox 575 2354 631 2390; x_wconf 88' lang='lat' dir='ltr'>ista</span> <span class='ocrx_word' id='word_1_399' title='bbox 649 2354 809 2395; x_wconf 72' lang='lat' dir='ltr'>dileetio,</span> <span class='ocrx_word' id='word_1_400' title='bbox 834 2353 866 2388; x_wconf 89' lang='lat' dir='ltr'>id</span> <span class='ocrx_word' id='word_1_401' title='bbox 888 2352 953 2393; x_wconf 89' lang='lat' dir='ltr'>est,</span> <span class='ocrx_word' id='word_1_402' title='bbox 981 2352 1123 2395; x_wconf 82' lang='lat' dir='ltr'>charitas</span> <span class='ocrx_word' id='word_1_403' title='bbox 1145 2367 1203 2402; x_wconf 86' lang='lat' dir='ltr'>per</span> <span class='ocrx_word' id='word_1_404' title='bbox 1220 2357 1321 2401; x_wconf 81' lang='lat' dir='ltr'>&#39;quam</span> <span class='ocrx_word' id='word_1_405' title='bbox 1333 2354 1414 2390; x_wconf 84' lang='lat' dir='ltr'>fides</span> 
     </span>
     <span class='ocr_line' id='line_1_45' title="bbox 294 2401 1415 2451; baseline 0.001 -13"><span class='ocrx_word' id='word_1_406' title='bbox 294 2415 390 2436; x_wconf 80' lang='lat' dir='ltr'>ratur·</span> <span class='ocrx_word' id='word_1_407' title='bbox 473 2415 652 2451; x_wconf 84' lang='lat' dir='ltr'>operatur,</span> <span class='ocrx_word' id='word_1_408' title='bbox 678 2403 736 2437; x_wconf 80' lang='lat' dir='ltr'>nifi</span> <span class='ocrx_word' id='word_1_409' title='bbox 756 2402 845 2437; x_wconf 83' lang='lat' dir='ltr'>unde</span> <span class='ocrx_word' id='word_1_410' title='bbox 871 2401 959 2436; x_wconf 83' lang='lat' dir='ltr'>illam</span> <span class='ocrx_word' id='word_1_411' title='bbox 977 2401 1058 2437; x_wconf 89' lang='lat' dir='ltr'>fides</span> <span class='ocrx_word' id='word_1_412' title='bbox 1086 2403 1152 2449; x_wconf 75' lang='lat' dir='ltr'>ipsa</span> <span class='ocrx_word' id='word_1_413' title='bbox 1182 2407 1377 2450; x_wconf 87' lang='lat' dir='ltr'>impetravit</span> <span class='ocrx_word' id='word_1_414' title='bbox 1402 2406 1415 2439; x_wconf 67' lang='grc' dir='ltr'><em>ἓ</em></span> 
     </span>
     <span class='ocr_line' id='line_1_46' title="bbox 295 2447 1414 2501; baseline 0.013 -27"><span class='ocrx_word' id='word_1_415' title='bbox 295 2447 364 2477; x_wconf 84' lang='lat' dir='ltr'>Gal.</span> <span class='ocrx_word' id='word_1_416' title='bbox 381 2453 406 2480; x_wconf 82' lang='lat'>5·</span> <span class='ocrx_word' id='word_1_417' title='bbox 427 2447 457 2477; x_wconf 87' lang='lat'>⁶·</span> <span class='ocrx_word' id='word_1_418' title='bbox 473 2457 596 2501; x_wconf 87' lang='lat' dir='ltr'>Neque</span> <span class='ocrx_word' id='word_1_419' title='bbox 616 2455 707 2488; x_wconf 87' lang='lat' dir='ltr'>enim</span> <span class='ocrx_word' id='word_1_420' title='bbox 729 2449 804 2487; x_wconf 88' lang='lat' dir='ltr'>esset</span> <span class='ocrx_word' id='word_1_421' title='bbox 823 2453 856 2485; x_wconf 86' lang='lat' dir='ltr'>in</span> <span class='ocrx_word' id='word_1_422' title='bbox 878 2449 994 2492; x_wconf 88' lang='lat' dir='ltr'>nobis,</span> <span class='ocrx_word' id='word_1_423' title='bbox 1021 2463 1290 2499; x_wconf 88' lang='lat' dir='ltr'>quantacumque</span> <span class='ocrx_word' id='word_1_424' title='bbox 1320 2453 1359 2489; x_wconf 87' lang='lat' dir='ltr'>fit</span> <span class='ocrx_word' id='word_1_425' title='bbox 1380 2455 1414 2488; x_wconf 86' lang='lat' dir='ltr'>in</span> 
     </span>
     <span class='ocr_line' id='line_1_47' title="bbox 300 2488 1414 2549; baseline -0.002 -9"><span class='ocrx_word' id='word_1_426' title='bbox 300 2488 459 2521; x_wconf 74' lang='lat' dir='ltr'>R⁰m·⁵&#39;⁵&#39;</span> <span class='ocrx_word' id='word_1_427' title='bbox 473 2502 593 2545; x_wconf 82' lang='lat' dir='ltr'>nobis,</span> <span class='ocrx_word' id='word_1_428' title='bbox 619 2502 676 2539; x_wconf 85' lang='lat' dir='ltr'>nifi</span> <span class='ocrx_word' id='word_1_429' title='bbox 696 2500 940 2538; x_wconf 85' lang='lat' dir='ltr'>diffunderetur</span> <span class='ocrx_word' id='word_1_430' title='bbox 960 2503 991 2535; x_wconf 91' lang='lat' dir='ltr'>in</span> <span class='ocrx_word' id='word_1_431' title='bbox 1021 2500 1179 2538; x_wconf 85' lang='lat' dir='ltr'>cordibus</span> <span class='ocrx_word' id='word_1_432' title='bbox 1207 2501 1327 2538; x_wconf 84' lang='lat' dir='ltr'>nostris</span> <span class='ocrx_word' id='word_1_433' title='bbox 1356 2515 1414 2549; x_wconf 89' lang='lat' dir='ltr'>per</span> 
     </span>
     <span class='ocr_line' id='line_1_48' title="bbox 301 2550 1413 2604; baseline -0.007 -8"><span class='ocrx_word' id='word_1_434' title='bbox 301 2552 796 2604; x_wconf 62' lang='lat' dir='ltr'>Ram.3.21.Spiritum›ian&amp;um</span> <span class='ocrx_word' id='word_1_435' title='bbox 851 2554 884 2586; x_wconf 91' lang='lat' dir='ltr'>ui</span> <span class='ocrx_word' id='word_1_436' title='bbox 915 2550 1010 2587; x_wconf 88' lang='lat' dir='ltr'>datus</span> <span class='ocrx_word' id='word_1_437' title='bbox 1037 2551 1085 2594; x_wconf 87' lang='lat' dir='ltr'>est</span> <span class='ocrx_word' id='word_1_438' title='bbox 1114 2551 1230 2588; x_wconf 90' lang='lat' dir='ltr'>nobis.</span> <span class='ocrx_word' id='word_1_439' title='bbox 1257 2551 1413 2589; x_wconf 86' lang='lat' dir='ltr'>Charitas</span> 
     </span>
     <span class='ocr_line' id='line_1_49' title="bbox 300 2600 1411 2653; baseline -0.001 -14"><span class='ocrx_word' id='word_1_440' title='bbox 300 2606 457 2643; x_wconf 75' lang='lat' dir='ltr'>Plael.3-9·</span> <span class='ocrx_word' id='word_1_441' title='bbox 473 2604 600 2653; x_wconf 88' lang='lat' dir='ltr'>quippe</span> <span class='ocrx_word' id='word_1_442' title='bbox 618 2606 683 2640; x_wconf 91' lang='lat' dir='ltr'>Dei</span> <span class='ocrx_word' id='word_1_443' title='bbox 704 2603 791 2638; x_wconf 63' lang='lat' dir='ltr'>dieta</span> <span class='ocrx_word' id='word_1_444' title='bbox 810 2614 828 2637; x_wconf 91' lang='lat' dir='ltr'>e</span> <span class='ocrx_word' id='word_1_445' title='bbox 877 2600 1018 2637; x_wconf 84' lang='lat' dir='ltr'>diffundi</span> <span class='ocrx_word' id='word_1_446' title='bbox 1040 2606 1072 2637; x_wconf 92' lang='lat' dir='ltr'>in</span> <span class='ocrx_word' id='word_1_447' title='bbox 1093 2602 1252 2639; x_wconf 86' lang='lat' dir='ltr'>cordibus</span> <span class='ocrx_word' id='word_1_448' title='bbox 1270 2603 1411 2645; x_wconf 88' lang='lat' dir='ltr'>nostris,</span> 
     </span>
     <span class='ocr_line' id='line_1_50' title="bbox 303 2646 1412 2703; baseline -0.003 -12"><span class='ocrx_word' id='word_1_449' title='bbox 303 2646 458 2678; x_wconf 63' lang='lat' dir='ltr'><em>Gal·²·¹⁶0</em></span> <span class='ocrx_word' id='word_1_450' title='bbox 473 2668 542 2692; x_wconf 89' lang='lat' dir='ltr'>non</span> <span class='ocrx_word' id='word_1_451' title='bbox 560 2668 624 2703; x_wconf 88' lang='lat' dir='ltr'>qua</span> <span class='ocrx_word' id='word_1_452' title='bbox 644 2666 703 2689; x_wconf 90' lang='lat' dir='ltr'>nos</span> <span class='ocrx_word' id='word_1_453' title='bbox 723 2652 791 2700; x_wconf 88' lang='lat' dir='ltr'>ipse</span> <span class='ocrx_word' id='word_1_454' title='bbox 811 2651 943 2698; x_wconf 82' lang='lat' dir='ltr'>diligit,</span> <span class='ocrx_word' id='word_1_455' title='bbox 969 2651 1023 2687; x_wconf 91' lang='lat' dir='ltr'>sed</span> <span class='ocrx_word' id='word_1_456' title='bbox 1051 2664 1116 2700; x_wconf 85' lang='lat' dir='ltr'>qua</span> <span class='ocrx_word' id='word_1_457' title='bbox 1139 2665 1198 2688; x_wconf 91' lang='lat' dir='ltr'>nos</span> <span class='ocrx_word' id='word_1_458' title='bbox 1227 2653 1303 2689; x_wconf 68' lang='lat' dir='ltr'>ficit</span> <span class='ocrx_word' id='word_1_459' title='bbox 1333 2653 1412 2688; x_wconf 88' lang='lat' dir='ltr'>dile-</span> 
     </span>
     <span class='ocr_line' id='line_1_51' title="bbox 472 2701 1413 2751; baseline -0.002 -10"><span class='ocrx_word' id='word_1_460' title='bbox 472 2705 616 2742; x_wconf 66' lang='lat' dir='ltr'>lectores</span> <span class='ocrx_word' id='word_1_461' title='bbox 645 2704 738 2740; x_wconf 86' lang='lat' dir='ltr'>suos:</span> <span class='ocrx_word' id='word_1_462' title='bbox 773 2702 854 2738; x_wconf 85' lang='lat' dir='ltr'>ficut</span> <span class='ocrx_word' id='word_1_463' title='bbox 884 2701 1004 2746; x_wconf 88' lang='lat' dir='ltr'>justitia</span> <span class='ocrx_word' id='word_1_464' title='bbox 1033 2705 1121 2746; x_wconf 89' lang='lat' dir='ltr'>Dei,</span> <span class='ocrx_word' id='word_1_465' title='bbox 1147 2715 1212 2751; x_wconf 87' lang='lat' dir='ltr'>qua</span> <span class='ocrx_word' id='word_1_466' title='bbox 1240 2702 1312 2746; x_wconf 85' lang='lat' dir='ltr'>justi</span> <span class='ocrx_word' id='word_1_467' title='bbox 1344 2705 1413 2747; x_wconf 85' lang='lat' dir='ltr'>ejus</span> 
     </span>
     <span class='ocr_line' id='line_1_52' title="bbox 475 2752 1415 2801; baseline -0.004 -9"><span class='ocrx_word' id='word_1_468' title='bbox 475 2768 613 2792; x_wconf 88' lang='lat' dir='ltr'>munere</span> <span class='ocrx_word' id='word_1_469' title='bbox 633 2753 820 2795; x_wconf 83' lang='lat' dir='ltr'>efficimur,</span> <span class='ocrx_word' id='word_1_470' title='bbox 845 2757 878 2788; x_wconf 67' lang='grc' dir='ltr'>ὅ(</span> <span class='ocrx_word' id='word_1_471' title='bbox 899 2755 1040 2789; x_wconf 90' lang='lat' dir='ltr'>Domini</span> <span class='ocrx_word' id='word_1_472' title='bbox 1062 2752 1164 2796; x_wconf 72' lang='lat' dir='ltr'>filus,</span> <span class='ocrx_word' id='word_1_473' title='bbox 1191 2765 1256 2801; x_wconf 89' lang='lat' dir='ltr'>qua</span> <span class='ocrx_word' id='word_1_474' title='bbox 1277 2766 1337 2789; x_wconf 89' lang='lat' dir='ltr'>nos</span> <span class='ocrx_word' id='word_1_475' title='bbox 1358 2753 1415 2788; x_wconf 73' lang='lat' dir='ltr'>ial-</span> 
     </span>
     <span class='ocr_line' id='line_1_53' title="bbox 476 2801 1413 2851; baseline -0.001 -10"><span class='ocrx_word' id='word_1_476' title='bbox 476 2818 537 2841; x_wconf 90' lang='lat' dir='ltr'>vos</span> <span class='ocrx_word' id='word_1_477' title='bbox 554 2804 650 2847; x_wconf 81' lang='lat' dir='ltr'>facit,</span> <span class='ocrx_word' id='word_1_478' title='bbox 675 2807 708 2839; x_wconf 73' lang='grc' dir='ltr'>δι</span> <span class='ocrx_word' id='word_1_479' title='bbox 728 2803 810 2839; x_wconf 84' lang='lat' dir='ltr'>fides</span> <span class='ocrx_word' id='word_1_480' title='bbox 836 2801 907 2844; x_wconf 72' lang='lat' dir='ltr'>Iesu</span> <span class='ocrx_word' id='word_1_481' title='bbox 927 2801 1084 2844; x_wconf 91' lang='lat' dir='ltr'>Christi,</span> <span class='ocrx_word' id='word_1_482' title='bbox 1121 2816 1185 2851; x_wconf 86' lang='lat' dir='ltr'>qua</span> <span class='ocrx_word' id='word_1_483' title='bbox 1212 2815 1272 2838; x_wconf 89' lang='lat' dir='ltr'>nos</span> <span class='ocrx_word' id='word_1_484' title='bbox 1300 2803 1413 2840; x_wconf 84' lang='lat' dir='ltr'>fideles</span> 
     </span>
     <span class='ocr_line' id='line_1_54' title="bbox 477 2851 1413 2901; baseline -0.003 -10"><span class='ocrx_word' id='word_1_485' title='bbox 477 2855 573 2891; x_wconf 82' lang='lat' dir='ltr'>facit.</span> <span class='ocrx_word' id='word_1_486' title='bbox 599 2857 681 2891; x_wconf 85' lang='lat' dir='ltr'>Haec</span> <span class='ocrx_word' id='word_1_487' title='bbox 702 2851 747 2889; x_wconf 90' lang='lat' dir='ltr'>est</span> <span class='ocrx_word' id='word_1_488' title='bbox 765 2852 883 2898; x_wconf 83' lang='lat' dir='ltr'>justitia</span> <span class='ocrx_word' id='word_1_489' title='bbox 905 2855 994 2895; x_wconf 89' lang='lat' dir='ltr'>Dei,</span> <span class='ocrx_word' id='word_1_490' title='bbox 1018 2865 1118 2901; x_wconf 87' lang='lat' dir='ltr'>quam</span> <span class='ocrx_word' id='word_1_491' title='bbox 1138 2866 1206 2889; x_wconf 87' lang='lat' dir='ltr'>non</span> <span class='ocrx_word' id='word_1_492' title='bbox 1228 2853 1334 2889; x_wconf 86' lang='lat' dir='ltr'>solum</span> <span class='ocrx_word' id='word_1_493' title='bbox 1354 2853 1413 2888; x_wconf 91' lang='lat' dir='ltr'>do-</span> 
     </span>
     <span class='ocr_line' id='line_1_55' title="bbox 477 2903 1413 2953; baseline -0.001 -12"><span class='ocrx_word' id='word_1_494' title='bbox 477 2915 531 2941; x_wconf 91' lang='lat' dir='ltr'>cet</span> <span class='ocrx_word' id='word_1_495' title='bbox 550 2917 608 2953; x_wconf 87' lang='lat' dir='ltr'>per</span> <span class='ocrx_word' id='word_1_496' title='bbox 637 2904 715 2950; x_wconf 85' lang='lat' dir='ltr'>legis</span> <span class='ocrx_word' id='word_1_497' title='bbox 743 2913 969 2950; x_wconf 86' lang='lat' dir='ltr'>praeceptum,</span> <span class='ocrx_word' id='word_1_498' title='bbox 994 2915 1111 2940; x_wconf 88' lang='lat' dir='ltr'>verum</span> <span class='ocrx_word' id='word_1_499' title='bbox 1139 2908 1238 2940; x_wconf 88' lang='lat' dir='ltr'>etiam</span> <span class='ocrx_word' id='word_1_500' title='bbox 1269 2903 1324 2940; x_wconf 89' lang='lat' dir='ltr'>dat</span> <span class='ocrx_word' id='word_1_501' title='bbox 1353 2916 1413 2953; x_wconf 85' lang='lat' dir='ltr'>per</span> 
     </span>
    </p>

    <p class='ocr_par' dir='ltr' id='par_1_8' title="bbox 304 2954 1414 3847">
     <span class='ocr_line' id='line_1_56' title="bbox 478 2954 777 3003; baseline -0.003 -13"><span class='ocrx_word' id='word_1_502' title='bbox 478 2954 611 3003; x_wconf 85' lang='lat' dir='ltr'>spiritus</span> <span class='ocrx_word' id='word_1_503' title='bbox 628 2955 756 2991; x_wconf 91' lang='lat' dir='ltr'>donum</span> <span class='ocrx_word' id='word_1_504' title='bbox 768 2980 777 2989; x_wconf 95' lang='lat'>.</span> 
     </span>
     <span class='ocr_line' id='line_1_57' title="bbox 306 3002 1413 3054; baseline -0.001 -11"><span class='ocrx_word' id='word_1_505' title='bbox 306 3013 333 3043; x_wconf 87' lang='lat' dir='ltr'>C</span> <span class='ocrx_word' id='word_1_506' title='bbox 344 3023 386 3043; x_wconf 63' lang='lat' dir='ltr'>ai&gt;</span> <span class='ocrx_word' id='word_1_507' title='bbox 397 3022 445 3043; x_wconf 80' lang='grc' dir='ltr'>υτ</span> <span class='ocrx_word' id='word_1_508' title='bbox 532 3008 622 3041; x_wconf 85' lang='lat' dir='ltr'>SED</span> <span class='ocrx_word' id='word_1_509' title='bbox 646 3003 847 3052; x_wconf 88' lang='lat' dir='ltr'>consequens</span> <span class='ocrx_word' id='word_1_510' title='bbox 864 3003 911 3040; x_wconf 85' lang='lat' dir='ltr'>est</span> <span class='ocrx_word' id='word_1_511' title='bbox 922 3002 1091 3051; x_wconf 89' lang='lat' dir='ltr'>paululum</span> <span class='ocrx_word' id='word_1_512' title='bbox 1103 3018 1250 3054; x_wconf 79' lang='lat' dir='ltr'>quaerere</span> <span class='ocrx_word' id='word_1_513' title='bbox 1261 3033 1273 3050; x_wconf 89' lang='lat'>‚</span> <span class='ocrx_word' id='word_1_514' title='bbox 1299 3016 1413 3043; x_wconf 88' lang='lat' dir='ltr'>utrum</span> 
     </span>
     <span class='ocr_line' id='line_1_58' title="bbox 306 3053 1414 3103; baseline 0.002 -13"><span class='ocrx_word' id='word_1_515' title='bbox 306 3053 454 3083; x_wconf 84' lang='lat' dir='ltr'>XXXIII.</span> <span class='ocrx_word' id='word_1_516' title='bbox 482 3054 636 3092; x_wconf 85' lang='lat' dir='ltr'>voluntas</span> <span class='ocrx_word' id='word_1_517' title='bbox 661 3054 715 3091; x_wconf 88' lang='lat' dir='ltr'>illa</span> <span class='ocrx_word' id='word_1_518' title='bbox 741 3067 805 3102; x_wconf 87' lang='lat' dir='ltr'>qua</span> <span class='ocrx_word' id='word_1_519' title='bbox 829 3055 1015 3096; x_wconf 88' lang='lat' dir='ltr'>credimus,</span> <span class='ocrx_word' id='word_1_520' title='bbox 1049 3059 1148 3092; x_wconf 86' lang='lat' dir='ltr'>etiam</span> <span class='ocrx_word' id='word_1_521' title='bbox 1175 3056 1240 3103; x_wconf 87' lang='lat' dir='ltr'>ipsa</span> <span class='ocrx_word' id='word_1_522' title='bbox 1264 3060 1329 3093; x_wconf 86' lang='lat' dir='ltr'>Dei</span> <span class='ocrx_word' id='word_1_523' title='bbox 1355 3057 1414 3092; x_wconf 82' lang='lat' dir='ltr'>do—</span> 
     </span>
     <span class='ocr_line' id='line_1_59' title="bbox 304 3093 1414 3164; baseline 0 -22"><span class='ocrx_word' id='word_1_524' title='bbox 304 3093 451 3164; x_wconf 47' lang='lat' dir='ltr'>Vogunrjs</span> <span class='ocrx_word' id='word_1_525' title='bbox 483 3118 563 3143; x_wconf 88' lang='lat' dir='ltr'>num</span> <span class='ocrx_word' id='word_1_526' title='bbox 587 3105 650 3148; x_wconf 84' lang='lat' dir='ltr'>fit,</span> <span class='ocrx_word' id='word_1_527' title='bbox 677 3117 716 3140; x_wconf 87' lang='lat' dir='ltr'>an</span> <span class='ocrx_word' id='word_1_528' title='bbox 742 3117 783 3140; x_wconf 89' lang='lat' dir='ltr'>ex</span> <span class='ocrx_word' id='word_1_529' title='bbox 809 3104 870 3140; x_wconf 87' lang='lat' dir='ltr'>illo</span> <span class='ocrx_word' id='word_1_530' title='bbox 894 3104 1084 3141; x_wconf 89' lang='lat' dir='ltr'>naturaliter</span> <span class='ocrx_word' id='word_1_531' title='bbox 1109 3105 1206 3140; x_wconf 76' lang='lat' dir='ltr'>insito</span> <span class='ocrx_word' id='word_1_532' title='bbox 1231 3105 1336 3142; x_wconf 85' lang='lat' dir='ltr'>libero</span> <span class='ocrx_word' id='word_1_533' title='bbox 1360 3107 1414 3142; x_wconf 92' lang='lat' dir='ltr'>ad·</span> 
     </span>
     <span class='ocr_line' id='line_1_60' title="bbox 306 3142 1410 3204; baseline 0.001 -13"><span class='ocrx_word' id='word_1_534' title='bbox 306 3143 411 3204; x_wconf 50' lang='lat' dir='ltr'>{ffdem</span> <span class='ocrx_word' id='word_1_535' title='bbox 434 3142 443 3163; x_wconf 71' lang='lat'>¹</span> <span class='ocrx_word' id='word_1_536' title='bbox 483 3154 637 3192; x_wconf 83' lang='lat' dir='ltr'>hibeatur</span> <span class='ocrx_word' id='word_1_537' title='bbox 662 3153 800 3190; x_wconf 81' lang='lat' dir='ltr'>arbitrio</span> <span class='ocrx_word' id='word_1_538' title='bbox 815 3179 825 3188; x_wconf 91' lang='lat'>.</span> <span class='ocrx_word' id='word_1_539' title='bbox 860 3157 892 3189; x_wconf 88' lang='lat' dir='ltr'>Si</span> <span class='ocrx_word' id='word_1_540' title='bbox 928 3157 1018 3190; x_wconf 90' lang='lat' dir='ltr'>enim</span> <span class='ocrx_word' id='word_1_541' title='bbox 1043 3154 1224 3191; x_wconf 82' lang='lat' dir='ltr'>dixerimus</span> <span class='ocrx_word' id='word_1_542' title='bbox 1249 3169 1318 3192; x_wconf 90' lang='lat' dir='ltr'>eam</span> <span class='ocrx_word' id='word_1_543' title='bbox 1345 3169 1410 3192; x_wconf 86' lang='lat' dir='ltr'>non</span> 
     </span>
     <span class='ocr_line' id='line_1_61' title="bbox 392 3194 1413 3246; baseline 0.001 -5"><span class='ocrx_word' id='word_1_544' title='bbox 392 3194 402 3203; x_wconf 61' lang='lat'><em>⁰</em></span> <span class='ocrx_word' id='word_1_545' title='bbox 482 3204 540 3241; x_wconf 72' lang='lat' dir='ltr'>ess‘e</span> <span class='ocrx_word' id='word_1_546' title='bbox 565 3205 692 3242; x_wconf 90' lang='lat' dir='ltr'>donum</span> <span class='ocrx_word' id='word_1_547' title='bbox 719 3206 806 3246; x_wconf 89' lang='lat' dir='ltr'>Dei,</span> <span class='ocrx_word' id='word_1_548' title='bbox 831 3204 1045 3240; x_wconf 86' lang='lat' dir='ltr'>metuendum</span> <span class='ocrx_word' id='word_1_549' title='bbox 1069 3203 1167 3240; x_wconf 88' lang='lat' dir='ltr'>estne</span> <span class='ocrx_word' id='word_1_550' title='bbox 1193 3205 1413 3244; x_wconf 78' lang='lat' dir='ltr'>existimemus</span> 
     </span>
     <span class='ocr_line' id='line_1_62' title="bbox 310 3252 1412 3303; baseline 0.004 -15"><span class='ocrx_word' id='word_1_551' title='bbox 310 3253 636 3293; x_wconf 76' lang='lat' dir='ltr'>1.Cor·4·7·inveniffe</span> <span class='ocrx_word' id='word_1_552' title='bbox 662 3267 723 3289; x_wconf 91' lang='lat' dir='ltr'>nos</span> <span class='ocrx_word' id='word_1_553' title='bbox 747 3252 892 3301; x_wconf 83' lang='lat' dir='ltr'>aliquid,</span> <span class='ocrx_word' id='word_1_554' title='bbox 930 3254 1023 3301; x_wconf 91' lang='lat' dir='ltr'>quod</span> <span class='ocrx_word' id='word_1_555' title='bbox 1049 3254 1217 3301; x_wconf 89' lang='lat' dir='ltr'>Apostolo</span> <span class='ocrx_word' id='word_1_556' title='bbox 1243 3259 1412 3303; x_wconf 85' lang='lat' dir='ltr'>increpan-</span> 
     </span>
     <span class='ocr_line' id='line_1_63' title="bbox 481 3302 1411 3352; baseline 0.004 -18"><span class='ocrx_word' id='word_1_557' title='bbox 481 3309 506 3340; x_wconf 69' lang='lat' dir='ltr'>ti</span> <span class='ocrx_word' id='word_1_558' title='bbox 534 3310 568 3342; x_wconf 82' lang='lat'>&amp;</span> <span class='ocrx_word' id='word_1_559' title='bbox 594 3306 738 3346; x_wconf 79' lang='lat' dir='ltr'>dicenti,</span> <span class='ocrx_word' id='word_1_560' title='bbox 762 3302 854 3344; x_wconf 70' lang='lat' dir='ltr'>Quid</span> <span class='ocrx_word' id='word_1_561' title='bbox 880 3302 965 3335; x_wconf 87' lang='lat' dir='ltr'>enim</span> <span class='ocrx_word' id='word_1_562' title='bbox 986 3302 1082 3336; x_wconf 85' lang='lat' dir='ltr'>habes</span> <span class='ocrx_word' id='word_1_563' title='bbox 1100 3306 1182 3349; x_wconf 80' lang='lat' dir='ltr'>quod</span> <span class='ocrx_word' id='word_1_564' title='bbox 1209 3316 1268 3338; x_wconf 82' lang='lat' dir='ltr'>non</span> <span class='ocrx_word' id='word_1_565' title='bbox 1289 3307 1411 3352; x_wconf 85' lang='lat' dir='ltr'>accepi-</span> 
     </span>
     <span class='ocr_line' id='line_1_64' title="bbox 475 3351 1409 3400; baseline 0.002 -14"><span class='ocrx_word' id='word_1_566' title='bbox 475 3353 540 3396; x_wconf 76' lang='lat' dir='ltr'>sti?</span> <span class='ocrx_word' id='word_1_567' title='bbox 556 3353 591 3395; x_wconf 86' lang='lat' dir='ltr'>si</span> <span class='ocrx_word' id='word_1_568' title='bbox 617 3363 725 3388; x_wconf 80' lang='lat' dir='ltr'>autem</span> <span class='ocrx_word' id='word_1_569' title='bbox 757 3352 800 3386; x_wconf 69' lang='grc' dir='ltr'>Θ·</span> <span class='ocrx_word' id='word_1_570' title='bbox 829 3351 1000 3398; x_wconf 83' lang='lat' dir='ltr'>accepisti,</span> <span class='ocrx_word' id='word_1_571' title='bbox 1025 3352 1108 3397; x_wconf 83' lang='lat' dir='ltr'>quid</span> <span class='ocrx_word' id='word_1_572' title='bbox 1132 3354 1289 3400; x_wconf 85' lang='lat' dir='ltr'>gloriaris</span> <span class='ocrx_word' id='word_1_573' title='bbox 1318 3355 1409 3400; x_wconf 81' lang='lat' dir='ltr'>quasi</span> 
     </span>
     <span class='ocr_line' id='line_1_65' title="bbox 482 3403 1408 3451; baseline 0.005 -15"><span class='ocrx_word' id='word_1_574' title='bbox 482 3415 543 3436; x_wconf 82' lang='lat' dir='ltr'>non</span> <span class='ocrx_word' id='word_1_575' title='bbox 568 3403 742 3450; x_wconf 81' lang='lat' dir='ltr'>acceperis?</span> <span class='ocrx_word' id='word_1_576' title='bbox 767 3403 963 3451; x_wconf 87' lang='lat' dir='ltr'>respondere</span> <span class='ocrx_word' id='word_1_577' title='bbox 988 3403 1170 3451; x_wconf 76' lang='lat' dir='ltr'>possumus.</span> <span class='ocrx_word' id='word_1_578' title='bbox 1199 3408 1285 3441; x_wconf 90' lang='lat' dir='ltr'>Ecce</span> <span class='ocrx_word' id='word_1_579' title='bbox 1309 3405 1408 3441; x_wconf 84' lang='lat' dir='ltr'>habe-</span> 
     </span>
     <span class='ocr_line' id='line_1_66' title="bbox 483 3453 1408 3502; baseline 0.002 -13"><span class='ocrx_word' id='word_1_580' title='bbox 483 3466 556 3490; x_wconf 88' lang='lat' dir='ltr'>mus</span> <span class='ocrx_word' id='word_1_581' title='bbox 580 3454 782 3491; x_wconf 86' lang='lat' dir='ltr'>voluntatem</span> <span class='ocrx_word' id='word_1_582' title='bbox 809 3453 983 3496; x_wconf 89' lang='lat' dir='ltr'>credendi,</span> <span class='ocrx_word' id='word_1_583' title='bbox 1011 3466 1108 3501; x_wconf 92' lang='lat' dir='ltr'>quam</span> <span class='ocrx_word' id='word_1_584' title='bbox 1135 3467 1201 3490; x_wconf 88' lang='lat' dir='ltr'>non</span> <span class='ocrx_word' id='word_1_585' title='bbox 1213 3459 1408 3502; x_wconf 88' lang='lat' dir='ltr'>accepimus:</span> 
     </span>
     <span class='ocr_line' id='line_1_67' title="bbox 484 3503 1411 3552; baseline 0.001 -13"><span class='ocrx_word' id='word_1_586' title='bbox 484 3516 560 3539; x_wconf 87' lang='lat' dir='ltr'>ecce</span> <span class='ocrx_word' id='word_1_587' title='bbox 595 3503 651 3539; x_wconf 89' lang='lat' dir='ltr'>ubi</span> <span class='ocrx_word' id='word_1_588' title='bbox 687 3505 866 3550; x_wconf 84' lang='lat' dir='ltr'>gloriamur</span> <span class='ocrx_word' id='word_1_589' title='bbox 896 3529 908 3547; x_wconf 85' lang='lat'>,</span> <span class='ocrx_word' id='word_1_590' title='bbox 948 3504 1042 3550; x_wconf 89' lang='lat' dir='ltr'>quod</span> <span class='ocrx_word' id='word_1_591' title='bbox 1077 3517 1143 3539; x_wconf 89' lang='lat' dir='ltr'>non</span> <span class='ocrx_word' id='word_1_592' title='bbox 1180 3508 1411 3552; x_wconf 82' lang='lat' dir='ltr'>acceperimus.</span> 
     </span>
     <span class='ocr_line' id='line_1_68' title="bbox 486 3552 1412 3597; baseline 0.004 -10"><span class='ocrx_word' id='word_1_593' title='bbox 486 3556 520 3588; x_wconf 90' lang='lat' dir='ltr'>Si</span> <span class='ocrx_word' id='word_1_594' title='bbox 537 3563 646 3590; x_wconf 91' lang='lat' dir='ltr'>autem</span> <span class='ocrx_word' id='word_1_595' title='bbox 664 3554 866 3596; x_wconf 87' lang='lat' dir='ltr'>dixerimus,</span> <span class='ocrx_word' id='word_1_596' title='bbox 891 3557 990 3590; x_wconf 90' lang='lat' dir='ltr'>etiam</span> <span class='ocrx_word' id='word_1_597' title='bbox 1006 3552 1194 3597; x_wconf 85' lang='lat' dir='ltr'>hujusmodi</span> <span class='ocrx_word' id='word_1_598' title='bbox 1208 3555 1412 3591; x_wconf 77' lang='lat' dir='ltr'>voluntatem</span> 
     </span>
     <span class='ocr_line' id='line_1_69' title="bbox 488 3602 1412 3647; baseline 0.005 -11"><span class='ocrx_word' id='word_1_599' title='bbox 488 3612 554 3637; x_wconf 78' lang='lat' dir='ltr'>non</span> <span class='ocrx_word' id='word_1_600' title='bbox 575 3602 634 3638; x_wconf 78' lang='lat' dir='ltr'>effe</span> <span class='ocrx_word' id='word_1_601' title='bbox 652 3603 706 3638; x_wconf 83' lang='lat' dir='ltr'>nifi</span> <span class='ocrx_word' id='word_1_602' title='bbox 726 3604 853 3640; x_wconf 88' lang='lat' dir='ltr'>donum</span> <span class='ocrx_word' id='word_1_603' title='bbox 872 3606 961 3646; x_wconf 86' lang='lat' dir='ltr'>Dei,</span> <span class='ocrx_word' id='word_1_604' title='bbox 987 3604 1097 3639; x_wconf 84' lang='lat' dir='ltr'>rursus</span> <span class='ocrx_word' id='word_1_605' title='bbox 1115 3606 1326 3641; x_wconf 88' lang='lat' dir='ltr'>metuendum</span> <span class='ocrx_word' id='word_1_606' title='bbox 1345 3605 1412 3647; x_wconf 76' lang='lat' dir='ltr'>est,</span> 
     </span>
     <span class='ocr_line' id='line_1_70' title="bbox 490 3653 1413 3704; baseline 0.004 -18"><span class='ocrx_word' id='word_1_607' title='bbox 490 3660 532 3704; x_wconf 64' lang='lat'>{¹⁶</span> <span class='ocrx_word' id='word_1_608' title='bbox 553 3653 699 3688; x_wconf 86' lang='lat' dir='ltr'>infideles</span> <span class='ocrx_word' id='word_1_609' title='bbox 723 3665 821 3702; x_wconf 90' lang='lat' dir='ltr'>atque</span> <span class='ocrx_word' id='word_1_610' title='bbox 850 3657 945 3701; x_wconf 88' lang='lat' dir='ltr'>impii</span> <span class='ocrx_word' id='word_1_611' title='bbox 972 3667 1039 3689; x_wconf 88' lang='lat' dir='ltr'>non</span> <span class='ocrx_word' id='word_1_612' title='bbox 1068 3657 1236 3691; x_wconf 86' lang='lat' dir='ltr'>immerito</span> <span class='ocrx_word' id='word_1_613' title='bbox 1264 3654 1293 3690; x_wconf 75' lang='lat' dir='ltr'>ie</span> <span class='ocrx_word' id='word_1_614' title='bbox 1320 3655 1413 3690; x_wconf 87' lang='lat' dir='ltr'>velut</span> 
     </span>
     <span class='ocr_line' id='line_1_71' title="bbox 490 3697 1412 3747; baseline 0.011 -17"><span class='ocrx_word' id='word_1_615' title='bbox 490 3697 572 3743; x_wconf 73' lang='lat' dir='ltr'>,uste</span> <span class='ocrx_word' id='word_1_616' title='bbox 597 3703 745 3738; x_wconf 86' lang='lat' dir='ltr'>excusare</span> <span class='ocrx_word' id='word_1_617' title='bbox 771 3704 946 3739; x_wconf 87' lang='lat' dir='ltr'>videantur</span> <span class='ocrx_word' id='word_1_618' title='bbox 966 3729 975 3744; x_wconf 87' lang='lat'>‚</span> <span class='ocrx_word' id='word_1_619' title='bbox 1010 3704 1087 3740; x_wconf 90' lang='lat' dir='ltr'>idco</span> <span class='ocrx_word' id='word_1_620' title='bbox 1116 3717 1182 3739; x_wconf 89' lang='lat' dir='ltr'>non</span> <span class='ocrx_word' id='word_1_621' title='bbox 1209 3702 1375 3740; x_wconf 82' lang='lat' dir='ltr'>credidiffe</span> <span class='ocrx_word' id='word_1_622' title='bbox 1400 3729 1412 3747; x_wconf 95' lang='lat'>,</span> 
     </span>
     <span class='ocr_line' id='line_1_72' title="bbox 491 3748 1412 3793; baseline 0.01 -13"><span class='ocrx_word' id='word_1_623' title='bbox 491 3748 584 3793; x_wconf 91' lang='lat' dir='ltr'>quod</span> <span class='ocrx_word' id='word_1_624' title='bbox 614 3748 687 3784; x_wconf 83' lang='lat' dir='ltr'>dare</span> <span class='ocrx_word' id='word_1_625' title='bbox 714 3752 776 3787; x_wconf 85' lang='lat' dir='ltr'>illis</span> <span class='ocrx_word' id='word_1_626' title='bbox 802 3756 896 3788; x_wconf 88' lang='lat' dir='ltr'>Deus</span> <span class='ocrx_word' id='word_1_627' title='bbox 923 3752 1015 3789; x_wconf 87' lang='lat' dir='ltr'>istam</span> <span class='ocrx_word' id='word_1_628' title='bbox 1047 3752 1154 3789; x_wconf 90' lang='lat' dir='ltr'>noluit</span> <span class='ocrx_word' id='word_1_629' title='bbox 1183 3754 1385 3790; x_wconf 87' lang='lat' dir='ltr'>voluntatem</span> <span class='ocrx_word' id='word_1_630' title='bbox 1404 3781 1412 3789; x_wconf 90' lang='lat'>.</span> 
     </span>
     <span class='ocr_line' id='line_1_73' title="bbox 491 3795 1414 3847; baseline 0.003 -14"><span class='ocrx_word' id='word_1_631' title='bbox 491 3798 579 3833; x_wconf 90' lang='lat' dir='ltr'>Nam</span> <span class='ocrx_word' id='word_1_632' title='bbox 599 3795 679 3832; x_wconf 90' lang='lat' dir='ltr'>illud</span> <span class='ocrx_word' id='word_1_633' title='bbox 698 3800 790 3844; x_wconf 91' lang='lat' dir='ltr'>quod</span> <span class='ocrx_word' id='word_1_634' title='bbox 815 3802 941 3836; x_wconf 63' lang='lat' dir='ltr'>dietum</span> <span class='ocrx_word' id='word_1_635' title='bbox 962 3802 1027 3844; x_wconf 87' lang='lat' dir='ltr'>est,</span> <span class='ocrx_word' id='word_1_636' title='bbox 1056 3803 1147 3836; x_wconf 85' lang='lat' dir='ltr'>Deus</span> <span class='ocrx_word' id='word_1_637' title='bbox 1175 3802 1219 3843; x_wconf 76' lang='lat' dir='ltr'>est</span> <span class='ocrx_word' id='word_1_638' title='bbox 1247 3803 1329 3836; x_wconf 83' lang='lat' dir='ltr'>enim</span> <span class='ocrx_word' id='word_1_639' title='bbox 1358 3803 1414 3847; x_wconf 84' lang='lat' dir='ltr'>qui</span> 
     </span>
    </p>
   </div>
   <div class='ocr_carea' id='block_1_5' title="bbox 320 3822 1415 3897">
    <p class='ocr_par' dir='ltr' id='par_1_9' title="bbox 320 3822 1415 3897">
     <span class='ocr_line' id='line_1_74' title="bbox 320 3822 1415 3897; baseline 0.015 -27"><span class='ocrx_word' id='word_1_640' title='bbox 320 3822 641 3892; x_wconf 62' lang='lat' dir='ltr'>Ph¹l&#39;²&#39;¹3&#39;operatur</span> <span class='ocrx_word' id='word_1_641' title='bbox 659 3845 694 3879; x_wconf 88' lang='lat' dir='ltr'>in</span> <span class='ocrx_word' id='word_1_642' title='bbox 720 3846 807 3881; x_wconf 86' lang='lat' dir='ltr'>nobis</span> <span class='ocrx_word' id='word_1_643' title='bbox 835 3849 877 3881; x_wconf 72' lang='lat'>(9⁰</span> <span class='ocrx_word' id='word_1_644' title='bbox 906 3850 994 3882; x_wconf 79' lang='lat' dir='ltr'>velle</span> <span class='ocrx_word' id='word_1_645' title='bbox 1020 3851 1063 3883; x_wconf 69' lang='lat'>(9²</span> <span class='ocrx_word' id='word_1_646' title='bbox 1092 3850 1221 3896; x_wconf 82' lang='lat' dir='ltr'>operari</span> <span class='ocrx_word' id='word_1_647' title='bbox 1242 3861 1303 3897; x_wconf 84' lang='lat' dir='ltr'>pro</span> <span class='ocrx_word' id='word_1_648' title='bbox 1332 3851 1415 3885; x_wconf 84' lang='lat' dir='ltr'>bona</span> 
     </span>
    </p>
   </div>
   <div class='ocr_carea' id='block_1_6' title="bbox 1471 498 2652 3147">
    <p class='ocr_par' dir='ltr' id='par_1_10' title="bbox 1471 498 2652 3147">
     <span class='ocr_line' id='line_1_75' title="bbox 1481 498 2578 552; baseline 0.002 -17"><span class='ocrx_word' id='word_1_649' title='bbox 1481 512 1541 547; x_wconf 88' lang='lat' dir='ltr'>per</span> <span class='ocrx_word' id='word_1_650' title='bbox 1560 499 1878 546; x_wconf 70' lang='lat' dir='ltr'>Spiritum-sanetum</span> <span class='ocrx_word' id='word_1_651' title='bbox 1896 503 1955 547; x_wconf 89' lang='lat' dir='ltr'>qui</span> <span class='ocrx_word' id='word_1_652' title='bbox 1972 500 2066 537; x_wconf 82' lang='lat' dir='ltr'>datus</span> <span class='ocrx_word' id='word_1_653' title='bbox 2085 500 2133 537; x_wconf 88' lang='lat' dir='ltr'>est</span> <span class='ocrx_word' id='word_1_654' title='bbox 2143 499 2256 536; x_wconf 76' lang='lat' dir='ltr'>nobis.</span> <span class='ocrx_word' id='word_1_655' title='bbox 2281 498 2342 537; x_wconf 84' lang='lat' dir='ltr'>*si</span> <span class='ocrx_word' id='word_1_656' title='bbox 2353 514 2411 537; x_wconf 69' lang='lat' dir='ltr'>na·v</span> <span class='ocrx_word' id='word_1_657' title='bbox 2421 513 2548 552; x_wconf 64' lang='lat' dir='ltr'>&#39;Consi-r.</span> <span class='ocrx_word' id='word_1_658' title='bbox 2557 515 2578 547; x_wconf 86' lang='lat' dir='ltr'>l.</span> 
     </span>
     <span class='ocr_line' id='line_1_76' title="bbox 1482 549 2582 598; baseline 0.003 -13"><span class='ocrx_word' id='word_1_659' title='bbox 1482 561 1576 588; x_wconf 81' lang='lat' dir='ltr'>tura,</span> <span class='ocrx_word' id='word_1_660' title='bbox 1602 561 1702 598; x_wconf 83' lang='lat' dir='ltr'>quare</span> <span class='ocrx_word' id='word_1_661' title='bbox 1731 561 1798 584; x_wconf 86' lang='lat' dir='ltr'>non</span> <span class='ocrx_word' id='word_1_662' title='bbox 1827 549 2000 593; x_wconf 77' lang='lat' dir='ltr'>omnibus,</span> <span class='ocrx_word' id='word_1_663' title='bbox 2033 563 2110 587; x_wconf 84' lang='lat' dir='ltr'>cum</span> <span class='ocrx_word' id='word_1_664' title='bbox 2138 551 2176 587; x_wconf 78' lang='lat' dir='ltr'>sit</span> <span class='ocrx_word' id='word_1_665' title='bbox 2199 551 2287 588; x_wconf 84' lang='lat' dir='ltr'>idem</span> <span class='ocrx_word' id='word_1_666' title='bbox 2312 554 2404 588; x_wconf 86' lang='lat' dir='ltr'>Deus</span> <span class='ocrx_word' id='word_1_667' title='bbox 2423 564 2452 587; x_wconf 81' lang='lat'>2.</span> <span class='ocrx_word' id='word_1_668' title='bbox 2468 554 2503 586; x_wconf 74' lang='lat' dir='ltr'>de</span> <span class='ocrx_word' id='word_1_669' title='bbox 2516 564 2582 596; x_wconf 82' lang='lat' dir='ltr'>pec-</span> 
     </span>
     <span class='ocr_line' id='line_1_77' title="bbox 1481 600 2544 650; baseline 0.005 -16"><span class='ocrx_word' id='word_1_670' title='bbox 1481 601 1632 636; x_wconf 88' lang='lat' dir='ltr'>omnium</span> <span class='ocrx_word' id='word_1_671' title='bbox 1659 602 1812 635; x_wconf 80' lang='lat' dir='ltr'>creator?</span> <span class='ocrx_word' id='word_1_672' title='bbox 1836 602 1868 635; x_wconf 86' lang='lat' dir='ltr'>Si</span> <span class='ocrx_word' id='word_1_673' title='bbox 1895 600 1989 637; x_wconf 87' lang='lat' dir='ltr'>dono</span> <span class='ocrx_word' id='word_1_674' title='bbox 2015 604 2102 642; x_wconf 90' lang='lat' dir='ltr'>Dei,</span> <span class='ocrx_word' id='word_1_675' title='bbox 2128 600 2226 637; x_wconf 85' lang='lat' dir='ltr'>etiam</span> <span class='ocrx_word' id='word_1_676' title='bbox 2242 600 2311 637; x_wconf 86' lang='lat' dir='ltr'>hoc</span> <span class='ocrx_word' id='word_1_677' title='bbox 2328 604 2544 650; x_wconf 49' lang='lat' dir='ltr'>qua-:catwm</span> 
     </span>
     <span class='ocr_line' id='line_1_78' title="bbox 1480 645 2558 704; baseline 0.003 -20"><span class='ocrx_word' id='word_1_678' title='bbox 1480 662 1517 685; x_wconf 86' lang='lat' dir='ltr'>re</span> <span class='ocrx_word' id='word_1_679' title='bbox 1535 661 1602 685; x_wconf 90' lang='lat' dir='ltr'>non</span> <span class='ocrx_word' id='word_1_680' title='bbox 1621 649 1801 691; x_wconf 86' lang='lat' dir='ltr'>omnibus,</span> <span class='ocrx_word' id='word_1_681' title='bbox 1827 662 1906 686; x_wconf 87' lang='lat' dir='ltr'>cum</span> <span class='ocrx_word' id='word_1_682' title='bbox 1925 663 2042 687; x_wconf 86' lang='lat' dir='ltr'>omnes</span> <span class='ocrx_word' id='word_1_683' title='bbox 2059 651 2214 688; x_wconf 86' lang='lat' dir='ltr'>homines</span> <span class='ocrx_word' id='word_1_684' title='bbox 2239 651 2321 690; x_wconf 77' lang='lat' dir='ltr'>velit</span> <span class='ocrx_word' id='word_1_685' title='bbox 2348 645 2530 704; x_wconf 55' lang='lat' dir='ltr'>fil-;‘&#39;,&#39;¹}&#39;3¹&#39;“</span> <span class='ocrx_word' id='word_1_686' title='bbox 2547 656 2558 672; x_wconf 84' lang='lat'>‘</span> 
     </span>
     <span class='ocr_line' id='line_1_79' title="bbox 1480 697 2584 750; baseline 0.003 -15"><span class='ocrx_word' id='word_1_687' title='bbox 1480 713 1539 735; x_wconf 90' lang='lat' dir='ltr'>vos</span> <span class='ocrx_word' id='word_1_688' title='bbox 1560 699 1648 750; x_wconf 81' lang='lat' dir='ltr'>fieri,</span> <span class='ocrx_word' id='word_1_689' title='bbox 1676 705 1709 736; x_wconf 86' lang='lat'>&amp;</span> <span class='ocrx_word' id='word_1_690' title='bbox 1730 705 1762 736; x_wconf 92' lang='lat' dir='ltr'>in</span> <span class='ocrx_word' id='word_1_691' title='bbox 1789 703 1987 746; x_wconf 86' lang='lat' dir='ltr'>agnitionem</span> <span class='ocrx_word' id='word_1_692' title='bbox 2003 705 2148 738; x_wconf 85' lang='lat' dir='ltr'>veritatis</span> <span class='ocrx_word' id='word_1_693' title='bbox 2167 705 2297 738; x_wconf 85' lang='lat' dir='ltr'>venire.</span> <span class='ocrx_word' id='word_1_694' title='bbox 2409 697 2584 750; x_wconf 62' lang='lat' dir='ltr'>.1&#39;‚T1;„,2,4,</span> 
     </span>
     <span class='ocr_line' id='line_1_80' title="bbox 1528 750 2558 800; baseline -0.004 -14"><span class='ocrx_word' id='word_1_695' title='bbox 1528 753 1621 786; x_wconf 85' lang='lat' dir='ltr'>Prius</span> <span class='ocrx_word' id='word_1_696' title='bbox 1646 754 1746 796; x_wconf 83' lang='lat' dir='ltr'>igitur</span> <span class='ocrx_word' id='word_1_697' title='bbox 1774 750 1857 786; x_wconf 89' lang='lat' dir='ltr'>illud</span> <span class='ocrx_word' id='word_1_698' title='bbox 1875 751 2042 794; x_wconf 83' lang='lat' dir='ltr'>dicamus,</span> <span class='ocrx_word' id='word_1_699' title='bbox 2066 755 2100 787; x_wconf 79' lang='grc' dir='ltr'>δε</span> <span class='ocrx_word' id='word_1_700' title='bbox 2129 752 2558 800; x_wconf 63' lang='grc' dir='ltr'>νίἀεωυςὺῑωὶτιιιίὺςεᾳω</span> 
     </span>
     <span class='ocr_line' id='line_1_81' title="bbox 1473 795 2578 850; baseline 0.004 -15"><span class='ocrx_word' id='word_1_701' title='bbox 1473 798 1554 836; x_wconf 85' lang='lat' dir='ltr'>huic</span> <span class='ocrx_word' id='word_1_702' title='bbox 1572 800 1738 838; x_wconf 81' lang='lat' dir='ltr'>satisfaciat</span> <span class='ocrx_word' id='word_1_703' title='bbox 1748 800 1944 848; x_wconf 87' lang='lat' dir='ltr'>quaestioni,</span> <span class='ocrx_word' id='word_1_704' title='bbox 1967 802 2060 850; x_wconf 86' lang='lat' dir='ltr'>qnod</span> <span class='ocrx_word' id='word_1_705' title='bbox 2068 800 2212 840; x_wconf 88' lang='lat' dir='ltr'>liberum</span> <span class='ocrx_word' id='word_1_706' title='bbox 2231 804 2408 841; x_wconf 86' lang='lat' dir='ltr'>arbitrium·</span> <span class='ocrx_word' id='word_1_707' title='bbox 2421 795 2578 839; x_wconf 67' lang='lat' dir='ltr'>arbitrium</span> 
     </span>
     <span class='ocr_line' id='line_1_82' title="bbox 1475 835 2584 892; baseline 0.005 -7"><span class='ocrx_word' id='word_1_708' title='bbox 1475 851 1665 887; x_wconf 82' lang='lat' dir='ltr'>naturaliter</span> <span class='ocrx_word' id='word_1_709' title='bbox 1683 850 1886 887; x_wconf 85' lang='lat' dir='ltr'>adtributum</span> <span class='ocrx_word' id='word_1_710' title='bbox 1907 864 1924 886; x_wconf 89' lang='lat' dir='ltr'>a</span> <span class='ocrx_word' id='word_1_711' title='bbox 1953 855 2115 888; x_wconf 86' lang='lat' dir='ltr'>Creatore</span> <span class='ocrx_word' id='word_1_712' title='bbox 2133 866 2172 889; x_wconf 89' lang='lat' dir='ltr'>an</span> <span class='ocrx_word' id='word_1_713' title='bbox 2266 858 2409 892; x_wconf 78' lang='lat' dir='ltr'>rationa-</span> <span class='ocrx_word' id='word_1_714' title='bbox 2426 835 2521 866; x_wconf 82' lang='lat' dir='ltr'>media</span> <span class='ocrx_word' id='word_1_715' title='bbox 2531 844 2584 866; x_wconf 62' lang='lat' dir='ltr'>‘m&#39;</span> 
     </span>
     <span class='ocr_line' id='line_1_83' title="bbox 1475 900 2409 951; baseline 0.007 -16"><span class='ocrx_word' id='word_1_716' title='bbox 1475 900 1520 951; x_wconf 78' lang='lat' dir='ltr'>li,</span> <span class='ocrx_word' id='word_1_717' title='bbox 1548 901 1602 937; x_wconf 89' lang='lat' dir='ltr'>illa</span> <span class='ocrx_word' id='word_1_718' title='bbox 1622 902 1728 937; x_wconf 86' lang='lat' dir='ltr'>media</span> <span class='ocrx_word' id='word_1_719' title='bbox 1749 905 1800 937; x_wconf 90' lang='lat' dir='ltr'>vir</span> <span class='ocrx_word' id='word_1_720' title='bbox 1817 901 1882 943; x_wconf 88' lang='lat' dir='ltr'>est,</span> <span class='ocrx_word' id='word_1_721' title='bbox 1908 905 1983 949; x_wconf 67' lang='lat' dir='ltr'>qusae</span> <span class='ocrx_word' id='word_1_722' title='bbox 2003 901 2057 938; x_wconf 90' lang='lat' dir='ltr'>vel</span> <span class='ocrx_word' id='word_1_723' title='bbox 2077 904 2186 940; x_wconf 87' lang='lat' dir='ltr'>intend</span> <span class='ocrx_word' id='word_1_724' title='bbox 2203 933 2206 935; x_wconf 89' lang='lat'>.</span> <span class='ocrx_word' id='word_1_725' title='bbox 2221 905 2262 941; x_wconf 84' lang='lat' dir='ltr'>ad</span> <span class='ocrx_word' id='word_1_726' title='bbox 2281 904 2380 941; x_wconf 83' lang='lat' dir='ltr'>fidem</span> <span class='ocrx_word' id='word_1_727' title='bbox 2393 925 2409 947; x_wconf 86' lang='lat'>‚-</span> 
     </span>
     <span class='ocr_line' id='line_1_84' title="bbox 1476 950 2408 1000; baseline 0.004 -13"><span class='ocrx_word' id='word_1_728' title='bbox 1476 950 1533 987; x_wconf 88' lang='lat' dir='ltr'>vel</span> <span class='ocrx_word' id='word_1_729' title='bbox 1550 950 1694 987; x_wconf 87' lang='lat' dir='ltr'>inclinari</span> <span class='ocrx_word' id='word_1_730' title='bbox 1714 951 1754 986; x_wconf 87' lang='lat' dir='ltr'>ad</span> <span class='ocrx_word' id='word_1_731' title='bbox 1774 951 2002 988; x_wconf 86' lang='lat' dir='ltr'>infidelitatem</span> <span class='ocrx_word' id='word_1_732' title='bbox 2023 952 2154 1000; x_wconf 77' lang='lat' dir='ltr'>potest.-</span> <span class='ocrx_word' id='word_1_733' title='bbox 2179 958 2219 990; x_wconf 63' lang='lat'>30</span> <span class='ocrx_word' id='word_1_734' title='bbox 2244 955 2321 991; x_wconf 81' lang='lat' dir='ltr'>ide&#39;o</span> <span class='ocrx_word' id='word_1_735' title='bbox 2347 967 2408 990; x_wconf 85' lang='lat' dir='ltr'>nee</span> 
     </span>
     <span class='ocr_line' id='line_1_85' title="bbox 1474 998 2408 1053; baseline 0.004 -16"><span class='ocrx_word' id='word_1_736' title='bbox 1474 1000 1569 1037; x_wconf 83' lang='lat' dir='ltr'>istam</span> <span class='ocrx_word' id='word_1_737' title='bbox 1595 998 1799 1038; x_wconf 81' lang='lat' dir='ltr'>voluntatem</span> <span class='ocrx_word' id='word_1_738' title='bbox 1825 1014 1888 1050; x_wconf 87' lang='lat' dir='ltr'>qua</span> <span class='ocrx_word' id='word_1_739' title='bbox 1914 1003 2020 1039; x_wconf 88' lang='lat' dir='ltr'>credit</span> <span class='ocrx_word' id='word_1_740' title='bbox 2054 1003 2135 1039; x_wconf 87' lang='lat' dir='ltr'>Deo</span> <span class='ocrx_word' id='word_1_741' title='bbox 2153 1028 2162 1045; x_wconf 89' lang='lat'>,</span> <span class='ocrx_word' id='word_1_742' title='bbox 2197 1004 2265 1040; x_wconf 86' lang='lat' dir='ltr'>dici</span> <span class='ocrx_word' id='word_1_743' title='bbox 2300 1004 2408 1053; x_wconf 81' lang='lat' dir='ltr'>potest</span> 
     </span>
     <span class='ocr_line' id='line_1_86' title="bbox 1474 1050 2408 1103; baseline 0.003 -16"><span class='ocrx_word' id='word_1_744' title='bbox 1474 1051 1584 1088; x_wconf 72' lang='lat' dir='ltr'>homo</span> <span class='ocrx_word' id='word_1_745' title='bbox 1606 1050 1728 1088; x_wconf 87' lang='lat' dir='ltr'>habere</span> <span class='ocrx_word' id='word_1_746' title='bbox 1752 1065 1852 1099; x_wconf 90' lang='lat' dir='ltr'>quam</span> <span class='ocrx_word' id='word_1_747' title='bbox 1878 1065 1945 1088; x_wconf 90' lang='lat' dir='ltr'>non</span> <span class='ocrx_word' id='word_1_748' title='bbox 1970 1056 2155 1101; x_wconf 88' lang='lat' dir='ltr'>acceperit,</span> <span class='ocrx_word' id='word_1_749' title='bbox 2179 1055 2315 1101; x_wconf 83' lang='lat' dir='ltr'>quando</span> <span class='ocrx_word' id='word_1_750' title='bbox 2333 1058 2408 1103; x_wconf 87' lang='lat' dir='ltr'>qui-</span> 
     </span>
     <span class='ocr_line' id='line_1_87' title="bbox 1473 1102 2408 1153; baseline 0.002 -14"><span class='ocrx_word' id='word_1_751' title='bbox 1473 1103 1550 1139; x_wconf 84' lang='lat' dir='ltr'>dem</span> <span class='ocrx_word' id='word_1_752' title='bbox 1577 1115 1716 1139; x_wconf 88' lang='lat' dir='ltr'>vocante</span> <span class='ocrx_word' id='word_1_753' title='bbox 1743 1105 1820 1139; x_wconf 89' lang='lat' dir='ltr'>Deo</span> <span class='ocrx_word' id='word_1_754' title='bbox 1848 1102 1949 1150; x_wconf 87' lang='lat' dir='ltr'>surgit</span> <span class='ocrx_word' id='word_1_755' title='bbox 1959 1102 2288 1150; x_wconf 88' lang='lat' dir='ltr'>deliberoarbitrio,</span> <span class='ocrx_word' id='word_1_756' title='bbox 2313 1105 2408 1153; x_wconf 86' lang='lat' dir='ltr'>quod</span> 
     </span>
     <span class='ocr_line' id='line_1_88' title="bbox 1473 1153 2652 1201; baseline 0.002 -13"><span class='ocrx_word' id='word_1_757' title='bbox 1473 1153 1664 1189; x_wconf 81' lang='lat' dir='ltr'>naturaliter</span> <span class='ocrx_word' id='word_1_758' title='bbox 1690 1165 1766 1189; x_wconf 87' lang='lat' dir='ltr'>curn</span> <span class='ocrx_word' id='word_1_759' title='bbox 1790 1157 1956 1190; x_wconf 88' lang='lat' dir='ltr'>crearetur</span> <span class='ocrx_word' id='word_1_760' title='bbox 1989 1158 2144 1201; x_wconf 84' lang='lat' dir='ltr'>accepit.</span> <span class='ocrx_word' id='word_1_761' title='bbox 2176 1155 2264 1191; x_wconf 89' lang='lat' dir='ltr'>Vult</span> <span class='ocrx_word' id='word_1_762' title='bbox 2299 1155 2408 1192; x_wconf 81' lang='lat' dir='ltr'>autem</span> <span class='ocrx_word' id='word_1_763' title='bbox 2570 1194 2585 1200; x_wconf 36' lang='grc' dir='ltr'>Ν</span> <span class='ocrx_word' id='word_1_764' title='bbox 2643 1176 2652 1199; x_wconf 64' lang='lat'><em>4</em></span> 
     </span>
     <span class='ocr_line' id='line_1_89' title="bbox 1473 1202 2652 1252; baseline 0 -12"><span class='ocrx_word' id='word_1_765' title='bbox 1473 1206 1567 1240; x_wconf 90' lang='lat' dir='ltr'>Deus</span> <span class='ocrx_word' id='word_1_766' title='bbox 1592 1217 1707 1240; x_wconf 89' lang='lat' dir='ltr'>omnes</span> <span class='ocrx_word' id='word_1_767' title='bbox 1735 1202 1886 1240; x_wconf 87' lang='lat' dir='ltr'>homines</span> <span class='ocrx_word' id='word_1_768' title='bbox 1912 1202 2014 1240; x_wconf 71' lang='lat' dir='ltr'>(alvos</span> <span class='ocrx_word' id='word_1_769' title='bbox 2040 1204 2133 1246; x_wconf 82' lang='lat' dir='ltr'>ficri,</span> <span class='ocrx_word' id='word_1_770' title='bbox 2158 1208 2247 1242; x_wconf 87' lang='lat' dir='ltr'>&amp;in</span> <span class='ocrx_word' id='word_1_771' title='bbox 2272 1208 2412 1252; x_wconf 84' lang='lat' dir='ltr'>agnitio·</span> <span class='ocrx_word' id='word_1_772' title='bbox 2649 1203 2652 1221; x_wconf 72' lang='lat'><em>³</em></span> 
     </span>
     <span class='ocr_line' id='line_1_90' title="bbox 1474 1253 2412 1299; baseline 0.001 -10"><span class='ocrx_word' id='word_1_773' title='bbox 1474 1266 1552 1289; x_wconf 87' lang='lat' dir='ltr'>nem</span> <span class='ocrx_word' id='word_1_774' title='bbox 1579 1257 1724 1290; x_wconf 84' lang='lat' dir='ltr'>veritatis</span> <span class='ocrx_word' id='word_1_775' title='bbox 1750 1258 1882 1291; x_wconf 77' lang='lat' dir='ltr'>venire3</span> <span class='ocrx_word' id='word_1_776' title='bbox 1910 1266 1977 1289; x_wconf 90' lang='lat' dir='ltr'>non</span> <span class='ocrx_word' id='word_1_777' title='bbox 2003 1253 2047 1289; x_wconf 84' lang='lat' dir='ltr'>fic</span> <span class='ocrx_word' id='word_1_778' title='bbox 2072 1265 2203 1299; x_wconf 78' lang='lat' dir='ltr'>tamen,</span> <span class='ocrx_word' id='word_1_779' title='bbox 2226 1266 2265 1292; x_wconf 89' lang='lat' dir='ltr'>ut</span> <span class='ocrx_word' id='word_1_780' title='bbox 2290 1255 2412 1292; x_wconf 80' lang='lat' dir='ltr'>eisadi·</span> 
     </span>
     <span class='ocr_line' id='line_1_91' title="bbox 1475 1303 2412 1352; baseline 0 -12"><span class='ocrx_word' id='word_1_781' title='bbox 1475 1314 1542 1340; x_wconf 89' lang='lat' dir='ltr'>mat</span> <span class='ocrx_word' id='word_1_782' title='bbox 1569 1303 1711 1341; x_wconf 87' lang='lat' dir='ltr'>liberum</span> <span class='ocrx_word' id='word_1_783' title='bbox 1735 1304 1930 1347; x_wconf 84' lang='lat' dir='ltr'>arbitrium,</span> <span class='ocrx_word' id='word_1_784' title='bbox 1963 1317 2034 1352; x_wconf 86' lang='lat' dir='ltr'>quo</span> <span class='ocrx_word' id='word_1_785' title='bbox 2060 1303 2113 1339; x_wconf 91' lang='lat' dir='ltr'>vel</span> <span class='ocrx_word' id='word_1_786' title='bbox 2139 1303 2225 1341; x_wconf 85' lang='lat' dir='ltr'>bene</span> <span class='ocrx_word' id='word_1_787' title='bbox 2249 1305 2300 1342; x_wconf 81' lang='lat' dir='ltr'>vel</span> <span class='ocrx_word' id='word_1_788' title='bbox 2325 1305 2412 1343; x_wconf 86' lang='lat' dir='ltr'>male</span> 
     </span>
     <span class='ocr_line' id='line_1_92' title="bbox 1473 1351 2652 1401; baseline 0.001 -10"><span class='ocrx_word' id='word_1_789' title='bbox 1473 1351 1602 1391; x_wconf 83' lang='lat' dir='ltr'>utentes</span> <span class='ocrx_word' id='word_1_790' title='bbox 1628 1354 1793 1400; x_wconf 81' lang='lat' dir='ltr'>justiffime</span> <span class='ocrx_word' id='word_1_791' title='bbox 1813 1355 2019 1399; x_wconf 88' lang='lat' dir='ltr'>judicentur.</span> <span class='ocrx_word' id='word_1_792' title='bbox 2046 1355 2152 1401; x_wconf 85' lang='lat' dir='ltr'>Qod</span> <span class='ocrx_word' id='word_1_793' title='bbox 2177 1367 2256 1392; x_wconf 89' lang='lat' dir='ltr'>cum</span> <span class='ocrx_word' id='word_1_794' title='bbox 2276 1355 2338 1399; x_wconf 72' lang='lat' dir='ltr'>fit&#39;,</span> <span class='ocrx_word' id='word_1_795' title='bbox 2362 1359 2411 1391; x_wconf 61' lang='lat' dir='ltr'>iu-&gt;</span> <span class='ocrx_word' id='word_1_796' title='bbox 2644 1358 2652 1393; x_wconf 65' lang='grc' dir='ltr'>ἔ</span> 
     </span>
     <span class='ocr_line' id='line_1_93' title="bbox 1473 1401 2416 1452; baseline 0.001 -12"><span class='ocrx_word' id='word_1_797' title='bbox 1473 1405 1588 1440; x_wconf 88' lang='lat' dir='ltr'>fideles</span> <span class='ocrx_word' id='word_1_798' title='bbox 1613 1401 1749 1452; x_wconf 87' lang='lat' dir='ltr'>quidem</span> <span class='ocrx_word' id='word_1_799' title='bbox 1782 1402 1896 1442; x_wconf 81' lang='lat' dir='ltr'>contra</span> <span class='ocrx_word' id='word_1_800' title='bbox 1921 1405 2126 1442; x_wconf 88' lang='lat' dir='ltr'>voluntatem</span> <span class='ocrx_word' id='word_1_801' title='bbox 2153 1407 2219 1443; x_wconf 88' lang='lat' dir='ltr'>Dei</span> <span class='ocrx_word' id='word_1_802' title='bbox 2252 1404 2374 1442; x_wconf 81' lang='lat' dir='ltr'>faciunt</span> <span class='ocrx_word' id='word_1_803' title='bbox 2398 1407 2416 1447; x_wconf 71' lang='lat'>³,</span> 
     </span>
     <span class='ocr_line' id='line_1_94' title="bbox 1472 1452 2652 1502; baseline 0.002 -12"><span class='ocrx_word' id='word_1_804' title='bbox 1472 1469 1552 1492; x_wconf 91' lang='lat' dir='ltr'>cum</span> <span class='ocrx_word' id='word_1_805' title='bbox 1579 1457 1647 1500; x_wconf 83' lang='lat' dir='ltr'>ejus</span> <span class='ocrx_word' id='word_1_806' title='bbox 1672 1452 1857 1502; x_wconf 81' lang='lat' dir='ltr'>Evangelio</span> <span class='ocrx_word' id='word_1_807' title='bbox 1881 1468 1948 1491; x_wconf 91' lang='lat' dir='ltr'>non</span> <span class='ocrx_word' id='word_1_808' title='bbox 1974 1455 2144 1492; x_wconf 88' lang='lat' dir='ltr'>credunt:</span> <span class='ocrx_word' id='word_1_809' title='bbox 2178 1455 2239 1492; x_wconf 81' lang='lat' dir='ltr'>nec&#39;</span> <span class='ocrx_word' id='word_1_810' title='bbox 2263 1455 2343 1492; x_wconf 84' lang='lat' dir='ltr'>ideo&#39;</span> <span class='ocrx_word' id='word_1_811' title='bbox 2365 1467 2417 1491; x_wconf 55' lang='lat' dir='ltr'>ta-r:</span> <span class='ocrx_word' id='word_1_812' title='bbox 2646 1461 2652 1482; x_wconf 49' lang='lat'><em>2</em></span> 
     </span>
     <span class='ocr_line' id='line_1_95' title="bbox 1473 1505 2415 1554; baseline 0.002 -13"><span class='ocrx_word' id='word_1_813' title='bbox 1473 1519 1550 1541; x_wconf 89' lang='lat' dir='ltr'>men</span> <span class='ocrx_word' id='word_1_814' title='bbox 1577 1518 1646 1541; x_wconf 85' lang='lat' dir='ltr'>eam</span> <span class='ocrx_word' id='word_1_815' title='bbox 1672 1509 1835 1548; x_wconf 85' lang='lat' dir='ltr'>vincunt,</span> <span class='ocrx_word' id='word_1_816' title='bbox 1859 1518 1974 1542; x_wconf 86' lang='lat' dir='ltr'>verum</span> <span class='ocrx_word' id='word_1_817' title='bbox 2002 1506 2031 1542; x_wconf 87' lang='lat' dir='ltr'>se</span> <span class='ocrx_word' id='word_1_818' title='bbox 2055 1505 2143 1554; x_wconf 89' lang='lat' dir='ltr'>ipsos</span> <span class='ocrx_word' id='word_1_819' title='bbox 2169 1505 2321 1542; x_wconf 72' lang='lat' dir='ltr'>fraudant</span> <span class='ocrx_word' id='word_1_820' title='bbox 2344 1507 2415 1543; x_wconf 53' lang='lat' dir='ltr'>ma?</span> 
     </span>
     <span class='ocr_line' id='line_1_96' title="bbox 1473 1554 2415 1604; baseline 0.002 -13"><span class='ocrx_word' id='word_1_821' title='bbox 1473 1568 1541 1602; x_wconf 77' lang='lat' dir='ltr'>gno</span> <span class='ocrx_word' id='word_1_822' title='bbox 1567 1561 1602 1592; x_wconf 90' lang='lat'>&amp;</span> <span class='ocrx_word' id='word_1_823' title='bbox 1627 1555 1757 1593; x_wconf 89' lang='lat' dir='ltr'>summo</span> <span class='ocrx_word' id='word_1_824' title='bbox 1782 1555 1895 1599; x_wconf 90' lang='lat' dir='ltr'>bono,</span> <span class='ocrx_word' id='word_1_825' title='bbox 1920 1555 2078 1604; x_wconf 88' lang='lat' dir='ltr'>malisque</span> <span class='ocrx_word' id='word_1_826' title='bbox 2105 1554 2415 1604; x_wconf 63' lang='lat' dir='ltr'>paenalibus—implf-⁴</span> 
     </span>
     <span class='ocr_line' id='line_1_97' title="bbox 1471 1606 2417 1655; baseline 0 -13"><span class='ocrx_word' id='word_1_827' title='bbox 1471 1618 1571 1649; x_wconf 88' lang='lat' dir='ltr'>cant,</span> <span class='ocrx_word' id='word_1_828' title='bbox 1596 1609 1763 1654; x_wconf 87' lang='lat' dir='ltr'>experturi</span> <span class='ocrx_word' id='word_1_829' title='bbox 1791 1609 1826 1642; x_wconf 92' lang='lat' dir='ltr'>in</span> <span class='ocrx_word' id='word_1_830' title='bbox 1851 1606 2014 1654; x_wconf 87' lang='lat' dir='ltr'>suppliciis</span> <span class='ocrx_word' id='word_1_831' title='bbox 2024 1607 2220 1655; x_wconf 91' lang='lat' dir='ltr'>potestatem</span> <span class='ocrx_word' id='word_1_832' title='bbox 2240 1607 2333 1652; x_wconf 83' lang='lat' dir='ltr'>ejus,</span> <span class='ocrx_word' id='word_1_833' title='bbox 2350 1617 2417 1642; x_wconf 64' lang='lat' dir='ltr'>tw*</span> 
     </span>
     <span class='ocr_line' id='line_1_98' title="bbox 1478 1657 2578 1703; baseline -0.001 -11"><span class='ocrx_word' id='word_1_834' title='bbox 1478 1660 1528 1703; x_wconf 87' lang='lat' dir='ltr'>jus</span> <span class='ocrx_word' id='word_1_835' title='bbox 1554 1660 1586 1693; x_wconf 92' lang='lat' dir='ltr'>in</span> <span class='ocrx_word' id='word_1_836' title='bbox 1611 1657 1709 1693; x_wconf 91' lang='lat' dir='ltr'>donis</span> <span class='ocrx_word' id='word_1_837' title='bbox 1736 1657 1992 1693; x_wconf 83' lang='lat' dir='ltr'>misericordiam</span> <span class='ocrx_word' id='word_1_838' title='bbox 2002 1658 2268 1694; x_wconf 88' lang='lat' dir='ltr'>contemserunt.</span> <span class='ocrx_word' id='word_1_839' title='bbox 2286 1659 2415 1694; x_wconf 58' lang='lat' dir='ltr'>‘nervon</span> <span class='ocrx_word' id='word_1_840' title='bbox 2429 1667 2578 1700; x_wconf 64' lang='lat' dir='ltr'>Volunt„</span> 
     </span>
     <span class='ocr_line' id='line_1_99' title="bbox 1478 1707 2566 1755; baseline -0.003 -12"><span class='ocrx_word' id='word_1_841' title='bbox 1478 1708 1585 1744; x_wconf 87' lang='lat' dir='ltr'>luntas</span> <span class='ocrx_word' id='word_1_842' title='bbox 1613 1709 1678 1744; x_wconf 90' lang='lat' dir='ltr'>Dei</span> <span class='ocrx_word' id='word_1_843' title='bbox 1705 1707 1832 1755; x_wconf 88' lang='lat' dir='ltr'>semper</span> <span class='ocrx_word' id='word_1_844' title='bbox 1858 1708 1978 1744; x_wconf 65' lang='lat' dir='ltr'>invicta</span> <span class='ocrx_word' id='word_1_845' title='bbox 2003 1707 2068 1743; x_wconf 89' lang='lat' dir='ltr'>est:</span> <span class='ocrx_word' id='word_1_846' title='bbox 2096 1710 2416 1749; x_wconf 63' lang='lat' dir='ltr'>vincereturautem,</span> <span class='ocrx_word' id='word_1_847' title='bbox 2428 1708 2566 1754; x_wconf 68' lang='lat' dir='ltr'>Deisem5</span> 
     </span>
     <span class='ocr_line' id='line_1_100' title="bbox 1477 1755 2575 1805; baseline 0 -12"><span class='ocrx_word' id='word_1_848' title='bbox 1477 1758 1500 1793; x_wconf 89' lang='lat' dir='ltr'>fi</span> <span class='ocrx_word' id='word_1_849' title='bbox 1527 1770 1595 1793; x_wconf 92' lang='lat' dir='ltr'>non</span> <span class='ocrx_word' id='word_1_850' title='bbox 1622 1761 1784 1794; x_wconf 88' lang='lat' dir='ltr'>inveniret</span> <span class='ocrx_word' id='word_1_851' title='bbox 1809 1757 1890 1805; x_wconf 91' lang='lat' dir='ltr'>quid</span> <span class='ocrx_word' id='word_1_852' title='bbox 1914 1759 1957 1794; x_wconf 93' lang='lat' dir='ltr'>de</span> <span class='ocrx_word' id='word_1_853' title='bbox 1978 1755 2417 1805; x_wconf 58' lang='lat' dir='ltr'>&#39;contemptoribusfacerett</span> <span class='ocrx_word' id='word_1_854' title='bbox 2432 1759 2483 1790; x_wconf 70' lang='lat'>1³⁶¹</span> <span class='ocrx_word' id='word_1_855' title='bbox 2495 1759 2575 1781; x_wconf 65' lang='grc' dir='ltr'>ΠΜ·</span> 
     </span>
     <span class='ocr_line' id='line_1_101' title="bbox 1478 1789 2499 1856; baseline 0.002 -12"><span class='ocrx_word' id='word_1_856' title='bbox 1478 1820 1533 1844; x_wconf 89' lang='lat' dir='ltr'>aut</span> <span class='ocrx_word' id='word_1_857' title='bbox 1560 1807 1634 1844; x_wconf 85' lang='lat' dir='ltr'>ullo</span> <span class='ocrx_word' id='word_1_858' title='bbox 1657 1809 1764 1845; x_wconf 86' lang='lat' dir='ltr'>modo</span> <span class='ocrx_word' id='word_1_859' title='bbox 1792 1806 1918 1856; x_wconf 74' lang='lat' dir='ltr'>poss‘ent</span> <span class='ocrx_word' id='word_1_860' title='bbox 1944 1809 2083 1844; x_wconf 84' lang='lat' dir='ltr'>evadere</span> <span class='ocrx_word' id='word_1_861' title='bbox 2106 1808 2202 1856; x_wconf 86' lang='lat' dir='ltr'>quod</span> <span class='ocrx_word' id='word_1_862' title='bbox 2228 1808 2272 1844; x_wconf 90' lang='lat' dir='ltr'>de</span> <span class='ocrx_word' id='word_1_863' title='bbox 2296 1805 2416 1846; x_wconf 72' lang='lat' dir='ltr'>talibus</span> <span class='ocrx_word' id='word_1_864' title='bbox 2434 1789 2499 1821; x_wconf 44' lang='grc' dir='ltr'>θῶ·</span> 
     </span>
     <span class='ocr_line' id='line_1_102' title="bbox 1477 1857 2417 1906; baseline 0.001 -13"><span class='ocrx_word' id='word_1_865' title='bbox 1477 1858 1535 1894; x_wconf 87' lang='lat' dir='ltr'>ille</span> <span class='ocrx_word' id='word_1_866' title='bbox 1560 1858 1731 1895; x_wconf 85' lang='lat' dir='ltr'>constituit</span> <span class='ocrx_word' id='word_1_867' title='bbox 1747 1886 1755 1894; x_wconf 91' lang='lat'>.</span> <span class='ocrx_word' id='word_1_868' title='bbox 1794 1861 1866 1903; x_wconf 90' lang='lat' dir='ltr'>Qui</span> <span class='ocrx_word' id='word_1_869' title='bbox 1892 1861 1979 1895; x_wconf 86' lang='lat' dir='ltr'>enim</span> <span class='ocrx_word' id='word_1_870' title='bbox 2006 1858 2087 1895; x_wconf 88' lang='lat' dir='ltr'>dicit</span> <span class='ocrx_word' id='word_1_871' title='bbox 2107 1885 2119 1902; x_wconf 91' lang='lat'>,</span> <span class='ocrx_word' id='word_1_872' title='bbox 2155 1857 2249 1894; x_wconf 83' lang='lat' dir='ltr'>verbi</span> <span class='ocrx_word' id='word_1_873' title='bbox 2274 1860 2377 1906; x_wconf 70' lang='lat' dir='ltr'>gratia</span> <span class='ocrx_word' id='word_1_874' title='bbox 2394 1870 2417 1900; x_wconf 62' lang='grc' dir='ltr'>»ς</span> 
     </span>
     <span class='ocr_line' id='line_1_103' title="bbox 1476 1907 2418 1956; baseline -0.002 -12"><span class='ocrx_word' id='word_1_875' title='bbox 1476 1908 1571 1944; x_wconf 93' lang='lat' dir='ltr'>Volo</span> <span class='ocrx_word' id='word_1_876' title='bbox 1598 1920 1635 1944; x_wconf 94' lang='lat' dir='ltr'>ut</span> <span class='ocrx_word' id='word_1_877' title='bbox 1661 1907 1697 1945; x_wconf 92' lang='lat' dir='ltr'>hi</span> <span class='ocrx_word' id='word_1_878' title='bbox 1725 1921 1840 1945; x_wconf 86' lang='lat' dir='ltr'>omnes</span> <span class='ocrx_word' id='word_1_879' title='bbox 1866 1908 1948 1945; x_wconf 88' lang='lat' dir='ltr'>servi</span> <span class='ocrx_word' id='word_1_880' title='bbox 1983 1912 2050 1945; x_wconf 90' lang='lat' dir='ltr'>mei</span> <span class='ocrx_word' id='word_1_881' title='bbox 2088 1919 2272 1956; x_wconf 86' lang='lat' dir='ltr'>operentur</span> <span class='ocrx_word' id='word_1_882' title='bbox 2290 1910 2339 1944; x_wconf 69' lang='grc' dir='ltr'>’ἴῃ</span> <span class='ocrx_word' id='word_1_883' title='bbox 2355 1910 2418 1949; x_wconf 49' lang='lat' dir='ltr'>wi!</span> 
     </span>
     <span class='ocr_line' id='line_1_104' title="bbox 1476 1958 2416 2007; baseline -0.002 -12"><span class='ocrx_word' id='word_1_884' title='bbox 1476 1973 1559 2001; x_wconf 83' lang='lat' dir='ltr'>nca,</span> <span class='ocrx_word' id='word_1_885' title='bbox 1586 1963 1620 1995; x_wconf 64' lang='grc' dir='ltr'>ἃς</span> <span class='ocrx_word' id='word_1_886' title='bbox 1649 1960 1724 2006; x_wconf 88' lang='lat' dir='ltr'>post</span> <span class='ocrx_word' id='word_1_887' title='bbox 1750 1958 1877 1995; x_wconf 86' lang='lat' dir='ltr'>labores</span> <span class='ocrx_word' id='word_1_888' title='bbox 1904 1958 2344 2007; x_wconf 63' lang='lat' dir='ltr'>requiescentesepulentur3</span> <span class='ocrx_word' id='word_1_889' title='bbox 2370 1961 2416 1994; x_wconf 81' lang='lat' dir='ltr'>ita</span> 
     </span>
     <span class='ocr_line' id='line_1_105' title="bbox 1477 2007 2417 2056; baseline 0 -12"><span class='ocrx_word' id='word_1_890' title='bbox 1477 2021 1515 2045; x_wconf 86' lang='lat' dir='ltr'>ut</span> <span class='ocrx_word' id='word_1_891' title='bbox 1541 2009 1688 2056; x_wconf 85' lang='lat' dir='ltr'>quisquis</span> <span class='ocrx_word' id='word_1_892' title='bbox 1715 2022 1830 2046; x_wconf 83' lang='lat' dir='ltr'>corum</span> <span class='ocrx_word' id='word_1_893' title='bbox 1848 2009 1916 2046; x_wconf 88' lang='lat' dir='ltr'>hoc</span> <span class='ocrx_word' id='word_1_894' title='bbox 1944 2011 2107 2050; x_wconf 87' lang='lat' dir='ltr'>noluerit,</span> <span class='ocrx_word' id='word_1_895' title='bbox 2136 2012 2169 2044; x_wconf 92' lang='lat' dir='ltr'>in</span> <span class='ocrx_word' id='word_1_896' title='bbox 2183 2007 2417 2056; x_wconf 78' lang='lat' dir='ltr'>pistrino.stm-&#39;</span> 
     </span>
     <span class='ocr_line' id='line_1_106' title="bbox 1477 2057 2419 2108; baseline -0.002 -13"><span class='ocrx_word' id='word_1_897' title='bbox 1477 2073 1538 2108; x_wconf 87' lang='lat' dir='ltr'>per</span> <span class='ocrx_word' id='word_1_898' title='bbox 1565 2059 1688 2096; x_wconf 89' lang='lat' dir='ltr'>molat:</span> <span class='ocrx_word' id='word_1_899' title='bbox 1717 2060 1851 2096; x_wconf 87' lang='lat' dir='ltr'>videtur</span> <span class='ocrx_word' id='word_1_900' title='bbox 1876 2060 2014 2107; x_wconf 89' lang='lat' dir='ltr'>quidem</span> <span class='ocrx_word' id='word_1_901' title='bbox 2038 2062 2244 2107; x_wconf 87' lang='lat' dir='ltr'>quicumque</span> <span class='ocrx_word' id='word_1_902' title='bbox 2267 2057 2419 2099; x_wconf 62' lang='lat' dir='ltr'>contem}</span> 
     </span>
     <span class='ocr_line' id='line_1_107' title="bbox 1477 2105 2417 2153; baseline -0.003 -7"><span class='ocrx_word' id='word_1_903' title='bbox 1477 2111 1573 2153; x_wconf 80' lang='lat' dir='ltr'>serit,</span> <span class='ocrx_word' id='word_1_904' title='bbox 1598 2121 1714 2146; x_wconf 86' lang='lat' dir='ltr'>contra</span> <span class='ocrx_word' id='word_1_905' title='bbox 1739 2108 1946 2146; x_wconf 86' lang='lat' dir='ltr'>voluntatem</span> <span class='ocrx_word' id='word_1_906' title='bbox 1970 2111 2116 2145; x_wconf 86' lang='lat' dir='ltr'>Domini</span> <span class='ocrx_word' id='word_1_907' title='bbox 2141 2107 2189 2143; x_wconf 87' lang='lat' dir='ltr'>sui</span> <span class='ocrx_word' id='word_1_908' title='bbox 2206 2105 2417 2148; x_wconf 45' lang='lat' dir='ltr'>ficei-easta}</span> 
     </span>
     <span class='ocr_line' id='line_1_108' title="bbox 1476 2153 2415 2200; baseline -0.005 -6"><span class='ocrx_word' id='word_1_909' title='bbox 1476 2172 1556 2195; x_wconf 88' lang='lat' dir='ltr'>tunc</span> <span class='ocrx_word' id='word_1_910' title='bbox 1581 2172 1654 2193; x_wconf 86' lang='lat' dir='ltr'>eam</span> <span class='ocrx_word' id='word_1_911' title='bbox 1680 2163 1813 2197; x_wconf 87' lang='lat' dir='ltr'>vincet,</span> <span class='ocrx_word' id='word_1_912' title='bbox 1837 2156 1860 2190; x_wconf 85' lang='lat' dir='ltr'>fi</span> <span class='ocrx_word' id='word_1_913' title='bbox 1885 2159 1923 2189; x_wconf 82' lang='lat'>&amp;</span> <span class='ocrx_word' id='word_1_914' title='bbox 1946 2155 2120 2200; x_wconf 85' lang='lat' dir='ltr'>pistrinum</span> <span class='ocrx_word' id='word_1_915' title='bbox 2145 2153 2415 2190; x_wconf 75' lang='lat' dir='ltr'>contemnensef-</span> 
     </span>
     <span class='ocr_line' id='line_1_109' title="bbox 1477 2202 2413 2250; baseline -0.002 -10"><span class='ocrx_word' id='word_1_916' title='bbox 1477 2207 1599 2248; x_wconf 86' lang='lat' dir='ltr'>sugerit</span> <span class='ocrx_word' id='word_1_917' title='bbox 1620 2218 1629 2238; x_wconf 75' lang='grc' dir='ltr'><strong>ι</strong></span> <span class='ocrx_word' id='word_1_918' title='bbox 1657 2204 1749 2249; x_wconf 88' lang='lat' dir='ltr'>quod</span> <span class='ocrx_word' id='word_1_919' title='bbox 1777 2202 1872 2237; x_wconf 90' lang='lat' dir='ltr'>nullo</span> <span class='ocrx_word' id='word_1_920' title='bbox 1898 2202 2003 2237; x_wconf 91' lang='lat' dir='ltr'>modo</span> <span class='ocrx_word' id='word_1_921' title='bbox 2027 2202 2100 2238; x_wconf 85' lang='lat' dir='ltr'>fieri</span> <span class='ocrx_word' id='word_1_922' title='bbox 2127 2202 2234 2250; x_wconf 85' lang='lat' dir='ltr'>potest</span> <span class='ocrx_word' id='word_1_923' title='bbox 2259 2203 2318 2239; x_wconf 90' lang='lat' dir='ltr'>sub</span> <span class='ocrx_word' id='word_1_924' title='bbox 2343 2206 2413 2240; x_wconf 84' lang='lat' dir='ltr'>Dei</span> 
     </span>
     <span class='ocr_line' id='line_1_110' title="bbox 1478 2251 2592 2303; baseline 0.005 -17"><span class='ocrx_word' id='word_1_925' title='bbox 1478 2251 1651 2300; x_wconf 77' lang='lat' dir='ltr'>potestate.</span> <span class='ocrx_word' id='word_1_926' title='bbox 1679 2251 1778 2288; x_wconf 87' lang='lat' dir='ltr'>Unde</span> <span class='ocrx_word' id='word_1_927' title='bbox 1806 2251 1963 2298; x_wconf 88' lang='lat' dir='ltr'>scriptum</span> <span class='ocrx_word' id='word_1_928' title='bbox 1988 2252 2058 2292; x_wconf 88' lang='lat' dir='ltr'>est,</span> <span class='ocrx_word' id='word_1_929' title='bbox 2083 2252 2190 2283; x_wconf 80' lang='lat' dir='ltr'>Semel</span> <span class='ocrx_word' id='word_1_930' title='bbox 2213 2252 2338 2286; x_wconf 70' lang='lat' dir='ltr'>locutus</span> <span class='ocrx_word' id='word_1_931' title='bbox 2366 2251 2414 2293; x_wconf 62' lang='lat' dir='ltr'>es}</span> <span class='ocrx_word' id='word_1_932' title='bbox 2429 2263 2592 2303; x_wconf 55' lang='lat' dir='ltr'>Pszsisz.</span> 
     </span>
     <span class='ocr_line' id='line_1_111' title="bbox 1476 2299 2415 2348; baseline 0.004 -12"><span class='ocrx_word' id='word_1_933' title='bbox 1476 2303 1592 2344; x_wconf 79' lang='lat' dir='ltr'>Deus,</span> <span class='ocrx_word' id='word_1_934' title='bbox 1617 2299 1684 2336; x_wconf 91' lang='lat' dir='ltr'>hoc</span> <span class='ocrx_word' id='word_1_935' title='bbox 1711 2301 1781 2341; x_wconf 86' lang='lat' dir='ltr'>est,</span> <span class='ocrx_word' id='word_1_936' title='bbox 1807 2299 2140 2336; x_wconf 86' lang='lat' dir='ltr'>incommutabiliter:</span> <span class='ocrx_word' id='word_1_937' title='bbox 2165 2305 2415 2348; x_wconf 82' lang='lat' dir='ltr'>quamquam&amp;</span> 
     </span>
     <span class='ocr_line' id='line_1_112' title="bbox 1476 2348 2417 2397; baseline 0.001 -10"><span class='ocrx_word' id='word_1_938' title='bbox 1476 2353 1516 2388; x_wconf 88' lang='lat' dir='ltr'>de</span> <span class='ocrx_word' id='word_1_939' title='bbox 1542 2355 1642 2386; x_wconf 87' lang='lat' dir='ltr'>unico</span> <span class='ocrx_word' id='word_1_940' title='bbox 1667 2349 1785 2386; x_wconf 90' lang='lat' dir='ltr'>Verbo</span> <span class='ocrx_word' id='word_1_941' title='bbox 1811 2350 1909 2397; x_wconf 83' lang='lat' dir='ltr'>poffit</span> <span class='ocrx_word' id='word_1_942' title='bbox 1933 2348 2096 2396; x_wconf 88' lang='lat' dir='ltr'>intelligi.</span> <span class='ocrx_word' id='word_1_943' title='bbox 2122 2350 2254 2387; x_wconf 89' lang='lat' dir='ltr'>Deinde</span> <span class='ocrx_word' id='word_1_944' title='bbox 2278 2349 2417 2397; x_wconf 76' lang='lat' dir='ltr'>subjun-</span> 
     </span>
     <span class='ocr_line' id='line_1_113' title="bbox 1474 2398 2506 2448; baseline -0.001 -11"><span class='ocrx_word' id='word_1_945' title='bbox 1474 2415 1554 2448; x_wconf 83' lang='lat' dir='ltr'>gens</span> <span class='ocrx_word' id='word_1_946' title='bbox 1590 2400 1670 2448; x_wconf 89' lang='lat' dir='ltr'>quid</span> <span class='ocrx_word' id='word_1_947' title='bbox 1704 2398 2022 2436; x_wconf 84' lang='lat' dir='ltr'>incommutabiliter</span> <span class='ocrx_word' id='word_1_948' title='bbox 2057 2398 2096 2436; x_wconf 86' lang='lat' dir='ltr'>fit</span> <span class='ocrx_word' id='word_1_949' title='bbox 2138 2399 2300 2438; x_wconf 85' lang='lat' dir='ltr'>locutus:</span> <span class='ocrx_word' id='word_1_950' title='bbox 2335 2401 2411 2437; x_wconf 86' lang='lat' dir='ltr'>Duo</span> <span class='ocrx_word' id='word_1_951' title='bbox 2471 2404 2474 2406; x_wconf 73' lang='grc'>’</span> <span class='ocrx_word' id='word_1_952' title='bbox 2503 2398 2506 2404; x_wconf 92' lang='grc'>’</span> 
     </span>
     <span class='ocr_line' id='line_1_114' title="bbox 1474 2449 2413 2497; baseline 0.002 -14"><span class='ocrx_word' id='word_1_953' title='bbox 1474 2451 1564 2494; x_wconf 82' lang='lat' dir='ltr'>haec,</span> <span class='ocrx_word' id='word_1_954' title='bbox 1589 2452 1722 2497; x_wconf 90' lang='lat' dir='ltr'>inquit,</span> <span class='ocrx_word' id='word_1_955' title='bbox 1749 2449 1895 2492; x_wconf 81' lang='lat' dir='ltr'>andivi,</span> <span class='ocrx_word' id='word_1_956' title='bbox 1921 2449 2072 2495; x_wconf 82' lang='lat' dir='ltr'>quoniam</span> <span class='ocrx_word' id='word_1_957' title='bbox 2094 2449 2237 2496; x_wconf 80' lang='lat' dir='ltr'>potestas</span> <span class='ocrx_word' id='word_1_958' title='bbox 2261 2449 2413 2496; x_wconf 56' lang='lat' dir='ltr'>Deiaesk</span> 
     </span>
     <span class='ocr_line' id='line_1_115' title="bbox 1477 2498 2413 2547; baseline 0.006 -16"><span class='ocrx_word' id='word_1_959' title='bbox 1477 2498 1520 2532; x_wconf 71' lang='lat'>(9⁰</span> <span class='ocrx_word' id='word_1_960' title='bbox 1546 2499 1607 2532; x_wconf 80' lang='lat' dir='ltr'>tibi</span> <span class='ocrx_word' id='word_1_961' title='bbox 1635 2499 1773 2533; x_wconf 81' lang='lat' dir='ltr'>Domine</span> <span class='ocrx_word' id='word_1_962' title='bbox 1799 2499 2038 2547; x_wconf 77' lang='lat' dir='ltr'>misericordia,</span> <span class='ocrx_word' id='word_1_963' title='bbox 2064 2500 2142 2545; x_wconf 81' lang='lat' dir='ltr'>quia</span> <span class='ocrx_word' id='word_1_964' title='bbox 2152 2509 2187 2533; x_wconf 84' lang='lat' dir='ltr'>tu</span> <span class='ocrx_word' id='word_1_965' title='bbox 2214 2500 2331 2536; x_wconf 75' lang='lat' dir='ltr'>reddes</span> <span class='ocrx_word' id='word_1_966' title='bbox 2341 2504 2413 2537; x_wconf 47' lang='lat' dir='ltr'>aiii,</span> 
     </span>
     <span class='ocr_line' id='line_1_116' title="bbox 1474 2549 2412 2599; baseline 0.005 -15"><span class='ocrx_word' id='word_1_967' title='bbox 1474 2549 1589 2595; x_wconf 81' lang='lat' dir='ltr'>cuique</span> <span class='ocrx_word' id='word_1_968' title='bbox 1609 2549 1784 2594; x_wconf 81' lang='lat' dir='ltr'>secundum</span> <span class='ocrx_word' id='word_1_969' title='bbox 1812 2558 1907 2596; x_wconf 83' lang='lat' dir='ltr'>opera</span> <span class='ocrx_word' id='word_1_970' title='bbox 1927 2550 2008 2596; x_wconf 87' lang='lat' dir='ltr'>sua.</span> <span class='ocrx_word' id='word_1_971' title='bbox 2034 2549 2096 2588; x_wconf 92' lang='lat' dir='ltr'>Ille</span> <span class='ocrx_word' id='word_1_972' title='bbox 2121 2554 2223 2599; x_wconf 86' lang='lat' dir='ltr'>igitur</span> <span class='ocrx_word' id='word_1_973' title='bbox 2251 2554 2412 2589; x_wconf 77' lang='lat' dir='ltr'>reus²erit</span> 
     </span>
     <span class='ocr_line' id='line_1_117' title="bbox 1474 2600 2412 2651; baseline 0.003 -15"><span class='ocrx_word' id='word_1_974' title='bbox 1474 2602 1514 2637; x_wconf 86' lang='lat' dir='ltr'>ad</span> <span class='ocrx_word' id='word_1_975' title='bbox 1542 2602 1788 2637; x_wconf 85' lang='lat' dir='ltr'>damnationem</span> <span class='ocrx_word' id='word_1_976' title='bbox 1814 2600 1874 2638; x_wconf 90' lang='lat' dir='ltr'>sub</span> <span class='ocrx_word' id='word_1_977' title='bbox 1895 2600 2056 2648; x_wconf 81' lang='lat' dir='ltr'>potestate</span> <span class='ocrx_word' id='word_1_978' title='bbox 2075 2604 2169 2648; x_wconf 84' lang='lat' dir='ltr'>ejus,</span> <span class='ocrx_word' id='word_1_979' title='bbox 2195 2604 2412 2651; x_wconf 83' lang='lat' dir='ltr'>quicontem·</span> 
     </span>
     <span class='ocr_line' id='line_1_118' title="bbox 1473 2651 2412 2700; baseline 0.001 -13"><span class='ocrx_word' id='word_1_980' title='bbox 1473 2651 1552 2687; x_wconf 87' lang='lat' dir='ltr'>serit</span> <span class='ocrx_word' id='word_1_981' title='bbox 1576 2651 1616 2687; x_wconf 89' lang='lat' dir='ltr'>ad</span> <span class='ocrx_word' id='word_1_982' title='bbox 1642 2651 1843 2688; x_wconf 87' lang='lat' dir='ltr'>credendum</span> <span class='ocrx_word' id='word_1_983' title='bbox 1867 2651 2123 2690; x_wconf 86' lang='lat' dir='ltr'>misericordiam</span> <span class='ocrx_word' id='word_1_984' title='bbox 2137 2654 2222 2696; x_wconf 74' lang='lat' dir='ltr'>eiuS.</span> <span class='ocrx_word' id='word_1_985' title='bbox 2251 2653 2412 2700; x_wconf 86' lang='lat' dir='ltr'>Quisquis</span> 
     </span>
     <span class='ocr_line' id='line_1_119' title="bbox 1473 2702 2411 2751; baseline 0.003 -14"><span class='ocrx_word' id='word_1_986' title='bbox 1473 2714 1583 2738; x_wconf 88' lang='lat' dir='ltr'>autem</span> <span class='ocrx_word' id='word_1_987' title='bbox 1621 2702 1826 2740; x_wconf 62' lang='lat' dir='ltr'>crediderim</span> <span class='ocrx_word' id='word_1_988' title='bbox 1860 2706 1956 2750; x_wconf 89' lang='lat' dir='ltr'>eique</span> <span class='ocrx_word' id='word_1_989' title='bbox 1982 2702 2012 2739; x_wconf 76' lang='lat' dir='ltr'>se</span> <span class='ocrx_word' id='word_1_990' title='bbox 2036 2716 2054 2740; x_wconf 86' lang='lat' dir='ltr'>a</span> <span class='ocrx_word' id='word_1_991' title='bbox 2080 2707 2221 2751; x_wconf 81' lang='lat' dir='ltr'>peccatis</span> <span class='ocrx_word' id='word_1_992' title='bbox 2254 2703 2411 2740; x_wconf 81' lang='lat' dir='ltr'>omnibus</span> 
     </span>
     <span class='ocr_line' id='line_1_120' title="bbox 1475 2751 2411 2795; baseline 0.001 -6"><span class='ocrx_word' id='word_1_993' title='bbox 1475 2751 1713 2789; x_wconf 88' lang='lat' dir='ltr'>absolvendum</span> <span class='ocrx_word' id='word_1_994' title='bbox 1729 2778 1741 2795; x_wconf 94' lang='lat'>,</span> <span class='ocrx_word' id='word_1_995' title='bbox 1775 2757 1809 2788; x_wconf 72' lang='grc' dir='ltr'>δε</span> <span class='ocrx_word' id='word_1_996' title='bbox 1834 2752 1875 2789; x_wconf 90' lang='lat' dir='ltr'>ab</span> <span class='ocrx_word' id='word_1_997' title='bbox 1901 2752 2057 2790; x_wconf 84' lang='lat' dir='ltr'>omnibus</span> <span class='ocrx_word' id='word_1_998' title='bbox 2083 2757 2171 2789; x_wconf 82' lang='lat' dir='ltr'>vitiis</span> <span class='ocrx_word' id='word_1_999' title='bbox 2197 2754 2371 2790; x_wconf 81' lang='lat' dir='ltr'>ianandum</span> <span class='ocrx_word' id='word_1_1000' title='bbox 2398 2779 2411 2795; x_wconf 88' lang='lat'>‚</span> 
     </span>
     <span class='ocr_line' id='line_1_121' title="bbox 1476 2801 2411 2846; baseline 0.001 -7"><span class='ocrx_word' id='word_1_1001' title='bbox 1476 2807 1510 2839; x_wconf 72' lang='grc' dir='ltr'>δε</span> <span class='ocrx_word' id='word_1_1002' title='bbox 1536 2801 1644 2838; x_wconf 85' lang='lat' dir='ltr'>calore</span> <span class='ocrx_word' id='word_1_1003' title='bbox 1669 2816 1707 2839; x_wconf 91' lang='lat' dir='ltr'>ac</span> <span class='ocrx_word' id='word_1_1004' title='bbox 1731 2804 1858 2839; x_wconf 88' lang='lat' dir='ltr'>lumine</span> <span class='ocrx_word' id='word_1_1005' title='bbox 1883 2804 1951 2846; x_wconf 83' lang='lat' dir='ltr'>ejus</span> <span class='ocrx_word' id='word_1_1006' title='bbox 1970 2803 2218 2840; x_wconf 84' lang='lat' dir='ltr'>accendendum</span> <span class='ocrx_word' id='word_1_1007' title='bbox 2228 2803 2411 2840; x_wconf 81' lang='lat' dir='ltr'>illuminan-</span> 
     </span>
     <span class='ocr_line' id='line_1_122' title="bbox 1474 2851 2583 2901; baseline 0.001 -13"><span class='ocrx_word' id='word_1_1008' title='bbox 1474 2855 1622 2899; x_wconf 89' lang='lat' dir='ltr'>dumque</span> <span class='ocrx_word' id='word_1_1009' title='bbox 1650 2853 1874 2895; x_wconf 88' lang='lat' dir='ltr'>commiserit,</span> <span class='ocrx_word' id='word_1_1010' title='bbox 1899 2851 2033 2890; x_wconf 86' lang='lat' dir='ltr'>habebit</span> <span class='ocrx_word' id='word_1_1011' title='bbox 2060 2866 2103 2889; x_wconf 86' lang='lat' dir='ltr'>ex</span> <span class='ocrx_word' id='word_1_1012' title='bbox 2127 2856 2196 2898; x_wconf 90' lang='lat' dir='ltr'>ejus</span> <span class='ocrx_word' id='word_1_1013' title='bbox 2219 2852 2409 2900; x_wconf 53' lang='lat' dir='ltr'>gratiaopess</span> <span class='ocrx_word' id='word_1_1014' title='bbox 2579 2893 2583 2901; x_wconf 54' lang='lat'>„</span> 
     </span>
     <span class='ocr_line' id='line_1_123' title="bbox 1474 2897 2581 2951; baseline -0.003 -11"><span class='ocrx_word' id='word_1_1015' title='bbox 1474 2917 1508 2940; x_wconf 87' lang='lat' dir='ltr'>ra</span> <span class='ocrx_word' id='word_1_1016' title='bbox 1535 2903 1622 2939; x_wconf 91' lang='lat' dir='ltr'>bona</span> <span class='ocrx_word' id='word_1_1017' title='bbox 1642 2928 1655 2945; x_wconf 91' lang='lat'>,</span> <span class='ocrx_word' id='word_1_1018' title='bbox 1687 2916 1729 2939; x_wconf 85' lang='lat' dir='ltr'>ex</span> <span class='ocrx_word' id='word_1_1019' title='bbox 1764 2902 1884 2951; x_wconf 86' lang='lat' dir='ltr'>quibus</span> <span class='ocrx_word' id='word_1_1020' title='bbox 1911 2907 2009 2940; x_wconf 82' lang='lat' dir='ltr'>etiarn</span> <span class='ocrx_word' id='word_1_1021' title='bbox 2036 2904 2213 2941; x_wconf 86' lang='lat' dir='ltr'>secundum</span> <span class='ocrx_word' id='word_1_1022' title='bbox 2242 2914 2364 2948; x_wconf 77' lang='lat' dir='ltr'>corpus</span> <span class='ocrx_word' id='word_1_1023' title='bbox 2389 2915 2406 2938; x_wconf 88' lang='lat' dir='ltr'>a</span> <span class='ocrx_word' id='word_1_1024' title='bbox 2424 2897 2581 2936; x_wconf 70' lang='lat' dir='ltr'>Operaba-</span> 
     </span>
     <span class='ocr_line' id='line_1_124' title="bbox 1475 2947 2588 3009; baseline -0.002 -19"><span class='ocrx_word' id='word_1_1025' title='bbox 1475 2958 1592 2991; x_wconf 84' lang='lat' dir='ltr'>mortis</span> <span class='ocrx_word' id='word_1_1026' title='bbox 1616 2957 1831 3002; x_wconf 84' lang='lat' dir='ltr'>corruptione</span> <span class='ocrx_word' id='word_1_1027' title='bbox 1850 2953 2049 2997; x_wconf 86' lang='lat' dir='ltr'>redimatur,</span> <span class='ocrx_word' id='word_1_1028' title='bbox 2075 2964 2275 2994; x_wconf 85' lang='lat' dir='ltr'>coronetur,</span> <span class='ocrx_word' id='word_1_1029' title='bbox 2300 2950 2407 2988; x_wconf 61' lang='lat' dir='ltr'>bonit:</span> <span class='ocrx_word' id='word_1_1030' title='bbox 2425 2947 2469 3009; x_wconf 53' lang='grc' dir='ltr'>ξιξ</span> <span class='ocrx_word' id='word_1_1031' title='bbox 2479 2947 2588 2977; x_wconf 54' lang='lat'>²¹3¹*</span> 
     </span>
     <span class='ocr_line' id='line_1_125' title="bbox 1475 3000 2486 3052; baseline -0.003 -13"><span class='ocrx_word' id='word_1_1032' title='bbox 1475 3018 1542 3052; x_wconf 89' lang='lat' dir='ltr'>que</span> <span class='ocrx_word' id='word_1_1033' title='bbox 1566 3004 1718 3047; x_wconf 77' lang='lat' dir='ltr'>iatietur,</span> <span class='ocrx_word' id='word_1_1034' title='bbox 1744 3016 1812 3039; x_wconf 90' lang='lat' dir='ltr'>non</span> <span class='ocrx_word' id='word_1_1035' title='bbox 1839 3004 2097 3051; x_wconf 70' lang='lat' dir='ltr'>temporalibus,</span> <span class='ocrx_word' id='word_1_1036' title='bbox 2123 3003 2174 3039; x_wconf 87' lang='lat' dir='ltr'>sed</span> <span class='ocrx_word' id='word_1_1037' title='bbox 2185 3005 2333 3046; x_wconf 83' lang='lat' dir='ltr'>aeterm&#39;s,</span> <span class='ocrx_word' id='word_1_1038' title='bbox 2359 3001 2408 3038; x_wconf 85' lang='lat' dir='ltr'>su·</span> <span class='ocrx_word' id='word_1_1039' title='bbox 2477 3000 2486 3009; x_wconf 83' lang='grc'><strong>”</strong></span> 
     </span>
     <span class='ocr_line' id='line_1_126' title="bbox 1477 3054 2377 3104; baseline -0.002 -14"><span class='ocrx_word' id='word_1_1040' title='bbox 1477 3068 1536 3104; x_wconf 88' lang='lat' dir='ltr'>pra</span> <span class='ocrx_word' id='word_1_1041' title='bbox 1561 3066 1660 3101; x_wconf 83' lang='lat' dir='ltr'>quam</span> <span class='ocrx_word' id='word_1_1042' title='bbox 1689 3057 1830 3101; x_wconf 81' lang='lat' dir='ltr'>petimus</span> <span class='ocrx_word' id='word_1_1043' title='bbox 1856 3057 1889 3090; x_wconf 90' lang='lat'>&amp;</span> <span class='ocrx_word' id='word_1_1044' title='bbox 1914 3054 2148 3100; x_wconf 88' lang='lat' dir='ltr'>intelligimus.</span> <span class='ocrx_word' id='word_1_1045' title='bbox 2375 3075 2377 3078; x_wconf 94' lang='lat'><em>-</em></span> 
     </span>
     <span class='ocr_line' id='line_1_127' title="bbox 1528 3096 2565 3147; baseline -0.006 -6"><span class='ocrx_word' id='word_1_1046' title='bbox 1528 3106 1632 3141; x_wconf 90' lang='lat' dir='ltr'>Hunc</span> <span class='ocrx_word' id='word_1_1047' title='bbox 1656 3105 1811 3141; x_wconf 87' lang='lat' dir='ltr'>ordinem</span> <span class='ocrx_word' id='word_1_1048' title='bbox 1836 3108 1942 3141; x_wconf 86' lang='lat' dir='ltr'>tenuit</span> <span class='ocrx_word' id='word_1_1049' title='bbox 1962 3102 2129 3144; x_wconf 69' lang='lat' dir='ltr'>psalmus,</span> <span class='ocrx_word' id='word_1_1050' title='bbox 2164 3102 2220 3139; x_wconf 89' lang='lat' dir='ltr'>ubi</span> <span class='ocrx_word' id='word_1_1051' title='bbox 2246 3103 2370 3139; x_wconf 87' lang='lat' dir='ltr'>dicitur</span> <span class='ocrx_word' id='word_1_1052' title='bbox 2394 3096 2519 3147; x_wconf 60' lang='lat' dir='ltr'>,Eph‘fi</span> <span class='ocrx_word' id='word_1_1053' title='bbox 2535 3109 2565 3136; x_wconf 88' lang='lat'>3·</span> 
     </span>
    </p>
   </div>
   <div class='ocr_carea' id='block_1_7' title="bbox 1475 3147 2586 3218">
    <p class='ocr_par' dir='ltr' id='par_1_11' title="bbox 1475 3147 2586 3218">
     <span class='ocr_line' id='line_1_128' title="bbox 1475 3147 2586 3218; baseline -0.002 -29"><span class='ocrx_word' id='word_1_1054' title='bbox 1475 3154 1620 3189; x_wconf 78' lang='lat' dir='ltr'>Benedic</span> <span class='ocrx_word' id='word_1_1055' title='bbox 1644 3154 1756 3188; x_wconf 81' lang='lat' dir='ltr'>anima</span> <span class='ocrx_word' id='word_1_1056' title='bbox 1782 3166 1850 3188; x_wconf 83' lang='lat' dir='ltr'>mea</span> <span class='ocrx_word' id='word_1_1057' title='bbox 1876 3152 2069 3196; x_wconf 81' lang='lat' dir='ltr'>Dominum,</span> <span class='ocrx_word' id='word_1_1058' title='bbox 2097 3152 2139 3186; x_wconf 71' lang='lat'>(9¹</span> <span class='ocrx_word' id='word_1_1059' title='bbox 2165 3152 2231 3186; x_wconf 85' lang='lat' dir='ltr'>noli</span> <span class='ocrx_word' id='word_1_1060' title='bbox 2255 3152 2406 3198; x_wconf 82' lang='lat' dir='ltr'>oblivisci</span> <span class='ocrx_word' id='word_1_1061' title='bbox 2422 3147 2472 3218; x_wconf 46' lang='lat' dir='ltr'>{Ji</span> <span class='ocrx_word' id='word_1_1062' title='bbox 2482 3154 2586 3213; x_wconf 48' lang='lat' dir='ltr'>inid]</span> 
     </span>
    </p>
   </div>
   <div class='ocr_carea' id='block_1_8' title="bbox 1470 3201 2542 3943">
    <p class='ocr_par' dir='ltr' id='par_1_12' title="bbox 1470 3201 2542 3943">
     <span class='ocr_line' id='line_1_129' title="bbox 1474 3201 2404 3248; baseline -0.001 -10"><span class='ocrx_word' id='word_1_1063' title='bbox 1474 3216 1580 3238; x_wconf 84' lang='lat' dir='ltr'>omnes</span> <span class='ocrx_word' id='word_1_1064' title='bbox 1605 3204 1834 3238; x_wconf 80' lang='lat' dir='ltr'>retributiones</span> <span class='ocrx_word' id='word_1_1065' title='bbox 1860 3204 1946 3246; x_wconf 77' lang='lat' dir='ltr'>ejus:</span> <span class='ocrx_word' id='word_1_1066' title='bbox 1973 3201 2031 3247; x_wconf 80' lang='lat' dir='ltr'>qui</span> <span class='ocrx_word' id='word_1_1067' title='bbox 2055 3202 2214 3248; x_wconf 81' lang='lat' dir='ltr'>propitius</span> <span class='ocrx_word' id='word_1_1068' title='bbox 2236 3201 2280 3244; x_wconf 78' lang='lat' dir='ltr'>fit</span> <span class='ocrx_word' id='word_1_1069' title='bbox 2305 3203 2404 3238; x_wconf 84' lang='lat' dir='ltr'>omni·</span> 
     </span>
     <span class='ocr_line' id='line_1_130' title="bbox 1473 3251 2404 3299; baseline -0.002 -10"><span class='ocrx_word' id='word_1_1070' title='bbox 1473 3255 1534 3289; x_wconf 84' lang='lat' dir='ltr'>bus</span> <span class='ocrx_word' id='word_1_1071' title='bbox 1560 3253 1789 3299; x_wconf 80' lang='lat' dir='ltr'>iniquitatibus</span> <span class='ocrx_word' id='word_1_1072' title='bbox 1815 3252 1878 3286; x_wconf 78' lang='lat' dir='ltr'>tuis</span> <span class='ocrx_word' id='word_1_1073' title='bbox 1897 3267 1909 3286; x_wconf 88' lang='grc'>.-</span> <span class='ocrx_word' id='word_1_1074' title='bbox 1944 3252 1999 3297; x_wconf 86' lang='lat' dir='ltr'>qui</span> <span class='ocrx_word' id='word_1_1075' title='bbox 2019 3251 2117 3296; x_wconf 81' lang='lat' dir='ltr'>sanat</span> <span class='ocrx_word' id='word_1_1076' title='bbox 2143 3264 2242 3286; x_wconf 81' lang='lat' dir='ltr'>omnes</span> <span class='ocrx_word' id='word_1_1077' title='bbox 2269 3251 2404 3298; x_wconf 77' lang='lat' dir='ltr'>languo-</span> 
     </span>
     <span class='ocr_line' id='line_1_131' title="bbox 1473 3301 2402 3351; baseline -0.003 -12"><span class='ocrx_word' id='word_1_1078' title='bbox 1473 3317 1524 3339; x_wconf 85' lang='lat' dir='ltr'>res</span> <span class='ocrx_word' id='word_1_1079' title='bbox 1549 3313 1643 3347; x_wconf 71' lang='lat' dir='ltr'>rum,</span> <span class='ocrx_word' id='word_1_1080' title='bbox 1668 3306 1726 3351; x_wconf 76' lang='lat' dir='ltr'>qui</span> <span class='ocrx_word' id='word_1_1081' title='bbox 1752 3302 1882 3337; x_wconf 77' lang='lat' dir='ltr'>redimit</span> <span class='ocrx_word' id='word_1_1082' title='bbox 1908 3302 1948 3335; x_wconf 86' lang='lat' dir='ltr'>de</span> <span class='ocrx_word' id='word_1_1083' title='bbox 1968 3302 2170 3348; x_wconf 80' lang='lat' dir='ltr'>corruptione</span> <span class='ocrx_word' id='word_1_1084' title='bbox 2180 3301 2288 3336; x_wconf 79' lang='lat' dir='ltr'>vitam</span> <span class='ocrx_word' id='word_1_1085' title='bbox 2301 3311 2402 3347; x_wconf 79' lang='lat' dir='ltr'>tuam,</span> 
     </span>
     <span class='ocr_line' id='line_1_132' title="bbox 1470 3351 2401 3401; baseline -0.001 -14"><span class='ocrx_word' id='word_1_1086' title='bbox 1470 3353 1526 3401; x_wconf 77' lang='lat' dir='ltr'>qui</span> <span class='ocrx_word' id='word_1_1087' title='bbox 1553 3365 1682 3387; x_wconf 76' lang='lat' dir='ltr'>coronat</span> <span class='ocrx_word' id='word_1_1088' title='bbox 1708 3363 1738 3387; x_wconf 83' lang='lat' dir='ltr'>te</span> <span class='ocrx_word' id='word_1_1089' title='bbox 1764 3351 1799 3386; x_wconf 83' lang='lat' dir='ltr'>in</span> <span class='ocrx_word' id='word_1_1090' title='bbox 1824 3351 2052 3397; x_wconf 85' lang='lat' dir='ltr'>miserationem</span> <span class='ocrx_word' id='word_1_1091' title='bbox 2080 3351 2123 3386; x_wconf 64' lang='grc' dir='ltr'>(Ὺ</span> <span class='ocrx_word' id='word_1_1092' title='bbox 2147 3351 2364 3397; x_wconf 84' lang='lat' dir='ltr'>misericordia</span> <span class='ocrx_word' id='word_1_1093' title='bbox 2391 3380 2401 3397; x_wconf 86' lang='lat'>‚</span> 
     </span>
     <span class='ocr_line' id='line_1_133' title="bbox 1470 3400 2402 3449; baseline 0.002 -12"><span class='ocrx_word' id='word_1_1094' title='bbox 1470 3403 1526 3449; x_wconf 84' lang='lat' dir='ltr'>qui</span> <span class='ocrx_word' id='word_1_1095' title='bbox 1544 3403 1645 3448; x_wconf 80' lang='lat' dir='ltr'>satiat</span> <span class='ocrx_word' id='word_1_1096' title='bbox 1671 3404 1704 3437; x_wconf 86' lang='lat' dir='ltr'>in</span> <span class='ocrx_word' id='word_1_1097' title='bbox 1730 3401 1818 3436; x_wconf 87' lang='lat' dir='ltr'>bonis</span> <span class='ocrx_word' id='word_1_1098' title='bbox 1829 3400 2020 3443; x_wconf 78' lang='lat' dir='ltr'>desiderium</span> <span class='ocrx_word' id='word_1_1099' title='bbox 2031 3411 2120 3436; x_wconf 87' lang='lat' dir='ltr'>tuum</span> <span class='ocrx_word' id='word_1_1100' title='bbox 2141 3431 2150 3438; x_wconf 93' lang='lat'>.</span> <span class='ocrx_word' id='word_1_1101' title='bbox 2183 3405 2228 3438; x_wconf 88' lang='lat' dir='ltr'>Et</span> <span class='ocrx_word' id='word_1_1102' title='bbox 2239 3416 2280 3438; x_wconf 90' lang='lat' dir='ltr'>ne</span> <span class='ocrx_word' id='word_1_1103' title='bbox 2314 3403 2402 3440; x_wconf 85' lang='lat' dir='ltr'>forte</span> 
     </span>
     <span class='ocr_line' id='line_1_134' title="bbox 1474 3451 2402 3500; baseline -0.001 -10"><span class='ocrx_word' id='word_1_1104' title='bbox 1474 3454 1546 3491; x_wconf 87' lang='lat' dir='ltr'>haec</span> <span class='ocrx_word' id='word_1_1105' title='bbox 1571 3465 1658 3490; x_wconf 88' lang='lat' dir='ltr'>tanta</span> <span class='ocrx_word' id='word_1_1106' title='bbox 1684 3453 1769 3488; x_wconf 88' lang='lat' dir='ltr'>bona</span> <span class='ocrx_word' id='word_1_1107' title='bbox 1793 3452 1892 3500; x_wconf 89' lang='lat' dir='ltr'>hujus</span> <span class='ocrx_word' id='word_1_1108' title='bbox 1921 3453 2107 3496; x_wconf 87' lang='lat' dir='ltr'>vetustatis,</span> <span class='ocrx_word' id='word_1_1109' title='bbox 2133 3451 2201 3489; x_wconf 88' lang='lat' dir='ltr'>hoc</span> <span class='ocrx_word' id='word_1_1110' title='bbox 2220 3452 2286 3497; x_wconf 92' lang='lat' dir='ltr'>est,</span> <span class='ocrx_word' id='word_1_1111' title='bbox 2310 3466 2402 3490; x_wconf 86' lang='lat' dir='ltr'>mor·</span> 
     </span>
     <span class='ocr_line' id='line_1_135' title="bbox 1474 3503 2542 3558; baseline 0 -19"><span class='ocrx_word' id='word_1_1112' title='bbox 1474 3504 1606 3539; x_wconf 86' lang='lat' dir='ltr'>talitatis</span> <span class='ocrx_word' id='word_1_1113' title='bbox 1631 3503 1822 3539; x_wconf 85' lang='lat' dir='ltr'>deformitas</span> <span class='ocrx_word' id='word_1_1114' title='bbox 1845 3503 2052 3551; x_wconf 64' lang='lat' dir='ltr'>desperarem</span> <span class='ocrx_word' id='word_1_1115' title='bbox 2076 3503 2328 3545; x_wconf 83' lang='lat' dir='ltr'>Renovabitur,</span> <span class='ocrx_word' id='word_1_1116' title='bbox 2354 3507 2402 3540; x_wconf 86' lang='lat' dir='ltr'>in·</span> <span class='ocrx_word' id='word_1_1117' title='bbox 2419 3517 2494 3550; x_wconf 58' lang='grc' dir='ltr'>Μὴ),</span> <span class='ocrx_word' id='word_1_1118' title='bbox 2513 3527 2542 3558; x_wconf 71' lang='grc' dir='ltr'>ς,</span> 
     </span>
     <span class='ocr_line' id='line_1_136' title="bbox 1473 3551 2400 3601; baseline -0.001 -11"><span class='ocrx_word' id='word_1_1119' title='bbox 1473 3556 1568 3601; x_wconf 88' lang='lat' dir='ltr'>quit,</span> <span class='ocrx_word' id='word_1_1120' title='bbox 1589 3551 1671 3592; x_wconf 79' lang='lat' dir='ltr'>licut</span> <span class='ocrx_word' id='word_1_1121' title='bbox 1696 3552 1813 3597; x_wconf 79' lang='lat' dir='ltr'>aquilae</span> <span class='ocrx_word' id='word_1_1122' title='bbox 1834 3554 1995 3596; x_wconf 82' lang='lat' dir='ltr'>juventus</span> <span class='ocrx_word' id='word_1_1123' title='bbox 2021 3563 2078 3586; x_wconf 77' lang='lat' dir='ltr'>tua</span> <span class='ocrx_word' id='word_1_1124' title='bbox 2097 3578 2106 3586; x_wconf 95' lang='lat'>.</span> <span class='ocrx_word' id='word_1_1125' title='bbox 2140 3554 2328 3600; x_wconf 75' lang='lat' dir='ltr'>Tamquam</span> <span class='ocrx_word' id='word_1_1126' title='bbox 2352 3554 2400 3589; x_wconf 85' lang='lat' dir='ltr'>di-</span> 
     </span>
     <span class='ocr_line' id='line_1_137' title="bbox 1473 3601 2400 3650; baseline 0.001 -12"><span class='ocrx_word' id='word_1_1127' title='bbox 1473 3614 1584 3645; x_wconf 91' lang='lat' dir='ltr'>ceret,</span> <span class='ocrx_word' id='word_1_1128' title='bbox 1609 3605 1691 3639; x_wconf 77' lang='lat' dir='ltr'>Haec</span> <span class='ocrx_word' id='word_1_1129' title='bbox 1717 3615 1790 3650; x_wconf 83' lang='lat' dir='ltr'>quae</span> <span class='ocrx_word' id='word_1_1130' title='bbox 1815 3602 1928 3639; x_wconf 90' lang='lat' dir='ltr'>audisti</span> <span class='ocrx_word' id='word_1_1131' title='bbox 1954 3605 1995 3641; x_wconf 91' lang='lat' dir='ltr'>ad</span> <span class='ocrx_word' id='word_1_1132' title='bbox 2020 3615 2148 3639; x_wconf 88' lang='lat' dir='ltr'>novum</span> <span class='ocrx_word' id='word_1_1133' title='bbox 2172 3601 2345 3640; x_wconf 86' lang='lat' dir='ltr'>hominem</span> <span class='ocrx_word' id='word_1_1134' title='bbox 2365 3607 2400 3639; x_wconf 88' lang='lat'>&amp;</span> 
     </span>
     <span class='ocr_line' id='line_1_138' title="bbox 1474 3653 2401 3700; baseline -0.001 -11"><span class='ocrx_word' id='word_1_1135' title='bbox 1474 3654 1513 3689; x_wconf 90' lang='lat' dir='ltr'>ad</span> <span class='ocrx_word' id='word_1_1136' title='bbox 1540 3665 1664 3688; x_wconf 87' lang='lat' dir='ltr'>novum</span> <span class='ocrx_word' id='word_1_1137' title='bbox 1691 3656 1855 3700; x_wconf 90' lang='lat' dir='ltr'>pertinent</span> <span class='ocrx_word' id='word_1_1138' title='bbox 1879 3653 2106 3691; x_wconf 87' lang='lat' dir='ltr'>testamentum</span> <span class='ocrx_word' id='word_1_1139' title='bbox 2126 3677 2136 3686; x_wconf 84' lang='lat'>.</span> <span class='ocrx_word' id='word_1_1140' title='bbox 2169 3653 2297 3691; x_wconf 82' lang='lat' dir='ltr'>Recole</span> <span class='ocrx_word' id='word_1_1141' title='bbox 2331 3665 2401 3689; x_wconf 87' lang='lat' dir='ltr'>me-</span> 
     </span>
     <span class='ocr_line' id='line_1_139' title="bbox 1477 3702 2402 3751; baseline 0 -13"><span class='ocrx_word' id='word_1_1142' title='bbox 1477 3716 1554 3738; x_wconf 87' lang='lat' dir='ltr'>cum</span> <span class='ocrx_word' id='word_1_1143' title='bbox 1582 3702 1692 3738; x_wconf 86' lang='lat' dir='ltr'>eadem</span> <span class='ocrx_word' id='word_1_1144' title='bbox 1718 3704 1783 3750; x_wconf 90' lang='lat' dir='ltr'>ipsa</span> <span class='ocrx_word' id='word_1_1145' title='bbox 1808 3703 2001 3751; x_wconf 88' lang='lat' dir='ltr'>paululum,</span> <span class='ocrx_word' id='word_1_1146' title='bbox 2035 3702 2173 3739; x_wconf 82' lang='lat' dir='ltr'>obsecro</span> <span class='ocrx_word' id='word_1_1147' title='bbox 2198 3714 2257 3746; x_wconf 87' lang='lat' dir='ltr'>te,</span> <span class='ocrx_word' id='word_1_1148' title='bbox 2292 3705 2326 3738; x_wconf 89' lang='lat'>&amp;</span> <span class='ocrx_word' id='word_1_1149' title='bbox 2352 3705 2402 3738; x_wconf 86' lang='lat' dir='ltr'>in-</span> 
     </span>
     <span class='ocr_line' id='line_1_140' title="bbox 1477 3750 2400 3800; baseline 0 -12"><span class='ocrx_word' id='word_1_1150' title='bbox 1477 3753 1563 3800; x_wconf 88' lang='lat' dir='ltr'>spice</span> <span class='ocrx_word' id='word_1_1151' title='bbox 1597 3751 1832 3788; x_wconf 67' lang='lat' dir='ltr'>delectabiliter</span> <span class='ocrx_word' id='word_1_1152' title='bbox 1865 3753 1992 3790; x_wconf 82' lang='lat' dir='ltr'>laudem</span> <span class='ocrx_word' id='word_1_1153' title='bbox 2028 3753 2289 3795; x_wconf 67' lang='lat' dir='ltr'>misericordie,</span> <span class='ocrx_word' id='word_1_1154' title='bbox 2331 3750 2400 3789; x_wconf 84' lang='lat' dir='ltr'>hoe</span> 
     </span>
     <span class='ocr_line' id='line_1_141' title="bbox 1478 3802 2399 3851; baseline -0.004 -13"><span class='ocrx_word' id='word_1_1155' title='bbox 1478 3803 1547 3844; x_wconf 85' lang='lat' dir='ltr'>est,</span> <span class='ocrx_word' id='word_1_1156' title='bbox 1571 3804 1681 3848; x_wconf 74' lang='lat' dir='ltr'>gratia:</span> <span class='ocrx_word' id='word_1_1157' title='bbox 1706 3806 1790 3839; x_wconf 90' lang='lat' dir='ltr'>Dei.</span> <span class='ocrx_word' id='word_1_1158' title='bbox 1817 3803 1963 3836; x_wconf 83' lang='lat' dir='ltr'>Benedic</span> <span class='ocrx_word' id='word_1_1159' title='bbox 1983 3829 1994 3845; x_wconf 91' lang='lat'>‚</span> <span class='ocrx_word' id='word_1_1160' title='bbox 2031 3805 2162 3851; x_wconf 84' lang='lat' dir='ltr'>inquit,</span> <span class='ocrx_word' id='word_1_1161' title='bbox 2194 3802 2304 3836; x_wconf 82' lang='lat' dir='ltr'>anima</span> <span class='ocrx_word' id='word_1_1162' title='bbox 2330 3803 2399 3834; x_wconf 67' lang='lat' dir='ltr'>meki</span> 
     </span>
     <span class='ocr_line' id='line_1_142' title="bbox 1477 3850 2399 3898; baseline -0.002 -13"><span class='ocrx_word' id='word_1_1163' title='bbox 1477 3851 1653 3886; x_wconf 85' lang='lat' dir='ltr'>Dominum</span> <span class='ocrx_word' id='word_1_1164' title='bbox 1670 3877 1680 3895; x_wconf 90' lang='lat'>‚</span> <span class='ocrx_word' id='word_1_1165' title='bbox 1717 3851 1760 3885; x_wconf 60' lang='grc' dir='ltr'><em>Θ</em></span> <span class='ocrx_word' id='word_1_1166' title='bbox 1786 3852 1853 3886; x_wconf 86' lang='lat' dir='ltr'>noli</span> <span class='ocrx_word' id='word_1_1167' title='bbox 1878 3852 2025 3898; x_wconf 71' lang='lat' dir='ltr'>oblivifii</span> <span class='ocrx_word' id='word_1_1168' title='bbox 2050 3861 2153 3887; x_wconf 82' lang='lat' dir='ltr'>omnes</span> <span class='ocrx_word' id='word_1_1169' title='bbox 2177 3850 2399 3886; x_wconf 75' lang='lat' dir='ltr'>retributiones</span> 
     </span>
     <span class='ocr_line' id='line_1_143' title="bbox 2267 3912 2349 3943; baseline 0 -9"><span class='ocrx_word' id='word_1_1170' title='bbox 2267 3912 2349 3943; x_wconf 73' lang='lat' dir='ltr'>ejus:</span> 
     </span>
    </p>
   </div>
  </div>
 </body>
</html>
