2652 4126
496 173 1224 230 CHRoNchM

418 268 711 354 THEffpggg}
729 267 788 304 IX.
815 267 881 303 ET
918 266 1244 304 CONSTANTIO

378 366 638 409 Constantius
677 366 726 410 ab
769 366 955 410 Honorio
994 366 1037 410 in
1087 364 1242 409 consor-

317 426 418 469 tium
451 427 565 483 regni
597 425 822 467 assumitur.

406 487 682 541 Hieronymus
742 484 955 539 Presbyter
1005 484 1178 530 moritur
1228 487 1242 521 .“

316 559 423 587 anno
454 547 580 590 aetatis
609 543 681 585 suae
712 556 805 589 κει.
836 544 967 601 pridie
1000 544 1097 587 Kal.
1124 543 1247 586 0610-

315 606 674 704 bns-AGRICOLA
699 664 765 701 ET
801 666 1084 703 EUSTATHIO
1118 666 1244 702 COSS.

377 713 635 759 Constantius
665 715 895 769 Imperator
925 714 1116 756 moritur.

411 777 650 865 HONgclisI?
675 775 768 815 XIII.
795 775 862 815 ET
886 775 1175 816 THEODOSIO
1200 777 1243 810 X.

373 876 468 917 Hoc
498 888 580 917 tem
615 887 682 916 ore
713 874 911 923 exercitus
940 871 991 915 ad
1023 873 1243 930 Hispanias

312 947 454 977 contra
492 889 691 976 Vangalos
721 932 852 975 missus
882 931 937 975 est
958 962 972 985 ,
1011 933 1074 979 cui
1116 932 1242 975 Caffi-

311 1008 384 1036 nus
424 993 504 1036 dux
544 992 621 1041 fuit
649 1022 662 1045 ,
700 995 768 1049 qui
810 990 1064 1042 Bonifacium
1105 993 1240 1034 virum

310 1053 462 1101 bellicis
493 1052 643 1095 artibus
673 1052 932 1109 praeclarum,
960 1052 1101 1109 inepto
1123 1053 1161 1094 8<
1182 1053 1242 1094 in—

307 1111 452 1167 jurioso
483 1112 681 1169 imperio,
710 1112 758 1154 ab
778 1110 1059 1170 expeditionis
1089 1111 1162 1154 suae
1184 1111 1241 1153 so-

308 1172 456 1218 cietate
487 1172 637 1218 avertit
667 1201 678 1213 .
721 1173 836 1222 Nam¹
875 1171 944 1214 ille
976 1171 1240 1228 periculosum

308 1231 381 1273 fibi
421 1244 540 1289 atque
580 1229 793 1288 indignum
833 1243 941 1273 ratus
991 1245 1083 1275 eum
1132 1231 1241 1289 sequi

307 1305 431 1349 quem
471 1291 694 1334 discordem
742 1291 1120 1349 superbientemque
1171 1305 1239 1333 ex-

306 1366 445 1408 pertus
475 1352 597 1405 esset,
626 1351 810 1402 celeriter
839 1351 878 1402 se
909 1349 959 1392 ad
990 1364 1153 1408 portum
1173 1365 1236 1392 ur·

306 1412 390 1464 bis,
422 1423 542 1468 atque
573 1410 666 1461 inde
698 1409 747 1452 ad
790 1409 973 1453 Africam
1015 1411 1238 1475 proripuit,

305 1470 426 1532 idque
456 1472 682 1530 reipublicae
713 1470 930 1519 multotum
961 1470 1143 1515 laborum
1165 1471 1241 1518 ini·

306 1533 411 1574 tium
442 1531 540 1573 fuit.

404 1592 703 1631 MARINIANO
746 1594 814 1630 ET
858 1593 1255 1630 ASCLEPIODOTO-

364 1645 759 1750 Placidicaioigiigusta
808 1707 832 1735 a
882 1692 1007 1736 fratre
1051 1693 1240 1736 Honorio

303 1751 449 1807 pulsa,
487 1750 537 1794 ad
579 1753 798 1795 Orientem
837 1766 930 1794 cum
972 1754 1161 1796 Honorio
1200 1754 1239 1794 8<

305 1811 597 1854 Valentiniano
628 1811 721 1854 filiis
747 1810 1031 1869 proficiscitur.
1063 1820 1080 1846 b

366 1872 769 1916 CAELESTINUS
801 1872 887 1915 xlr.
929 1875 1126 1915 Romanae
1159 1873 1237 1915 Ec-

301 1929 423 1972 clefiae
454 1930 634 1988 praesidet
666 1931 888 1989 Episcopus
918 1932 1036 1974 annis
1071 1945 1138 1973 ιχ.

360 1994 375 2011 ⁶
407 1989 770 2046 Longobardorum
811 1993 886 2032 XI.
927 1991 1118 2048 regnavit
1157 1993 1236 2033 La-

299 2047 433 2089 missus
462 2049 687 2090 meretricis
718 2048 826 2089 filius-
852 2051 972 2091 annis
1009 2063 1105 2091 111.

359 2105 568 2146 Honorius
607 2105 781 2146 moritur
808 2133 822 2156 ‚
861 2107 900 2145 8<
939 2120 1111 2162 regnum
1152 2110 1235 2163 ejus

300 2165 475 2221 Joannes
505 2176 704 2220 occupat,
731 2164 980 2212 connivente
999 2192 1014 2216 ‚
1043 2177 1088 2206 ut
1119 2179 1235 2224 puta-

296 2225 438 2266 batur.
468 2222 636 2267 Castino
656 2254 670 2278 ‚
699 2223 769 2280 quvi
809 2221 1005 2267 exercitu-i
1043 2223 1236 2282 magister

296 2284 478 2326 militum
511 2283 695 2338 praefuit.

354 2342 374 2370 ⁴¹
405 2343 808 2386 THEODOSIUS
827 2344 982 2386 XLVI.
995 2346 1234 2388 Romanum

298 2404 526 2459 Imperium
557 2414 672 2445 tenet
704 2403 822 2445 annis
854 2417 952 2446 xxx.

398 2463 615 2498 CASTINO
640 2462 707 2498 ET
731 2467 746 2484 ⁰
772 2462 1003 2501 VICTORE
1026 2466 1150 2500 COSS.

359 2508 610 2553 Theodofius
643 2511 983 2553 Valentinianum
1004 2513 1138 2552 amitae
1158 2511 1232 2552 suae

298 2570 427 2613 filium
458 2566 660 2611 Caesarem
689 2567 787 2609 facit
806 2597 823 2619 ‚
858 2570 898 2613 8<
927 2583 1021 2613 cum
1051 2567 1232 2623 Augusta

296 2642 427 2673 matre
459 2633 476 2660 f
503 2627 570 2670 sua
600 2625 650 2668 ad
689 2625 965 2682 recipiendum
1003 2624 1232 2667 occidenta-

296 2691 336 2733 le
367 2687 497 2731 tnittit
526 2686 774 2744 Imperium:
805 2699 884 2742 quo
905 2698 1088 2743 tempore
1110 2685 1229 2741 Joan-

297 2764 393 2801 nes,
420 2746 518 2789 dum
538 2745 748 2798 Africam,
774 2757 897 2801 quam
910 2743 1138 2787 Bonifacius
1157 2744 1225 2785 ob-

298 2808 482 2859 tinebat,
508 2806 615 2847 bello
645 2803 840 2863 reposcit,
869 2803 919 2846 ad
949 2801 1224 2847 defensionem

421 2869 465 2908 S.
495 2864 697 2924 Prosperi.

335 2972 354 2994 a
374 2962 419 2993 De
437 2969 518 2990 auno
538 2957 643 2990 mortis
663 2955 695 2989 δι
714 2966 799 2990 aetate
822 2957 1006 2999 Hieronymi
1032 2957 1098 2990 vide
1126 2963 1230 2988 notam

298 3004 372 3034 Arn.
393 3000 515 3032 Pontaci
535 2998 596 3030 col.
614 2999 683 3035 778.
701 2997 732 3029 ὅ(
754 3009 822 3037 779.

338 3044 357 3073 b
377 3040 442 3074 Mis,
463 3040 550 3071 Colb.
571 3039 603 3070 ἃ
626 3038 748 3080 August.
769 3041 899 3071 Romaenae
917 3038 1040 3078 Ecelefiae
1060 3049 1102 3074 41.
1127 3038 1230 3078 episto-

296 3080 531 3152 pangnbsusbepit
549 3079 714 3150 (iaes‘stgff
732 3082 819 3149 ann?
839 3090 867 3116 9.
898 3080 982 3126 §.J-nus
1008 3078 1089 3110 addit
1105 3099 1117 3115 ‚
1142 3079 1229 3116 mens:

298 3131 339 3153 ιο.
379 3133 402 3151 se
421 3132 455 3150 us
477 3130 522 3156 ¹7·
542 3130 560 3150 u
595 3130 627 3150 in
698 3129 762 3150 ron.
805 3129 927 3151 onraci.

339 3171 356 3192 c
377 3161 486 3192 Monet
506 3161 655 3191 Pontacus.
671 3160 703 3190 in
726 3159 806 3190 notis
824 3162 880 3190 col.
900 3169 967 3197 779.
994 3159 1054 3190 haec
1081 3156 1229 3188 desiderari

296 3203 330 3234 in
351 3199 416 3232 Mis.
437 3199 562 3240 pluribus
583 3204 596 3240 (
619 3210 679 3231 non
699 3197 838 3240 reguntur
855 3199 1103 3231 etiaminduobus
1112 3198 1197 3228 Colb.
1217 3199 1230 3234 )

297 3241 330 3273 δι
348 3250 534 3281 quacumque
553 3240 584 3271 in
606 3241 664 3271 hoc
682 3240 834 3272 Chronico
854 3242 989 3272 dicuntur
1004 3242 1038 3270 de
1059 3239 1231 3278 Longobar-

296 3282 361 3316 dis,
381 3280 473 3310 videri
493 3287 624 3322 ternpore
646 3280 827 3321 posteriora‚.
842 3282 872 3312 δι
893 3281 1011 3312 aliunde
1022 3280 1130 3315 astuta,
1153 3288 1183 3309 ut
1194 3289 1231 3309 ex

296 3320 435 3353 Diacono
454 3319 506 3350 lib.
523 3320 558 3351 de
578 3320 784 3361 Longobardis
806 3330 925 3362 capno.
946 3320 977 3352 δι
1000 3331 1046 3351 11.
1063 3319 1231 3358 ubiLamisss

290 3362 358 3401 sum
379 3359 427 3390 hic
446 3368 647 3401 nuncupatum
670 3361 871 3399 Lamiffwnem
884 3360 1027 3400 appellat.
1046 3361 1163 3392 Pontac.

337 3400 357 3431 d
377 3399 436 3430 Mt.
456 3399 542 3430 Colb.
562 3410 636 3431 unus
655 3399 686 3432 ἃ
708 3401 823 3432 Chron.
843 3401 1125 3432 Pont.Romanorum
1142 3409 1230 3430 var.

298 3439 467 3477 Theodosius
486 3441 618 3480 regnavit
636 3442 721 3470 annis
742 3451 807 3472 xxx.

297 3519 324 3550 C
337 3482 410 3551 elbIn
430 3478 580 3510 codicibus
599 3481 750 3512 nonnullis
774 3481 910 3513 maurino
927 3501 938 3518 ,
965 3490 999 3511 ex
1026 3480 1149 3522 quibus.
1169 3480 1228 3511 Ms.

326 3531 344 3552 o
375 3541 385 3551 .
405 3528 499 3552 unus.
717 3549 720 3553 .

337 3561 352 3591 f
370 3557 459 3590 Abest
488 3569 545 3590 vox
566 3558 625 3589 haec
642 3579 652 3594 ι
676 3559 732 3598 [μᾷ
751 3571 768 3591 a
789 3561 845 3592 Ms.
866 3561 952 3592 Colb.
974 3571 1034 3591 uno
1052 3560 1084 3592 δι
1106 3559 1231 3601 August.

296 3603 329 3634 ά
350 3611 367 3632 a
387 3599 495 3630 Labbei
517 3598 686 3629 Chronico.

336 3651 356 3681 g
376 3640 522 3677 Quidam,
545 3640 620 3669 inter
639 3648 712 3678 quos
735 3636 805 3671 Lab.
825 3640 954 3676 addunt,
973 3641 1097 3680 Caesare,
1127 3649 1158 3671 ut
1181 3641 1230 3671 ha-

297 3683 368 3714 bent
389 3689 492 3710 omnes
511 3679 608 3714 Fasti,
632 3679 820 3710 Marcellinus
840 3680 871 3712 δι
891 3679 1018 3713 Cassiod.
1038 3684 1121 3712 Pont.

336 3723 358 3753 h
378 3721 436 3751 Ms.
457 3719 542 3750 Colb.
557 3728 648 3754 unm,
669 3726 830 3759 acceperat.

300 3793 302 3796 ,
337 3765 348 3794 i
370 3761 430 3792 Hic
459 3758 599 3790 articulus
619 3757 669 3790 etfi
690 3769 751 3790 non
772 3758 798 3790 le
818 3767 884 3790 atur
905 3759 936 3791 in
957 3760 1228 3800 multiscodicibus,

297 3803 330 3837 &
350 3810 404 3842 pro
422 3800 560 3832 addititio
580 3805 726 3839 reputetur
746 3799 778 3830 in
798 3770 914 3833 {brom
934 3799 1078 3839 Ponraoi,
1099 3800 1229 3831 firmatur

1306 179 1961 227 INTEGRUM·

2122 189 2191 241 43
2208 189 2230 224 1

1305 261 1361 304 sui
1392 262 1591 305 infirmior
1622 261 1746 305 fae‘cus
1777 259 1855 303 est.

1403 326 1687 361 THEODOSIO
1712 326 1788 359 XII.
1814 321 1881 358 ET
1916 319 2239 358 VALENTINIA-

1502 379 1576 412 NO
1602 379 1619 405 ⁸
1646 377 1767 415 Coss.

1364 424 1539 467 Placidia
1579 423 1758 482 Augusta
1791 453 1804 475 ‚
1843 423 1882 464 8<
1922 419 2239 463 Valentinianus

1307 484 1440 526 Caesar
1478 485 1583 526 mira
1622 484 1817 526 felicitate
1859 482 2058 538 Joannem
2100 491 2238 534 tyran-

1309 557 1405 585 num
1436 545 1698 601 opprimunt,
1728 545 1766 585 8<
1784 553 1953 598 regnum
1986 539 2156 581 vistores
2175 551 2234 578 re-

1308 604 1487 660 cipiunt,
1516 602 1611 647 data
1642 604 1764 645 venia
1794 601 1919 644 Aetio
1938 628 1952 652 ,
1981 598 2087 656 quod
2119 600 2237 641 Hun-

1308 664 1352 706 ni
1382 678 1478 719 quos
1508 678 1582 720 per
1612 663 1742 721 ipsum
1772 663 1946 720 Joannes
1975 654 1994 681 ¹¹
2023 660 2239 709 acciverat,

1305 722 1480 778 ejusdem
1511 721 1636 765 studio
1667 722 1717 765 ad
1748 722 1913 780 propria
1943 718 2089 761 reversi
2121 718 2236 759 sunt.

1306 784 1315 810 ³
1347 782 1536 825 Castinus
1567 796 1705 826 autem
1737 783 1778 825 in
1810 781 1979 823 exilium
2011 778 2118 820 acius
2158 776 2236 819 est:

1304 842 1397 899 quia
1446 841 1659 886 videbatur
1715 843 1916 899 Joannem
1965 838 2048 882 fine
2098 838 2238 879 conni-

1302 902 1444 943 ventia
1483 902 1602 958 ipsius
1642 916 1817 961 regnum
1856 914 1940 943 non
1979 896 2148 955 potuisse
2180 896 2236 939 as-

1301 960 1478 1008 sumere.

1361 1020 1677 1069 Valentinianus
1708 1020 1870 1064 decreto
1902 1017 2133 1063 Theodosii
2155 1019 2239 1059 Au·

1302 1079 1431 1138 gustus
1462 1082 1713 1138 appellatur.

1361 1136 1380 1163 ¹‘
1413 1141 1556 1183 Arelas
1587 1141 1721 1185 nobile
1752 1139 1965 1199 oppidium
2008 1138 2237 1180 Galliarum

1302 1214 1326 1242 a.
1367 1200 1518 1243 Gothis
1559 1201 1688 1244 multa
1730 1202 1772 1243 vi
1812 1210 2094 1258 oppugnatum
2136 1197 2192 1239 est
2223 1227 2238 1250 ‚

1300 1258 1429 1302 donec
1460 1261 1705 1303 imminente
1748 1261 1872 1303 Aetio
1913 1274 1996 1302 non
2036 1257 2236 1314 impuniti

1299 1318 1547 1362 discederent
1560 1351 1570 1362 .

1399 1383 1690 1421 THEODOSIO
1714 1384 1791 1418 XII.
1818 1381 1885 1416 ET
1909 1378 2235 1418 VALENTINIA-

1500 1435 1573 1470 NO
1597 1428 1607 1453 ¹
1632 1435 1677 1469 11.-
1703 1435 1825 1469 COSS.

1361 1482 1564 1530 Patroclus
1596 1481 1843 1527 Arelatensis
1862 1479 2084 1538 Episcopus
2104 1493 2127 1522 a
2140 1477 2237 1519 Tri-

1300 1542 1408 1586 buno
1437 1541 1612 1600 quodam
1644 1541 1815 1586 barbaro
1846 1541 1985 1590 multis
2004 1537 2235 1583 vulneribus

1299 1603 1474 1649 laniatus
1504 1600 1699 1646 occiditur
1730 1619 1739 1645 2
1771 1599 1877 1659 quod
1908 1601 2061 1644 facinus
2092 1597 2142 1641 ad
2173 1611 2236 1639 oc-

1301 1663 1452 1705 cultam
1482 1662 1690 1717 juffionem
1722 1662 1870 1703 Felicis
1911 1658 2091 1716 magistri
2131 1656 2236 1699 mili-

1302 1735 1389 1768 turn
1420 1720 1692 1771 referebatur,
1722 1719 1829 1775 cujus
1860 1717 2032 1776 impulsu
2052 1732 2081 1752 m
2111 1714 2236 1760 credi-

1302 1795 1363 1824 tus
1394 1779 1450 1823 est
1481 1779 1609 1821 etiam
1651 1779 1774 1820 Titus
1814 1777 2004 1820 diaconus
2046 1777 2110 1818 vir
2150 1775 2236 1817 san-

1299 1841 1380 1888 &us
1412 1843 1556 1883 Romae
1597 1839 1788 1898 pecunias
1828 1836 2072 1896 pauperibus
2111 1833 2237 1876 distri-

1297 1902 1422 1944 buens
1453 1901 1746 1956 interemptus.

1393 1963 1574 2000 HIERIO
1601 1961 1668 1998 ET
1693 1962 1967 1998 ARDABURE
1991 1960 2114 1996 Coss.

1359 2010 1596 2062 Bonifacio,
1626 2009 1731 2064 cujus
1762 2010 1948 2064 potentia
1990 2010 2197 2063 gloriaque
2220 2021 2238 2039 n

1297 2072 1407 2114 intra
1438 2068 1627 2112 Africam
1657 2068 1903 2125 augebatur,
1931 2067 2085 2109 bellum
2105 2066 2156 2107 ad
2177 2078 2238 2106 ar-

1298 2130 1468 2171 bitrium
1501 2129 1673 2180 Felicis,
1702 2127 1797 2184 quia
1828 2125 1878 2168 ad
1917 2126 2081 2167 Italiam
2120 2125 2235 2166 veni-

1295 2201 1338 2228 re
1369 2199 1388 2218 α
1417 2187 1642 2239 abnuerat,
1672 2186 1834 2242 publico
1866 2184 2034 2226 nomine
2076 2184 2238 2226 illatum

1297 2245 1352 2287 est
1370 2274 1386 2297 ,
1413 2243 1578 2288 ducibus
1623 2243 1838 2287 Mavortio
1857 2273 1871 2296 ,
1912 2245 1951 2285 8<
1992 2243 2194 2285 Galbione
2224 2274 2238 2296 ,

1297 2306 1335 2347 8<
1352 2305 1519 2348 Sinoce:
1550 2305 1658 2362 cujus
1677 2302 1907 2362 proditione
1931 2304 2164 2345 Mavortius
2196 2304 2235 2344 8<

1298 2365 1470 2417 Galbio‚
1489 2380 1582 2408 cum
1597 2364 1853 2407 Bonifacium
1865 2362 2112 2415 obsiderent,
2133 2363 2237 2405 inte-

1296 2437 1381 2464 rem
1386 2423 1448 2479 pti
1461 2421 1552 2463 sunt
1562 2437 1578 2461 .·
1601 2434 1776 2476 moxque
1790 2420 1874 2479 ipse
1885 2434 1908 2460 a
1921 2421 2133 2464 Bonifacio
2143 2420 2235 2463 dolo

1295 2485 1314 2514 ⁹
1332 2480 1533 2532 dercetus,
1562 2478 1710 2521 occisus
1740 2476 1820 2519 est.

1355 2537 1520 2579 Exinde
1560 2537 1746 2593 gentibus
1774 2565 1789 2588 ,
1826 2551 1912 2593 quae
1951 2538 2123 2581 navibus
2162 2542 2224 2583 uti

1294 2594 1532 2636 nesciebant
1566 2625 1580 2648 ‚
1620 2594 1716 2637 dum
1756 2610 1780 2637 a
1819 2599 2142 2642 concertantibus
2181 2601 2227 2642 in

1289 2654 1486 2698 auxilium
1498 2667 1697 2697 vocantur
1708 2685 1725 2707 ,
1750 2669 1861 2698 mare
1874 2658 2059 2713 pervium
2079 2657 2232 2702 faaum

1287 2712 1365 2765 est,
1398 2714 1571 2770 bellique
1603 2726 1744 2756 contra
1775 2715 2025 2758 Bonifacium
2048 2719 2166 2775 caepti
2185 2719 2231 2761 in

1289 2772 1550 2831 Sigisvultum
1570 2776 1762 2817 comitem
1783 2789 1877 2818 cura
1897 2778 2092 2822 translata
2122 2776 2202 2821 est.

1735 2835 1806 2877 Iii
2052 2838 2165 2880 Gens

1291 2963 1391 2986 tamen
1413 2953 1583 2985 testimonio
1603 2954 1732 2987 Diaconi
1752 2955 1804 2987 rib.
1826 2965 1873 2993 14.
1894 2956 1927 2989 ἃ
1952 2956 2031 2988 idem
2058 2954 2172 2987 constat
2190 2965 2228 2988 ex

1289 2994 1372 3034 epist.
1395 3005 1440 3025 ιο.
1459 2995 1491 3025 iu
1513 2995 1675 3035 appendice
1699 2995 1858 3034 Augustini
1877 3016 1886 3026 .
1912 2997 1957 3028 Ad
1986 2996 2161 3036 superiorem
2182 3004 2227 3028 ta-

1289 3045 1359 3066 men
1380 3035 1562 3066 consulatum
1583 3036 1680 3067 referri
1704 3037 1768 3066 vult
1790 3037 1866 3066 idem
1888 3037 1996 3068 colum.
2018 3037 2086 3072 780.

1332 3075 1351 3106 k
1373 3075 1555 3107 Emendavit
1578 3075 1649 3107 Lab.
1669 3075 1732 3117 post
1755 3077 1840 3107 Pont.
1859 3076 1974 3108 Chron.
1993 3086 2049 3116 pro
2068 3075 2227 3108 Architlas.

1291 3116 1383 3153 Quod
1402 3116 1492 3146 etiam
1514 3115 1670 3155 legendum
1693 3125 1810 3147 notarat
1830 3117 1866 3148 ad
1886 3127 1967 3148 oram
1989 3117 2054 3148 libri
2076 3115 2118 3147 sui
2146 3117 2227 3149 Heu.

1291 3155 1443 3187 caninus.
1463 3155 1600 3186 Leaioni
1621 3156 1724 3187 nostrae
1743 3157 1915 3198 suffragatur
1935 3157 2033 3188 Ifidor.
2059 3156 2092 3187 in
2111 3156 2229 3188 Chron.

1290 3197 1387 3228 Goth.
1407 3195 1615 3233 Theodericus,
1636 3197 1736 3239 inquit
1758 3202 1770 3237 (
1792 3207 1840 3228 rex
1860 3197 2030 3229 Gothorum
2047 3197 2061 3236 )
2079 3197 2226 3233 Arelatem

1291 3236 1490 3274 nobiliffimum
1510 3238 1642 3277 oppidum
1662 3236 1767 3267 Gallus
1785 3237 1888 3275 obsidet
1902 3258 1912 3273 ,
1940 3249 1959 3266 a
1984 3236 2064 3278 cujus
2090 3236 2226 3274 obssdione

1291 3277 1456 3306 imminente
1475 3277 1584 3307 w'rtute
1605 3278 1685 3307 Aetit'
1704 3279 1835 3308 Romana
1855 3278 1965 3308 militia
1991 3279 2072 3309 ducis
2102 3284 2224 3306 remotus

1290 3315 1432 3355 abscedit.
1454 3317 1577 3347 Accedit
1597 3317 1779 3349 Chronicum
1802 3318 2000 3350 pithaeanum.
2021 3320 2082 3349 Vix
2102 3316 2225 3356 usquam

1291 3356 1398 3396 legitur
1418 3354 1480 3385 fi'eri
1501 3356 1615 3387 mentio
1635 3357 1670 3387 de
1690 3357 1823 3388 Archilla
1844 3368 1882 3397 op
1905 3358 1973 3387 ido.

1329 3397 1340 3426 l
1361 3395 1444 3426 Edit.
1471 3396 1664 3427 chron-Lab.
1673 3397 1770 3432 addit,
1792 3368 2012 3436 angustiasti&
2033 3397 2220 3437 Pom-9081.

1331 3445 1362 3466 m
1381 3436 1484 3471 Alias,
1500 3437 1644 3467 traditur:
1663 3436 1695 3467 δι
1716 3437 1791 3467 infra
1804 3456 1815 3472 ‚
1841 3437 2000 3474 intersaeflus
2014 3459 2026 3471 .
2057 3437 2114 3471 Ms-
2134 3436 2223 3467 Colb.

1291 3486 1386 3511 unus,
1404 3477 1528 3506 creditur
1548 3497 1557 3506 .
1577 3495 1585 3504 .
1605 3497 1615 3507 .
1634 3497 1644 3507 .
1662 3478 1861 3517 interemptus.

1331 3527 1351 3546 n
1372 3517 1418 3546 Sic
1439 3516 1498 3546 Ms.
1518 3515 1606 3548 Colb.
1625 3515 1657 3547 ἆ
1677 3517 1728 3547 alii
1749 3518 1881 3557 aliquot.
1901 3519 1938 3548 In
1958 3517 2042 3553 aliis,
2062 3518 2093 3547 in
2113 3515 2222 3554 Africa.

1331 3567 1350 3586 ο
1372 3556 1428 3586 Ms.
1449 3555 1536 3587 Colb.
1558 3565 1650 3592 unus,
1669 3566 1819 3592 annueret,
1839 3557 1929 3593 alius,
1957 3557 2116 3587 adnuebat.
2138 3555 2220 3587 Edit.

1290 3596 1363 3627 Lab.
1386 3606 1417 3626 ut
1438 3596 1539 3635 supra·
1564 3595 1683 3626 Reeiius
1703 3597 1841 3637 quidem:
1861 3607 1925 3627 cum
1947 3596 2016 3628 teste
2027 3594 2222 3628 Diaconolib.

1293 3646 1339 3672 ¹4·
1359 3636 1452 3667 caussa
1473 3636 1539 3666 belli
1560 3645 1662 3667 contra
1683 3635 1868 3668 Bonifacium
1889 3636 1974 3672 esset,
1993 3636 2221 3678 quod-accersitus

1288 3678 1326 3706 ab
1346 3678 1529 3716 Imperatore,
1549 3676 1677 3706 accedere
1695 3675 1823 3715 dtstulit.
1842 3677 1930 3714 Quod
1951 3687 2019 3708 vero
2034 3676 2144 3708 Aufflor
2153 3675 2221 3706 scri·

1291 3718 1352 3751 bit,
1381 3718 1437 3747 hoc
1459 3717 1565 3747 bellum
1587 3716 1702 3746 illatum
1722 3716 1758 3747 ad
1779 3716 1931 3748 arbitrium
1952 3717 2058 3749 Felicis
2073 3738 2082 3754 ‚
2112 3717 2220 3748 Diaco-

1290 3766 1346 3786 nus
1366 3756 1397 3788 &
1418 3757 1582 3797 Sigebertus
1600 3757 1731 3787 tribuunt
1752 3758 1844 3789 Aetio
1863 3759 1982 3789 Pontac.

1333 3808 1352 3838 p
1375 3798 1431 3829 Ms.
1453 3798 1538 3829 Colb.
1560 3807 1632 3828 unus
1652 3797 1803 3831 detentus.

2311 2201 2332 2224 0
