2652 4126
497 207 610 260 310
693 182 744 240 S.
788 178 1061 241 Asrrau
1104 184 1436 244 LAUDATm

486 284 602 319 «duum
614 306 626 322 ,
649 293 688 317 ac
697 278 808 316 casum
821 277 1012 316 minabatur
1023 303 1035 320 ,
1062 277 1151 314 haud
1163 278 1252 314 secus
1262 291 1300 314 ac
1337 284 1427 313 roce-

495 346 532 371 ra
544 331 717 379 platanus,
741 342 843 378 quam
857 328 939 365 fabri
952 326 1066 376 plures
1078 328 1250 364 accidant:
1271 290 1357 363 nillil
1380 338 1428 363 ta-

492 395 575 420 men
585 406 598 424 ,
609 381 757 431 plurium
769 392 865 416 more
877 403 888 420 ‚
898 381 991 426 turpi
1004 381 1013 413 i
1017 377 1072 426 pst
1083 377 1155 414 casu
1167 377 1408 425 prostratusest
1417 406 1426 414 .

487 435 620 480 -Neque
637 434 726 468 enim
738 440 816 465 toto
825 426 923 466 humi
946 440 1094 477 corpore
1115 441 1243 477 pronus
1264 427 1427 464 distentus

493 481 567 525 est,
593 494 701 529 neque
710 478 832 516 cecidit
842 482 877 514 in
888 477 973 514 latus
986 501 998 520 ,
1023 491 1131 526 neque
1143 479 1173 515 se
1189 478 1359 526 resupinus
1379 482 1428 514 in-

493 531 591 572 flexit
612 545 621 568 :
645 529 699 566 sed
709 529 838 566 decoro
847 532 1014 578 precantis
1027 527 1146 566 habitu
1156 542 1285 577 ponens
1297 542 1403 576 genua
1416 554 1428 571 ,

492 595 512 618 e
524 587 590 618 vita
602 580 736 618 exceffit
755 594 763 614 :
785 591 905 627 urgens
916 582 1092 622 oratione,
1118 578 1305 628 instansque
1322 591 1424 627 quam

491 631 647 669 citissime
664 633 812 666 animam
822 642 839 665 a
851 641 949 665 carne
963 628 1127 678 separari,
1152 641 1252 677 atque
1261 628 1301 666 ad
1320 642 1397 665 eum
1411 655 1424 671 ‚

295 708 352 739 AR
364 710 383 739 6
445 707 461 736 8
489 679 849 729 quemcontuebatun
873 679 1020 716 clamans
1040 693 1048 714 t
1066 680 1277 724 DomineJesu
1288 679 1423 721 Christe!

383 715 438 743 ’Μ
465 728 472 738 ’
486 731 606 777 suscipe
619 730 768 776 spiritum
777 742 897 766 meum.
924 729 1076 767 Festinus
1095 742 1240 778 namque
1265 729 1305 764 ad
1317 742 1423 766 unum

491 781 588 819 velut
597 781 770 817 coloniam
781 783 829 816 ire
840 778 1044 828 properabat
1056 806 1065 821 ,
1085 790 1123 815 ut
1133 793 1152 815 e
1164 782 1347 827 peregrino
1360 805 1372 822 ‚
1381 779 1422 816 ad

489 836 639 881 patrium
650 830 781 867 solum:
800 829 842 867 acl
853 829 1018 867 illustrem
1031 829 1294 878 praeclaramque
1305 833 1420 870 civita-

487 893 558 919 tem
570 907 582 925 ,
607 894 625 918 e
636 892 724 918 terra
733 880 858 917 deferta
867 906 880 922 ‚
904 880 1051 928 aestuque
1061 879 1152 916 arida
1164 905 1175 922 ‚
1201 893 1239 916 ac
1262 878 1421 916 horribili

313 946 401 978 om,
417 957 471 988 pm
492 932 648 982 squalore
665 930 770 967 obsita
780 929 1007 967 contendebat
1020 958 1027 966 .
1054 929 1290 966 obsecrationi
1309 941 1422 967 autem

292 986 469 1030 interficien-
487 987 588 1020 etiam
600 985 791 1018 orationem
803 994 869 1030 pro
889 979 1158 1029 persecutoribus
1168 980 1260 1016 addit
1271 1008 1279 1016 .
1308 984 1423 1027 Quan-

296 1028 389 1059 ¹¹b⁰⁵·
487 1046 590 1082 quam
600 1035 691 1069 enim
704 1034 824 1074 inviti,
849 1035 990 1079 gratiam
1004 1029 1200 1079 praestabant
1213 1056 1225 1073 ,
1245 1029 1425 1078 lapidibus-

487 1097 554 1132 que
572 1082 755 1121 obruentes
765 1081 877 1118 salutis
896 1084 1051 1118 auetores
1066 1092 1182 1122 erant,
1208 1094 1245 1117 ac
1256 1083 1425 1128 perimen-

429 1162 434 1167 .
485 1143 557 1178 tes,
584 1137 690 1170 vitam
702 1131 929 1170 conciliabant
949 1146 960 1170 5
986 1142 1111 1180 atquea
1123 1131 1198 1168 luto
1217 1130 1423 1179 separantes,

490 1184 531 1221 ad
544 1197 685 1232 regnum
705 1182 977 1219 transmittebant
987 1209 995 1218 .

535 1237 636 1271 Hanc
654 1246 794 1281 quoque
812 1245 896 1281 ergo
917 1235 1084 1270 orationis
1103 1232 1324 1269 dileetionem
1343 1245 1425 1269 con·

298 1301 464 1340 Εψοῃῑω,
482 1285 719 1333 templentur‚
745 1287 778 1319 in
790 1295 892 1331 quem
913 1287 1076 1320 nimirum
1094 1283 1252 1319 collimet
1261 1281 1423 1331 scopum:

286 1352 321 1372 ea
332 1344 427 1374 oratio
437 1365 446 1374 .
483 1339 618 1373 Domine
629 1347 665 1371 ne
674 1333 797 1377 statuas
807 1334 868 1371 illis
887 1333 943 1369 hoc
950 1343 1118 1379 peccatum
1132 1361 1139 1368 .
1167 1336 1251 1370 Non
1262 1343 1338 1369 orat
1348 1358 1360 1376 ‚
1385 1343 1424 1370 ut

483 1386 622 1433 quidam
645 1397 805 1433 peperam
828 1387 1065 1422 ratiocinantes
1083 1393 1260 1420 autumant
1270 1408 1282 1425 ‚
1308 1396 1424 1431 pecca-

481 1447 556 1472 tum
573 1438 792 1472 inimicorum
805 1435 952 1471 inultum
963 1447 1001 1470 ac
1011 1437 1219 1482 impunitum
1231 1436 1272 1469 iri
1285 1458 1296 1475 ,
1323 1433 1423 1470 nulli-

479 1499 548 1535 que
563 1489 685 1522 rationi
700 1498 737 1521 ac
750 1498 859 1533 poenae
872 1483 1062 1521 obnoxium
1075 1513 1083 1520 .
1111 1485 1212 1521 Plane
1222 1487 1312 1519 enim
1325 1484 1359 1519 id
1379 1483 1424 1519 es:

479 1537 529 1573 set
541 1548 726 1584 repugnare
747 1535 872 1572 divinae
891 1534 1150 1578 constitutioni,
1176 1533 1321 1582 justique
1343 1534 1426 1576 iudi-

477 1591 575 1624 cium
588 1599 626 1622 ac
645 1586 754 1634 legem
772 1584 951 1621 emendare
964 1611 976 1627 ,
1001 1599 1074 1633 quae
1086 1584 1270 1622 homicidis
1287 1588 1426 1621 meritas

545 1650 599 1673 nas
613 1635 797 1685 praescribit
811 1663 819 1671 .
847 1635 910 1671 Sed
921 1636 1004 1683 quid
1015 1640 1060 1671 ait
1071 1637 1224 1672 momine
1235 1661 1247 1677 ,
1258 1646 1294 1670 ne
1301 1633 1426 1676 statuas

480 1651 606 1727 Elii-hoc
617 1695 803 1731 peccatum:
818 1684 887 1722 hoc
898 1685 946 1723 est
957 1711 968 1728 ,
988 1688 1172 1722 Timorem
1185 1686 1426 1733 compunetio·

482 1741 535 1777 nis
543 1741 589 1773 eis
602 1741 715 1775 incute
735 1751 744 1771 ε
772 1739 805 1772 in
816 1749 938 1773 eorum
951 1762 962 1779 ,
988 1750 1063 1784 quae
1077 1749 1166 1772 nunc
1176 1739 1360 1772 temerario
1370 1748 1425 1771 au-

483 1788 517 1828 su
530 1798 766 1836 perpetrarunt
776 1812 787 1830 ,
814 1790 1051 1836 poenitentiam
1064 1786 1236 1834 compelle
1251 1801 1263 1821 .-
1284 1798 1325 1821 ne
1335 1798 1423 1833 qure-

479 1838 521 1875 so
531 1842 563 1873 in
572 1837 825 1874 circumcisione
838 1841 1013 1885 permittas
1023 1848 1174 1872 mortem
1190 1835 1287 1872 obire
1301 1851 1308 1870 :
1321 1835 1362 1871 ad
1374 1839 1422 1872 tui

482 1891 693 1936 agnitionem
715 1913 727 1929 ‚
753 1890 954 1935 poenitentia
975 1887 1150 1924 redeuntes
1174 1884 1271 1922 trahe
1283 1911 1294 1927 ,
1321 1885 1422 1922 sancti

481 1940 628 1985 Spiritus
640 1937 811 1972 flammam
825 1941 860 1973 in
869 1949 989 1973 eorum
1003 1936 1200 1986 peetoribus
1212 1937 1355 1972 accende
1370 1964 1377 1971 .
1391 1939 1423 1972 Si

482 1984 674 2022 enimitase
693 1986 973 2028 emendaverint,
999 1998 1099 2035 atque
1120 1986 1162 2023 ad
1184 1986 1364 2023 meliorem
1393 1986 1423 2022 se

479 2036 615 2083 frugem
629 2039 819 2084 receperint
830 2062 841 2078 ,
867 2040 985 2085 utique
995 2035 1068 2073 sane
1080 2048 1160 2073 tunc
1172 2050 1239 2073 non
1252 2036 1371 2073 statues
1382 2038 1423 2072 il-

478 2086 526 2126 lis
548 2097 723 2134 peccatum
745 2098 758 2125 ‚⁸
782 2084 835 2122 sed
855 2090 970 2133 gratiae
989 2086 1127 2124 lavacro
1149 2098 1211 2124 tuo
1228 2114 1241 2130 ‚
1278 2101 1422 2136 meoque

480 2137 640 2184 sanguine
653 2136 762 2175 abluti
774 2161 789 2180 s
803 2150 819 2172 a
830 2136 1029 2173 criminibus
1041 2142 1205 2174 immunes
1217 2163 1229 2181 ‚
1256 2137 1422 2185 liberique

482 2198 602 2226 erunt.
629 2188 802 2224 Haaenus
823 2189 996 2235 peractum
1008 2187 1056 2224 est
1075 2187 1213 2231 drama,
1239 2201 1278 2224 ac
1291 2188 1358 2224 lusa
1378 2188 1423 2225 fa-

484 2235 563 2275 bula
576 2251 584 2275 z
605 2250 643 2275 ac
656 2237 870 2284 Angelorum
882 2238 1020 2286 quidem
1033 2242 1200 2279 exercitus
1212 2250 1358 2284 agonem
1369 2237 1425 2273 de—

482 2291 645 2324 mirantes
656 2312 669 2329 ,
687 2286 963 2335 stephanumque
973 2291 1099 2332 ingenti
1117 2287 1292 2332 stripatum
1305 2286 1422 2320 satelli-

481 2340 537 2375 tio
548 2341 581 2370 in
591 2335 797 2370 haereditatis
809 2334 872 2370 suae
886 2345 1015 2380 partem
1029 2333 1211 2369 evehentes
1221 2357 1232 2373 ,
1244 2332 1422 2380 impensius

482 2383 695 2432 gaudebant:
712 2381 870 2419 diabolus
879 2394 963 2417 vero
976 2384 1081 2417 inanis
1099 2386 1315 2430 graviterque
1331 2381 1423 2416 defe-

485 2434 582 2475 ᾃιις,
606 2444 644 2468 ac
663 2429 793 2467 confilii
813 2433 912 2477 inops
931 2429 1078 2467 absceffit
1100 2458 1108 2465 .
1133 2437 1246 2477 Atque
1267 2443 1303 2466 ut
1326 2433 1424 2476 quip-

485 2486 578 2531 piam
600 2492 807 2528 corporeum
821 2482 948 2527 magis,
973 2478 1147 2527 crassoque
1155 2479 1197 2515 de
1210 2493 1283 2515 aere
1305 2478 1424 2526 spiritu

485 2532 551 2572 illo
579 2530 751 2580 proferam
763 2555 778 2574 ‚
810 2527 1059 2578 propheticum
1090 2528 1250 2576 loquendi
1280 2527 1424 2564 modum

285 2591 469 2627 meamne.
487 2585 639 2620 imitatus
650 2606 662 2625 ,
687 2590 798 2618 atrato
808 2579 905 2616 vultu
917 2604 933 2621 ‚
947 2578 1035 2624 quafi
1046 2578 1161 2622 adustio
1170 2579 1235 2616 ollae
1247 2604 1258 2620 ,
1283 2577 1422 2614 deflexit

277 2635 380 2674 10:1².
396 2632 463 2664 ⁷1⁶⁶-
486 2636 575 2671 iters
598 2643 672 2669 tum
684 2634 762 2678 quia
774 2641 894 2678 praeter
906 2628 997 2677 spem
1010 2627 1101 2665 suam
1114 2643 1164 2665 res
1183 2628 1343 2677 prospere
1361 2627 1424 2664 ces·

488 2681 571 2722 [isset
592 2686 623 2718 in
636 2681 776 2719 meliuss
801 2692 874 2717 tum
885 2679 980 2728 quod
999 2678 1057 2715 iisd
1080 2692 1112 2715 m
1126 2679 1277 2721 artibus,
1302 2677 1422 2725 quibus

489 2732 520 2770 se
531 2731 745 2776 Christianos
758 2734 970 2767 minaturum
981 2740 1043 2778 put
1106 2740 1120 2765 t
1132 2754 1144 2772 ‚
1153 2731 1353 2775 Martyrum
1366 2740 1425 2765 nu—

490 2795 626 2820 merum
646 2778 847 2818 adauxiffer.

288 2850 352 2878 Gn
363 2847 474 2883 maffia,
538 2836 672 2869 Verum
682 2831 762 2879 quid
774 2830 815 2866 de
828 2830 934 2867 Paulo
946 2833 1025 2866 item
1039 2828 1135 2866 sacro
1143 2829 1253 2865 dicam
1265 2830 1378 2866 2Nam
1388 2833 1424 2867 δι

344 2887 472 2917 Pluribus
486 2882 548 2922 ‘ille
560 2894 644 2918 unus
655 2891 726 2917 erat
735 2879 924 2921 occisorum
937 2905 950 2922 ‚
975 2878 1243 2926 verussseny'amin
1259 2879 1351 2925 lupus
1371 2893 1424 2916 ra-

293 2927 350 2971 bac
371 2927 470 2959 iotam
488 2942 576 2978 pax.
595 2934 800 2978 Quanquam
821 2933 911 2966 enim
925 2930 992 2977 ipse
1012 2943 1079 2966 non
1101 2928 1285 2977 impetebat
1304 2929 1423 2978 lapidi-

287 2966 471 3036 ζὶῗὲὲᾐω
490 2981 553 3019 bus
563 3007 576 3024 ,
601 2991 634 3018 at
646 2979 795 3018 servabat
807 2991 918 3016 tamen
928 2979 1154 3028 lapidantium
1165 2978 1270 3016 vestes
1285 3004 1296 3022 ‚
1307 2993 1345 3017 ac
1354 2993 1422 3016 car-

380 3018 415 3036 ⁰'
491 3031 602 3068 nificis
621 3030 743 3079 populi
762 3029 957 3067 ministrum
969 3029 1085 3077 agebat
1100 3057 1108 3066 .
1136 3031 1326 3066 Enimvero
1346 3029 1422 3077 post

290 3074 434 3112 Ast9a.
444 3076 472 3105 ⁸·
490 3080 554 3117 hac
568 3080 686 3123 brevi,
710 3093 802 3116 nunc
813 3091 1001 3116 tumentem
1015 3090 1048 3114 te
1059 3105 1071 3121 ‚
1097 3078 1301 3127 effetamque
1313 3083 1399 3115 iram
1413 3105 1424 3122 ‚

489 3145 527 3168 ac
538 3131 688 3167 flatui-em
710 3130 888 3178 spirantem
910 3129 1141 3172 visurussum,
1166 3134 1224 3177 qui
1245 3129 1338 3165 velut
1356 3130 1425 3166 lan—

490 3180 647 3229 guestens
666 3193 768 3222 anus,
794 3194 831 3216 ac
853 3178 1018 3216 imbecilla
1031 3205 1042 3221 ‚
1067 3179 1108 3215 ad
1124 3192 1240 3215 manus
1261 3177 1425 3217 trabaris3

489 3243 568 3268 cum
580 3234 729 3266 veritatis
738 3229 835 3277 gustu
847 3230 937 3266 facto
949 3229 989 3265 ad
1002 3231 1169 3265 Ananiam
1179 3227 1310 3264 duceris
1321 3254 1329 3264 .
1344 3234 1427 3266 Por-

489 3279 633 3317 rodulci
644 3278 830 3316 admodum
853 3278 917 3315 risu
929 3276 1120 3321 diffundar,
1144 3291 1222 3314 cum
1243 3278 1424 3327 temetipso

488 3329 712 3373 denarrante‚
735 3338 806 3365 tuas
826 3328 1002 3375 Evangelii
1014 3327 1106 3365 causa
1125 3328 1360 3365 afflitstationes
1371 3341 1426 3365 au-

487 3378 581 3417 diam
602 3393 611 3415 :
637 3389 742 3427 utque
753 3382 841 3415 inter
859 3389 976 3415 caetera
986 3376 1059 3415 haec
1068 3377 1259 3413 discrimina
1283 3377 1423 3416 referam

297 3441 326 3461 ²·
348 3430 469 3460 effu·
487 3430 755 3475 semellapidatus
760 3429 831 3472 sum
843 3456 851 3464 .
880 3434 942 3466 Par
956 3439 1100 3474 namque
1112 3426 1183 3470 est,
1208 3427 1423 3476 utlapidibus

293 3481 325 3502 ¹⁹·
337 3478 382 3507 ²5·
490 3479 610 3518 mediis
620 3477 770 3527 lapidum
784 3477 851 3526 ipse
862 3477 1009 3526 depellas
1022 3480 1150 3514 crimen
1161 3501 1175 3520 2
1184 3490 1314 3525 unaque
1324 3491 1362 3515 ac
1373 3491 1423 3516 eai-

490 3528 571 3568 clem
582 3529 728 3577 paffione
742 3553 755 3571 ,
780 3539 956 3579 peccatum
965 3526 1055 3564 eluas
1065 3553 1075 3563 .

1481 194 1548 240 IN
1590 177 1643 237 S.
1685 178 1905 239 STEPH·
1949 174 2333 241 PaoroMAa.

1537 275 1661 323 Oper'ae
1671 278 1818 323 pretium
1831 286 1942 312 aut-:m
1955 301 1966 318 ‚
1976 289 2178 326 aequumque
2191 277 2342 315 videatur
2353 304 2365 322 ,
2374 286 2412 316 ut
2451 290 2604 332 Explicat,

1486 338 1594 374 neque
1629 323 1789 373 Stephani
1821 325 1980 361 vifionem
2009 331 2084 364 inex
2091 329 2219 375 plorata
2247 328 2410 377 relinqua-
2429 331 2569 377 Stephani

1487 388 1562 412 mus
1571 403 1579 411 .
1593 379 1732 423 Semper
1741 376 1814 411 fine
1823 376 2057 414 universorum
2070 381 2162 415 Deus
2173 404 2185 422 ‚
2195 377 2304 415 futura
2315 404 2328 422 ,
2336 391 2409 427 quae
2428 371 2500 403 ‘'¹5“
2507 373 2607 404 adver.

1480 429 1594 461 'vitam
1613 425 1733 462 exinde
1753 425 1972 473 insequuntur
1997 427 2180 465 humanam
2202 428 2409 477 prospiciens
2428 412 2472 482 {⁸¹⁸
2505 412 2603 444 ⁸²⁸&

1486 486 1594 512 errata
1605 501 1617 518 ,
1635 488 1706 522 quo
1716 475 1902 524 prudenter
1912 480 1959 514 eis
1970 491 2129 516 occurrat
2141 504 2152 521 ‚
2163 478 2326 515 medelam
2336 479 2410 516 lon-

1484 539 1526 572 ge
1536 536 1611 562 ante
1621 536 1758 574 apparat
1770 540 1779 560 :
1791 525 1891 573 idque
1904 541 1993 564 nunc
2003 527 2117 565 efficit.
2129 532 2220 566 Nam
2233 529 2255 565 fi
2264 529 2305 566 ad
2316 533 2412 578 pugi-

1485 576 1525 612 lis
1535 575 1709 613 dumtaxat
1727 575 1909 613 utilitatem
1920 577 2035 615 divina
2044 583 2212 628 apparitio
2230 579 2315 616 faista
2323 580 2412 618 effers

1485 625 1559 662 latis
1569 630 1685 674 utique
1695 630 1796 662 etiam
1808 639 1877 662 vox
1890 641 1906 662 e
1917 629 2013 664 ecelis
2023 628 2107 665 faeta
2118 627 2280 666 habuisset
2291 655 2303 672 ‚
2327 641 2365 668 ut
2377 634 2410 666 in
2431 649 2513 679 Ma„
2531 658 2546 687 3
2571 660 2594 679 v

1490 675 1659 724 baptismo
1668 681 1818 725 primum
1831 689 1841 714 s
1869 678 1921 714 vel
1935 689 1970 715 ut
1989 679 2110 716 deinde
2129 684 2162 715 in
2181 681 2412 729 Transfigura-
2434 700 2479 726 ¹7·
2500 691 2539 721 0·
2549 671 2609 725 '172

1485 730 1599 765 tiones
1626 727 1727 763 velut
1736 731 1837 763 etiam
1849 730 1882 763 in
1902 729 1965 772 jam
1977 742 2170 767 memorato
2179 731 2308 774 Paulo,
2332 743 2411 768 cum
2429 742 2460 760 v.
2471 738 2484 764 5
2489 750 2497 760 ·

1484 776 1690 814 Damascum
1702 780 1767 813 iter
1789 776 1912 813 ficeret
1921 806 1929 814 .
2430 769 2608 808 “¹3⁴9‘¹'·4·

1533 830 1640 875 Atqui
1651 841 1741 864 nunc
1750 853 1761 870 ,
1772 838 1847 864 tum
1861 829 1912 864 vel
1927 833 2073 867 maxime
2083 835 2162 879 qu‘ia
2172 831 2323 870 staturum
2335 846 2415 882 pro-

1483 878 1576 914 seem
1586 887 1657 913 erat
1666 903 1678 920 ,
1696 888 1734 914 ut
1744 891 1786 913 ex
1797 878 1911 915 Africa
1926 880 2117 926 profestum
2130 882 2256 919 malum
2268 908 2281 926 ‚
2305 882 2416 919 Sabel-

1486 927 1549 964 lius
1562 931 1696 975 inquam
1710 953 1722 971 ,
1734 931 1797 964 Dei
1811 928 1994 966 Ecclefiam
2005 931 2180 968 invaderet
2191 957 2202 975 ,
2213 933 2417 980 perversam·

1483 991 1549 1025 que
1559 981 1758 1027 opinionem
1777 977 1818 1013 de
1837 979 2057 1017 Personarum
2068 982 2262 1019 confiifione
2274 986 2307 1019 in
2321 996 2417 1020 mun-

1481 1028 1565 1065 dum
1588 1027 1761 1064 induceret
1780 1042 1789 1062 :
1815 1026 1879 1064 hac
1890 1029 1933 1065 de
1951 1030 2044 1067 causa
2066 1034 2159 1069 Deus
2172 1033 2279 1069 sutura
2298 1043 2420 1082 praeca·

1486 1091 1566 1114 vens
1578 1105 1589 1122 ,
1617 1091 1654 1114 ac
1666 1078 1881 1125 posterorum
1893 1085 2116 1127 praemuniens
2129 1086 2254 1119 animas
2266 1108 2278 1125 ,
2303 1083 2334 1119 ie
2345 1087 2419 1132 qui·

1483 1128 1562 1165 dem
1573 1127 1641 1177 ipse
1650 1127 1822 1177 Stephano
1833 1129 1980 1166 ostendit
1993 1134 2025 1167 in
2036 1130 2089 1168 sua
2101 1132 2199 1181 plane
2211 1158 2222 1175 ,
2232 1146 2335 1181 eaque
2346 1146 2421 1183 per·

1483 1179 1658 1216 feffiffima
1667 1179 1775 1226 gloria
1795 1193 1803 1214 =
1831 1180 1955 1216 Filium
1970 1193 2054 1218 vero
2071 1186 2173 1219 etiam
2184 1182 2422 1227 demonstrat,

1483 1232 1518 1266 in
1529 1228 1668 1277 persona
1678 1234 1825 1266 numeris
1836 1229 1994 1268 omnibus
2003 1231 2153 1269 absoluta
2165 1259 2176 1275 ‚
2189 1232 2365 1282 ipsumque
2375 1232 2420 1270 ad

1484 1279 1658 1315 dexteram
1670 1280 1758 1316 suam
1773 1279 1885 1316 statuit
1896 1307 1907 1322 ,
1925 1293 1963 1318 ut
1973 1282 2060 1319 clara
2070 1282 2290 1331 personarum
2301 1283 2422 1321 distin-

1485 1332 1600 1366 &ione
1610 1328 1809 1367 subfistentis
1830 1330 2018 1379 explicaret
2029 1360 2038 1370 .

1534 1381 1667 1417 Verum
1688 1380 1777 1415 dicet
1795 1380 1927 1418 fortass‘e
1950 1383 2117 1431 quispiam
2129 1397 2140 1423 3
2166 1387 2257 1422 reete
2278 1385 2420 1434 quiden

1484 1429 1557 1466 haec
1567 1429 1608 1469 de
1623 1434 1719 1466 Patre
1732 1434 1766 1467 δε
1777 1430 1865 1467 Filio
1875 1445 1892 1468 a
1903 1443 1936 1468 te
1947 1432 2190 1483 philosophata
2203 1436 2276 1472 sunt
2287 1451 2296 1472 ε
2317 1447 2350 1473 at
2359 1434 2421 1473 ubi

1485 1480 1532 1516 est
1543 1483 1687 1528 Spiritus
1706 1480 1833 1518 sanstus
1841 1482 1855 1516 ?
1864 1485 1896 1519 Si
1907 1487 1996 1519 enim
2010 1484 2051 1520 ad
2062 1485 2196 1534 plenam
2207 1485 2287 1523 fidei
2298 1485 2423 1523 confir·

1486 1532 1672 1567 mationem
1685 1536 1782 1568 Pater
1802 1545 1820 1567 e
1839 1532 1931 1571 coelo
1939 1546 2018 1570 cum
2030 1535 2121 1571 Filio
2131 1539 2286 1585 apparuit
2298 1562 2310 1579 ‚
2334 1549 2424 1586 opus

1485 1584 1587 1617 etiam
1600 1579 1778 1618 videbatur
1788 1607 1800 1624 ,
1825 1595 1902 1619 cum
1913 1587 1958 1620 eis
1969 1587 2068 1621 etiam
2094 1585 2241 1622 tanetum
2256 1591 2423 1636 Spiritum

1484 1629 1589 1668 adess'e
1601 1656 1613 1674 ‚
1625 1643 1663 1667 ut
1673 1635 1819 1669 exercita
1829 1633 1978 1681 quoedam
1990 1635 2094 1684 reipsa
2107 1636 2354 1683 mysteriorum
2365 1649 2424 1673 co·

1486 1685 1597 1729 gnitio
1606 1707 1619 1725 ,
1645 1681 1770 1719 vifione
1781 1686 1788 1718 i
1792 1682 1845 1731 psa
1865 1681 2063 1721 hominibus
2085 1686 2309 1724 innotesceret
2319 1714 2327 1723 .
2354 1690 2424 1724 Ne-

1486 1729 1568 1768 ceffe
1582 1735 1695 1780 itaque
1711 1732 1761 1770 est
1771 1733 1811 1769 ad
1823 1732 1917 1770 istam
1929 1733 2160 1779 objectionem
2174 1736 2344 1778 ‚nostram
2356 1736 2425 1775 sen·

1486 1786 1627 1818 tentiam
1640 1785 1673 1818 in
1685 1783 1838 1820 medium
1852 1785 2024 1832 proferre.
2046 1788 2222 1834 oportere
2233 1791 2423 1831 nimirum,

1487 1835 1664 1869 onimium
1685 1833 1811 1881 sapiens
1831 1834 1840 1870 ‚¹
1866 1848 1943 1872 eum
1956 1839 2013 1883 qui
2026 1836 2162 1874 recitata
2173 1837 2281 1886 aliqua
2292 1863 2305 1881 ,
2328 1841 2397 1875 acri
2407 1862 2423 1882 ,

1485 1888 1518 1920 &
1529 1885 1650 1919 exacto
1662 1884 1786 1926 iudicio
1797 1885 1978 1932 expendit,
2005 1891 2038 1922 &
2050 1891 2192 1923 rimatur
2201 1912 2214 1931 ,
2239 1897 2312 1925 tum
2324 1891 2424 1925 re&

1486 1937 1608 1970 mentis
1619 1931 1680 1970 effe
1692 1960 1704 1977 ,
1730 1945 1803 1971 tum
1822 1939 1988 1971 memoria
2000 1936 2159 1974 firmum:
2186 1942 2278 1976 ut‘ita
2298 1939 2420 1976 cundia

2439 453 2500 484 lum
2508 471 2519 485 ο

1486 1987 1612 2032 pariter
1623 2009 1635 2026 ,
1644 1998 1718 2032 quae
1729 1984 1849 2034 scripta
1860 1985 1934 2022 sunt
1944 2011 1957 2028 ‚
1982 1987 2231 2036 comprendere
2240 1988 2348 2026 valeat
2358 2017 2366 2026 .
2386 1990 2423 2026 Si

1483 2038 1574 2070 enim
1585 2037 1726 2081 Spiritus
1737 2035 1839 2072 saneti
1853 2035 2059 2084 praesentiam
2070 2039 2190 2085 qeaeri's
2202 2052 2211 2076 3
2224 2038 2338 2077 recole
2371 2047 2424 2075 ue

1484 2084 1588 2133 paulo
1599 2083 1746 2134 superius
1767 2085 1856 2123 dieta
1872 2085 1946 2123 sunt
1954 2112 1967 2130 ,
1992 2099 2171 2137 antequam
2191 2088 2233 2125 de
2253 2052 2424 2139 lapidibus

1483 2145 1637 2182 ageretur
1659 2140 1693 2172 δε
1703 2148 1784 2179 nece
1794 2162 1806 2179 ,
1831 2141 1866 2174 &
1876 2141 2026 2175 invenies
2036 2150 2113 2175 ante
2131 2138 2235 2187 ipsam
2257 2139 2422 2176 visionem

1485 2188 1649 2233 Spiritum
1661 2186 1807 2223 fanetum
1821 2187 2018 2234 loquentem
2031 2211 2042 2227 ‚
2062 2192 2094 2222 &
2107 2188 2285 2234 Stephano
2293 2187 2423 2225 adstan-

1485 2247 1554 2270 tem
1566 2260 1579 2276 ,
1603 2235 1837 2278 athletamque
1857 2244 2102 2280 praeparantem
2114 2260 2126 2276 ,
2152 2249 2190 2271 ac
2209 2249 2420 2285 componen-

1483 2292 1552 2316 tem
1574 2307 1581 2315 .
1609 2282 1713 2315 Clare
1723 2293 1868 2328 namque
1890 2284 1922 2316 in
1935 2285 2109 2329 principio
2120 2290 2320 2321 narr-arionis
2330 2285 2420 2322 hanc

1483 2332 1628 2376 primam
1649 2329 1748 2364 nobis
1775 2329 1922 2375 protulit
1941 2342 2063 2366 vocem
2084 2344 2093 2365 ε
2118 2334 2295 2377 Stephanus
2309 2332 2420 2381 pleni:
2435 2340 2539 2374 ΔΕΑ.
2549 2341 2612 2375 υθέ

1477 2380 1588 2420 gratia
1599 2401 1611 2418 ,
1638 2378 1681 2415 Ψ
1692 2380 1836 2413 veritate
1847 2403 1862 2420 ‚
1885 2390 1922 2414 ac
1929 2378 2117 2423 fortitudine
2127 2406 2139 2424 ,
2158 2383 2303 2428 faciebat
2319 2381 2422 2432 prodi-

1479 2429 1534 2469 gia
1546 2450 1558 2467 ,
1584 2425 1718 2471 &signa
1736 2439 1852 2472 magna
1875 2430 1906 2464 in
1922 2429 2036 2474 populo
2048 2457 2056 2465 .
2081 2438 2292 2470 surrexerunt
2311 2445 2430 2472 autem.
2484 2467 2487 2471 Δ

1484 2477 1612 2520 quidam
1624 2477 1660 2512 de
1671 2483 1824 2522 synagoga
1834 2502 1846 2520 ,
1865 2491 1931 2523 εἶτα
1941 2478 2162 2524 appellabatur
2170 2481 2423 2533 Libertinorum·‚

1485 2526 1528 2564 (β’
1539 2525 1744 2571 Cyrenensium
1755 2552 1767 2568 ,
1777 2528 1820 2564 &⁶
1828 2527 2124 2568 Alexandrinorum
2137 2556 2149 2573 ,
2162 2532 2218 2571 ’ἐφ’
2226 2546 2331 2572 eorum
2342 2561 2355 2579 ,
2365 2539 2423 2582 qut·

1483 2585 1573 2612 erant
1582 2588 1602 2612 a
1615 2576 1729 2612 Cilicia
1737 2601 1750 2620 ,
1775 2578 1819 2614 &²
1828 2577 1911 2624 Asia
1922 2604 1934 2622 ,
1957 2580 2152 2624 dnypusantes
2160 2594 2232 2619 cum
2243 2587 2421 2631 stephano:

1485 2627 1527 2662 &⁶
1538 2639 1593 2661 non
1601 2635 1749 2670 poterant
1768 2626 1898 2673 resistere
1910 2628 2074 2674 sapientia
2086 2655 2099 2673 ,
2123 2633 2311 2679 &spiritui
2325 2661 2339 2679 ,
2363 2638 2420 2683 qui
2446 2662 2450 2665 -

1483 2673 1668 2720 loquebatur
1676 2703 1685 2711 .
1711 2676 1817 2714 Vides
1827 2681 1938 2726 itaque
1948 2679 2072 2716 sacram
2083 2684 2293 2731 Scripturam
2300 2684 2418 2724 distin·
2445 2707 2449 2711 ·

1485 2727 1538 2761 ὅτε
1549 2750 1560 2767 ,
1586 2739 1623 2761 ac
1643 2725 1792 2763 dilucide
1812 2730 1955 2775 Spiritus
1966 2729 2068 2766 sanc'ti
2088 2731 2187 2769 nobis
2208 2733 2416 2784 proposuisse

1483 2774 1676 2823 personam?
1688 2779 1856 2822 Quamvis
1867 2789 1981 2815 autem
1990 2783 2152 2827 Spiritum
2163 2783 2310 2822 sanetum
2320 2789 2416 2836 prius

1483 2824 1693 2873 descripserit
1702 2853 1714 2870 ‚
1739 2826 1862 2864 deinde
1872 2841 1957 2865 vero
1968 2835 2100 2867 Patrem
2111 2845 2152 2869 ac
2159 2834 2286 2872 Filium
2295 2861 2308 2879 ‚
2327 2834 2415 2874 nihil

1482 2874 1563 2911 fidei
1582 2875 1690 2912 officit
1708 2877 1841 2914 ordinis
1856 2879 2005 2916 inverfio
2020 2901 2027 2911 ·
2056 2885 2088 2918 Is
2107 2886 2196 2919 enim
2218 2884 2315 2922 ficrae
2331 2890 2416 2923 Scri—

1483 2936 1591 2973 pturae
1603 2939 1676 2962 mos
1686 2926 1734 2963 est
1749 2955 1757 2963 .
1786 2928 1984 2976 Aliquando
1993 2934 2084 2967 enim
2095 2931 2203 2970 fblum
2215 2934 2341 2972 Filium
2354 2949 2414 2972 no·

1482 2979 1612 3011 minare
1623 2975 1736 3013 ass'olet
1756 2992 1764 3012 :
1790 2978 1974 3026 aliquando
1985 2993 2070 3018 vero
2088 2985 2252 3031 Spiritum
2262 2984 2413 3022 san&um

1483 3039 1560 3062 curn
1573 3025 1683 3064 Filios
1706 3027 1785 3064 alias
1804 3041 1915 3065 veroa
1928 3034 2026 3067 Patre
2046 3034 2180 3069 initium
2201 3033 2352 3078 sumere,
2376 3049 2415 3072 ac

1483 3079 1518 3111 in
1530 3079 1691 3124 Spiritum
1705 3076 1853 3114 {anctum
1864 3078 2010 3117 definere
2029 3095 2042 3114 .·
2067 3085 2101 3117 &
2115 3082 2205 3119 ver'fi
2217 3087 2291 3120 vice
2312 3088 2415 3122 initio

1483 3125 1576 3163 faelo
1584 3139 1600 3162 a
1613 3129 1737 3174 Spiritu
1750 3127 1876 3171 sancto,
1886 3141 1946 3176 per
1955 3130 2078 3167 Filium
2088 3130 2293 3178 sermonem,
2302 3135 2343 3171 ad
2356 3141 2415 3173 Pa-

1483 3187 1572 3212 trem
1583 3175 1705 3212 ducere
1717 3204 1725 3212 .
1739 3180 1904 3225 Hancque
1915 3178 2048 3216 dicendi
2085 3185 2304 3230 roprietatem
2315 3210 2328 3228 ,
2337 3198 2412 3222 om—

1483 3229 1578 3263 nium
1590 3229 1739 3262 maxime
1750 3227 1840 3276 apud
1852 3229 1989 3265 Paulum
2008 3193 2129 3279 abigue
2140 3232 2215 3268 ullo
2222 3233 2415 3272 discrimine

1484 3275 1582 3312 liceat
1591 3274 1802 3313 observatam
1814 3277 1937 3314 videre.
1948 3279 2116 3317 Officium
2126 3294 2234 3329 porro
2245 3284 2417 3329 nostrum,

1485 3325 1578 3374 quod
1591 3324 1765 3374 Stephano
1775 3325 1977 3365 debebamus
1990 3355 2002 3373 ‚
2028 3331 2241 3379 explevimus
2250 3346 2264 3373 ,·
2289 3347 2359 3370 non
2368 3343 2419 3373 ex

1489 3379 1614 3412 merito
1621 3375 1782 3427 quidem,
1808 3376 1831 3412 fi
1840 3380 1887 3412 rei
1905 3381 2107 3426 magnitudo
2127 3383 2312 3430 speaemrs
2337 3393 2371 3420 at
2386 3384 2411 3421 fi

1484 3424 1616 3461 dicendi
1627 3425 1766 3463 facultas
1778 3451 1789 3469 ‚
1799 3425 1931 3464 abunde
1942 3454 1948 3461 .
1961 3432 2042 3466 Deo
2052 3430 2170 3468 nostro
2179 3432 2289 3478 gloria
2298 3458 2310 3477 ,
2320 3446 2411 3471 num:

1482 3473 1680 3523 &stamen
1705 3479 1783 3514 &in
1794 3475 1909 3514 saecula
1919 3478 2116 3519 saeculorum
2138 3495 2148 3517 ι
2174 3471 2310 3521 Amen.
2328 3495 2331 3500 ·
