2652 4126
682 177 1730 245 ADM0N1T10.
2012 183 2114 234 161

207 281 299 338 His
340 278 402 336 (3’
440 279 615 355 scmHis
654 275 874 332 decoratus
911 276 974 356 eft
1014 277 1059 331 C
1061 272 1281 347 affianus3
1322 271 1575 348 digniffima
1588 316 1604 344 ‚
1639 272 1776 348 plura
1831 269 1961 322 etiam
1992 268 2119 342 spur.

203 361 318 438 sim,
362 359 423 413 (⁴5
464 363 652 419 nimine·
684 373 776 411 tota
823 357 917 432 fere
977 355 1230 414 Collatione
1288 352 1450 407 decima
1507 356 1634 409 tertia
1675 347 1828 427 sanffi
1840 380 1843 385 ·
1879 346 2120 427 Augustini

209 443 322 496 circa
356 443 574 515 gratiam*
594 435 799 492 doc-{rime
839 435 1032 510 adversa
1072 434 1298 509 leguntur.

288 521 399 593 Qua
437 522 484 576 in
522 539 567 573 rc
607 518 653 570 C
652 514 848 590 affianus
880 512 1159 591 periculosius
1198 510 1373 567 errabat
1412 534 1539 588 quam
1578 517 1624 568 in
1664 515 1806 569 ceteris
1834 554 1849 581 ,
1888 526 1983 564 tum
2017 524 2117 584 pron

201 617 301 676 pter
339 600 528 657 materia
567 595 848 671 dignitatem,
887 611 982 650 tum
1013 609 1196 670 propter
1234 607 1468 666 temporum
1492 594 1858 672 circumstantias.
1900 589 2117 663 Pelagia-

206 700 356 736 norum
394 681 505 733 enim
544 692 684 730 errata
725 675 887 729 Romae
919 677 1107 750 primum
1124 717 1131 722 .
1147 694 1259 727 anno
1317 678 1434 739 418.
1487 671 1694 728 damnata
1743 672 1921 749 fuerant
1949 713 1968 740 ‚
2024 684 2120 721 tum

201 757 355 838 statim
393 778 424 811 a
460 757 608 812 multis
648 756 939 812 Orientalium
973 757 1169 829 partium
1188 753 1403 808 conciliis
1422 795 1438 822 ‚
1478 774 1571 807 cum
1611 755 1682 808 ille
1699 776 1810 807 anno
1826 752 1966 826 serius
1995 752 2111 817 426.

210 840 256 892 C
257 838 497 893 allationem
536 836 646 890 hanc
686 830 1080 890 decimam-tertiam
1121 834 1207 887 luci
1246 831 1448 907 commisit
1489 851 1501 884 ε
1544 835 1590 887 in
1638 856 1719 908 qua
1774 829 1940 908 quidem
1993 826 2111 883 idem

211 938 323 972 error
353 916 584 992 specialius
622 914 856 969 continetur
870 956 884 983 ‚
924 917 1044 985 cujus
1075 916 1171 983 jam
1208 913 1255 965 in
1293 915 1419 966 tertia
1458 909 1706 968 collatione
1751 914 1867 985 satis
1921 908 2106 964 evidens

211 995 445 1075 vestigium
485 989 864 1070 deprehendebatur
880 1037 892 1048 .
935 995 1036 1047 Viro
1076 1014 1170 1067 ergo
1208 1007 1342 1046 tantae
1381 990 1658 1046 austoritatis
1706 1006 1874 1066 quantae
1932 991 1977 1042 C
1979 986 2123 1062 alsia-²

210 1097 296 1131 nus
334 1073 560 1130 habebatur
576 1117 591 1145 ,
630 1077 677 1129 in
717 1074 802 1148 ipso
845 1070 1180 1148 disputationum
1210 1071 1390 1147 fhrvore
1431 1092 1598 1126 novum
1653 1069 1811 1146 dogma
1865 1068 2068 1145 inserente

213 1153 321 1232 quod
358 1147 564 1232 quidem,
604 1153 856 1230 observante
895 1153 1103 1228 Prospero
1121 1195 1138 1222 ,
1180 1172 1254 1206 nec
1296 1149 1514 1207 damnatae
1555 1148 1609 1204 ab
1650 1148 1852 1226 Ecclesia
1881 1147 2026 1225 haerefi
2049 1147 2122 1219 u]-

213 1256 445 1312 quequaque
485 1233 716 1310 conforme,
758 1255 830 1287 nec
872 1231 1077 1288 doHrinae
1115 1231 1169 1287 S.
1211 1231 1463 1311 Augustini
1479 1277 1494 1302 ,
1537 1233 1608 1307 qui
1631 1231 1977 1310 Pelagianorum
1997 1225 2124 1281 dam-'-

212 1316 401 1370 nationis
434 1332 544 1389 pars
583 1316 776 1369 maxima
807 1312 984 1389 fuerat,
1025 1314 1139 1367 omni
1177 1333 1228 1366 ex
1261 1328 1389 1386 parte
1428 1312 1687 1383 consentiens
1721 1312 1836 1387 foret
1855 1352 1871 1380 ,
1904 1307 2009 1385 fieri
2034 1327 2126 1361 om-

214 1396 314 1449 nino
333 1447 336 1450 ,
353 1415 436 1448 non
471 1409 666 1469 poterat,
705 1394 806 1471 quin
845 1391 943 1448 inde
983 1391 1168 1447 turbatio
1209 1413 1292 1444 non
1331 1388 1498 1444 modica
1537 1391 1798 1465 enasceretur
1819 1431 1833 1445 .
1875 1389 1978 1444 Nec
2011 1388 2129 1442 enim

213 1488 307 1527 erat
345 1471 454 1550 quod
493 1495 647 1528 errores
685 1476 733 1528 in
773 1474 1016 1527 collatione
1054 1471 1233 1544 insertos
1271 1472 1319 1524 in
1360 1472 1404 1524 C
1408 1469 1680 1525 haeremonem
1718 1469 1935 1527 Abbatcm
1951 1511 1968 1539 ,
2007 1487 2133 1543 quem·-

385 1574 452 1607 em
490 1553 723 1608 induxerat
741 1595 757 1622 ‚
796 1554 1008 1622 rejiceret,
1049 1572 1150 1628 quos
1189 1549 1277 1623 ipse
1316 1551 1418 1603 totis
1456 1550 1576 1605 ulnis
1615 1550 1823 1625 ampleffli
1859 1549 1904 1622 β’
1944 1570 1994 1602 ac
2023 1564 2132 1620 pro-·

217 1630 315 1686 bare
354 1629 592 1710 testabatur
611 1673 624 1686 .
666 1631 727 1686 Id
767 1647 911 1686 autem
951 1634 996 1687 ei
1035 1633 1084 1685 in
1121 1630 1243 1684 votis
1284 1643 1381 1682 erat
1419 1649 1513 1681 cum
1554 1631 1800 1686 collationes
1842 1629 2072 1704 evulgaret
2110 1667 2128 1695 ,

216 1710 269 1766 ut
303 1714 500 1787 proprios
529 1712 684 1787 sensus
716 1711 813 1784 suis
863 1710 1122 1785 depromeret
1146 1751 1160 1777 ,
1211 1727 1306 1762 cum
1356 1729 1499 1761 eorum
1548 1709 1697 1786 quibus
1746 1707 1927 1765 docendi
1975 1725 2130 1761 munus

220 1788 487 1869 eommiffiffe
518 1787 756 1868 fimcdabat
794 1788 1038 1847 dostrinam
1077 1790 1221 1864 magis
1254 1789 1477 1861 praeeoniis
1516 1790 1744 1844 extolleret
1760 1834 1773 1845 .
1817 1788 1944 1844 Aliis
1975 1806 2130 1862 quoque

221 1891 274 1924 eve
313 1870 416 1925 locis
445 1870 579 1945 satis-
601 1868 822 1948 manifeste
862 1867 1251 1945 deprehendebatur
1266 1913 1284 1939 ,
1319 1864 1514 1942 probata.
1542 1867 1599 1923 ab
1637 1891 1680 1923 eo
1721 1870 1862 1923 omnia
1883 1870 1927 1920 C
1931 1865 2132 1922 heremo·-

220 1951 293 2003 nis
332 1947 527 2005 Abbatis
559 1951 849 2024 pronuntiata
887 1972 906 2004 .·
945 1947 1052 2026 quod
1091 1946 1257 2025 quidem
1288 1949 1407 2021 satis
1442 1947 1659 2027 praeflaffe
1690 1949 1739 2024 Je
1778 1945 1962 2027 ostendit
1978 1987 1995 2015 ‚
2036 1964 2131 1998 cum

221 2028 332 2082 hanc
373 2027 618 2083 dofflrinam
657 2021 750 2083 nec‘
769 2029 1018 2104 improbarit
1037 2071 1052 2099 ‚
1091 2051 1164 2082 nec
1221 2025 1446 2098 objefilione
1493 2029 1575 2082 vel
1624 2031 1804 2083 minima
1860 2030 1906 2081 in
1957 2022 2133 2079 dubium

221 2108 421 2162 revocari
456 2104 572 2185 poffe
613 2106 916 2186 deinonstrarit
932 2150 945 2163 .

233 2222 238 2226 ·
288 2186 432 2241 Ἠίηε
471 2187 648 2261 contigit
685 2202 735 2241 ut
774 2188 904 2242 multi
942 2190 988 2241 in
1028 2188 1205 2243 Galliis
1244 2187 1422 2266 nostris,
1463 2190 1645 2242 maxime
1683 2190 1795 2243 inter
1825 2188 1984 2261 servos
2026 2185 2137 2252 Dei,

223 2288 300 2344 quo
340 2265 505 2320 nomine
538 2265 678 2338 fiilent
715 2265 932 2344 defignari
970 2267 1216 2335 Monachi,
1257 2270 1330 2343 qui
1368 2267 1600 2341 Maffiliae
1639 2266 1850 2342 degebant
1887 2308 1901 2333 ,
1942 2267 1990 2319 in
2029 2267 2138 2318 Au·-

218 2343 385 2424 guflini
424 2343 669 2400 doc-{rinam
705 2348 970 2422 insurgerent
1014 2364 1030 2408 5
1069 2367 1141 2400 nec
1181 2345 1356 2401 dubium
1395 2347 1495 2426 istos
1535 2350 1579 2401 C
1582 2347 1741 2422 affiani
1789 2345 2046 2400 auc—{oritate
2092 2345 2140 2394 in

225 2445 377 2478 errores
392 2465 408 2493 ‚
445 2445 541 2478 cum
579 2425 682 2478 aliis
711 2427 810 2500 suis
843 2423 1088 2503 sequacibus
1125 2424 1349 2479 induistus.
1391 2429 1566 2480 Erant·
1588 2442 1730 2480 autem
1767 2424 1840 2502 isti
1878 2419 2140 2494 Maffile’cn·

218 2504 294 2578 Jes
333 2503 553 2557 Monachi
590 2504 684 2557 vin·
722 2506 858 2573 clari,
896 2506 958 2559 (5
997 2509 1045 2558 in
1084 2504 1269 2554 omnium
1323 2505 1544 2555 virtutum
1595 2502 1740 2577 fludio
1786 2501 1987 2577 egregii,
2043 2517 2142 2574 quoa

230 2603 328 2635 rum
365 2580 492 2654 apud
522 2581 737 2656 plerosque
776 2597 905 2636 tanta
944 2595 1036 2634 erat
1075 2576 1126 2630 de
1159 2575 1393 2651 probitatis
1444 2581 1792 2652 contemplatione
1840 2581 2085 2632 reverentia
2125 2618 2141 2645 ,

229 2676 282 2716 ut
322 2660 393 2714 hoe
421 2657 692 2732 tutiffimum
722 2657 808 2734 fibi
848 2658 1106 2736 aeflimarent
1123 2698 1139 2725 ,
1177 2655 1284 2732 quod
1323 2655 1523 2713 audirent
1570 2680 1636 2712 eos
1661 2704 1678 2730 ,
1727 2678 1897 2734 quorum
1953 2657 2142 2712 austori-

232 2755 369 2794 tatem
403 2736 495 2812 fine
527 2735 688 2806 judicio
718 2735 1035 2813 sequebantur,
1075 2734 1274 2812 afferere.
1314 2738 1423 2792 Hos
1462 2740 1576 2793 inter
1614 2736 1923 2809 eruditiffimus
1963 2733 2143 2790 habeba-

230 2834 306 2872 tur
343 2819 395 2873 C
397 2814 593 2890 affianus
607 2856 622 2884 ‚
664 2818 735 2891 qui
773 2819 906 2870 etiam
934 2817 1054 2889 fidus
1091 2817 1282 2890 cogitata
1330 2816 1417 2891 sua
1458 2818 1644 2894 'seriptis
1683 2826 1686 2831 '
1687 2815 1906 2893 publicare
1955 2837 2041 2870 non
2090 2816 2147 2869 ti-

231 2910 411 2952 “mucrat
423 2935 435 2949 ι
756 2919 758 2921 ’
1397 2955 1400 2958 .
1468 2933 1470 2937 ·

232 3020 235 3023 ,
313 2976 394 3031 Hi
431 2989 575 3029 autem
612 2977 659 3029 in
692 2976 903 3050 principio
941 2979 1109 3032 cautius
1148 2993 1324 3051 agentes
1339 2977 1646 3048 ,starditatem
1675 2977 1806 3051 fitam
1847 2978 2022 3053 culpare
2055 2994 2150 3029 ma-

231 3057 411 3110 luerunt
425 3095 441 3124 ,
480 3076 610 3131 quam
648 3076 738 3110 non-
769 3054 990 3110 intelleHa
1031 3058 1076 3109 iu
1118 3057 1361 3136 Augustini
1397 3055 1778 3112 elucubrationibus
1815 3052 2150 3134 reprehendere3

231 3133 488 3211 quidamque
527 3156 665 3188 eorum
701 3132 942 3188 lucidiorem
975 3135 1103 3210 super
1143 3137 1218 3190 hoc
1244 3154 1379 3213 'atque
1414 3139 1669 3212 apertiorem
1723 3140 1814 3208 ejus
1854 3137 2150 3215 exposittbnem

233 3215 471 3268 ⁴'uoluerunt
503 3213 718 3292 postulare
731 3256 744 3269 .
785 3214 945 3269 Patuit
983 3231 1124 3271 tamen
1162 3215 1306 3292 postea
1345 3241 1427 3273 non
1468 3219 1610 3271 minus
1657 3239 1708 3271 ex
1753 3215 1955 3294 superbia
1972 3260 1988 3287 ‚
2029 3217 2096 3268 cui
2135 3255 2152 3283 ‚

235 3294 425 3347 omnium
463 3296 648 3349 maxime
680 3308 837 3369 patent
876 3316 1048 3369 quorum
1082 3297 1276 3351 'virtutes
1315 3296 1435 3373 apud
1476 3298 1661 3352 homines
1709 3299 1755 3351 in
1804 3300 1944 3372 pretio
1993 3293 2151 3354 haben-

240 3385 315 3434 tw·
352 3392 480 3446 quam
515 3394 567 3428 ex
606 3374 804 3428 naturali
842 3374 1087 3447 ignorantia
1126 3391 1204 3430 aut
1242 3375 1522 3450 infirmitates
1561 3392 1691 3432 natas
1731 3377 1875 3430 horum
1915 3375 2108 3431 tenebras
2139 3412 2154 3426 .

236 3452 376 3504 *Cum
402 3453 514 3506 mim
543 3452 724 3529 fortuito
763 3451 933 3508 allatus
971 3453 1071 3533 effet
1109 3457 1154 3509 in
1193 3445 1378 3513 Gallias
1419 3456 1525 3511 liber
1564 3455 1616 3511 de
1656 3459 1701 3510 C
1704 3458 1933 3531 orreptionc
1956 3457 2019 3512 (5³
2049 3472 2157 3529 gra-

241 3531 336 3597 tia,
376 3550 495 3604 quem
532 3530 795 3610 instruendis
835 3531 1138 3590 Adrwnetinis
1177 3537 1425 3589 Monachis‘
1463 3559 1574 3590 anno
1613 3555 1727 3606 427.
1769 3535 2049 3613 Augustinus
2083 3532 2157 3586 dc-

238 3607 499 3687 stinaverat*
513 3649 530 3678 ‚
569 3632 662 3686 quo.
682 3613 729 3665 in
767 3611 875 3668 libro
915 3613 1105 3669 omnibus
1153 3614 1503 3691 Maffilienfium
1542 3614 1841 3686 objeHionib'us
1865 3652 1897 3685 ,-
1933 3639 2048 3693 quat
2105 3631 2158 3674 ἐκ

246 3685 478 3808 indusslmic}>
501 3685 828 3823 ''jqundebatur
842 3735 860 3763 ,
899 3715 994 3748 cum
1031 3715 1126 3769 eigo
1166 3695 1234 3749 illi
1273 3694 1406 3748 lucem
1447 3695 1521 3751 hoc
1561 3698 1608 3749 in
1648 3693 1756 3749 libro
1794 3694 2078 3774 affulgentem
2099 3695 2158 3751 ad

325 3803 329 3806 .
398 3797 409 3809 .
480 3782 520 3808 νο
533 3779 641 3827 pert.
1617 3776 1656 3816 X
2014 3791 2101 3837 pro-
