2652 4126
461 233 563 295 243

408 336 414 343 ·
452 326 468 344 ⁰
519 325 686 369 Clamat
717 323 827 365 enim
858 320 937 362 alio
967 321 1055 361 loco
1085 317 1281 375 scriptura
1301 318 1388 360 san-

274 391 437 429 Prov-18·3·
456 385 541 439 eta,
581 388 762 425 Peccator
790 395 873 421 cum
902 379 1056 420 venerit
1086 379 1128 419 in
1150 378 1386 441 profundum

454 445 665 495 malorum,
694 439 924 483 contemnit.

512 506 591 547 Sed
620 518 685 544 nos
716 501 782 556 qui
811 500 1005 553 vivimus,
1034 498 1281 541 benedicimus
1311 504 1389 543 Do·

571 563 716 605 minum
734 588 749 614 ‚
786 575 835 601 ex
863 558 931 602 hoc
962 575 1062 602 nunc
1100 559 1151 602 δ’
1189 560 1310 617 usque—
1325 562 1385 613 *fin

564 618 765 679 saeculum.
1255 630 1278 640 '<
1330 638 1332 642 ·

298 513 342 551 γ.
363 514 409 546 18.

578 743 1027 786 PSALMUS
1089 742 1247 784 cxw.

770 872 772 875 >
807 861 1037 918 Halleluja.

309 1006 347 1043 y,
369 1014 394 1036 1,
454 982 661 1063 DIlexi,
690 985 869 1039 quoniam
900 982 1076 1024 exaudiet
1095 981 1283 1022 Dominus
1314 994 1380 1019 vo·

565 1060 645 1087 cem
676 1044 852 1085 orationis
882 1058 992 1084 meae.

567 1166 699 1205 Antet
730 1165 806 1204 hoc
838 1163 973 1203 anima
1005 1174 1089 1217 quae
1100 1159 1383 1217 peregrinatur

590 1237 614 1264 a
646 1223 831 1264 Domino
851 1252 864 1274 ,
903 1233 1039 1262 cantet
1061 1220 1157 1260 -hoc
1187 1219 1275 1260 ovis
1314 1219 1383 1260 illa

449 1298 533 1340 quae
564 1294 794 1333 erraverat,
824 1280 1049 1323 cantethoc
1063 1278 1163 1320 filius
1193 1279 1286 1331 ille,
1315 1279 1384 1334 qui

448 1354 626 1384 mortuus
658 1341 789 1382 fuerat
820 1342 858 1381 &
889 1339 1128 1390 resurrexit,
1159 1338 1384 1395 perierat&

268 1405 426 1441 Luc.15.24
451 1403 643 1443 inventus
674 1399 751 1442 est.
784 1398 896 1458 Quid
918 1398 1094 1441 estenim
1108 1395 1267 1450 Dilexi,
1297 1413 1385 1452 quo-

446 1462 549 1503 niam
579 1461 755 1502 exaudiet
797 1460 986 1499 Dominus
1005 1489 1019 1511 ,
1058 1457 1130 1499 nifi
1152 1488 1165 1511 ,
1208 1457 1351 1500 Dilexi
1372 1487 1385 1510 ,

446 1522 638 1580 quoniam
671 1522 713 1562 in
746 1520 821 1562 hac
835 1519 902 1577 spe
915 1518 998 1560 sum
1013 1518 1181 1575 pofitus,
1211 1530 1386 1559 utexau-

447 1582 640 1624 diendum
680 1579 753 1622 effe
795 1595 860 1623 me
892 1577 1088 1624 credam?
1130 1579 1231 1620 Non
1273 1578 1385 1620 enim

447 1641 587 1683 frustra
620 1642 695 1682 hoc
727 1640 863 1698 spero.
1031 1650 1046 1653 ·’
1327 1648 1329 1650 “

509 1702 711 1761 ‚Quoniam
742 1698 953 1742 inclinavit
979 1713 1110 1740 veurem
1132 1697 1248 1754 suam
1279 1696 1385 1738 mihi.

507 1761 605 1803 Ideo
636 1775 731 1821 ergo
772 1760 995 1812 exaudiet,
1034 1760 1127 1815 quia
1170 1759 1385 1800 inclinavit

451 1835 588 1865 aurem
622 1820 733 1863 suam
766 1821 902 1863 mihi.
944 1821 1036 1877 Jam
1077 1819 1103 1861 fi
1135 1832 1355 1875 quaer-amus
1373 1847 1387 1870 ,

449 1881 555 1924 unde
587 1881 799 1923 crediderit
830 1881 994 1933 anima,
1022 1877 1127 1937 quod
1159 1880 1388 1921 adeamau‘-

450 1956 536 1984 rem
572 1942 775 1984 Dominus
805 1941 1036 1993 inclinarit,
1063 1953 1203 1981 nonne
1222 1938 1388 1996 :respon-

271 2005 433 2044 Rom.8.32·
451 2001 590 2055 debit,
632 2003 741 2060 Quia
766 2004 875 2061 prior
903 1999 1041 2042 dilexit
1071 1997 1134 2040 nos
1153 2030 1166 2054 ,
1205 1995 1254 2042 δὲ·-
1276 1997 1384 2040 Filio

445 2063 599 2122 proprio
634 2078 709 2103 non
734 2062 938 2121 pepercit,
969 2060 1042 2116 sed
1056 2074 1058 2078 ’
1063 2074 1135 2120 pro
1174 2056 1387 2118 'nobisom-

406 2170 411 2175 ⁵
449 2123 555 2164 nibus
584 2123 747 2164 tradidit
776 2121 884 2164 eum?
915 2120 1038 2180 Quod
1063 2121 1173 2162 ‘mihi
1205 2130 1387 2163 cumian-

449 2184 728 2235 nuntiaretur,
757 2181 958 2239 quomodo
986 2195 1069 2222 non
1102 2177 1388 2222 crederemin-

453 2240 616 2282 clinaffe
658 2242 888 2282 Dominum
919 2251 1057 2282 aurem
1098 2239 1207 2280 suam
1246 2238 1389 2288 mihi,

455 2311 572 2342 tanta
603 2299 871 2341 misericordia
903 2299 1243 2355 praevenientem,
1273 2307 1387 2340 tan-ta

460 2359 674 2402 vocatione
707 2358 958 2415 pulsantem.
1229 2367 1245 2372 ”

513 2420 575 2460 Et
604 2419 646 2459 in
675 2418 800 2459 diebus
828 2419 919 2459 meis
948 2418 1152 2459 invocavi.

517 2479 568 2518 In
608 2475 745 2518 diebus
786 2477 1133 2519 scilicet-miseria:
1173 2487 1304 2526 meae‚
1335 2473 1387 2515 fi'n

449 2537 594 2579 diebus
635 2536 894 2577 mortalitatis
934 2537 973 2577 8<
1015 2533 1356 2592 praevaricationis
1377 2563 1389 2585 ,

456 2608 537 2654 'qua
568 2595 719 2638 deserui
752 2596 914 2648 Deum,
944 2597 983 2636 8<
1011 2595 1144 2637 merui
1174 2604 1390 2645 carcerem,

459 2656 500 2698 id
531 2655 608 2709 est,
647 2655 834 2698 tenebras
864 2655 1136 2712 ignorantiae,
1175 2651 1389 2710 compedes

451 2715 705 2758 difficultatis
736 2715 896 2771 accepi.
930 2716 978 2756 In
1012 2714 1075 2756 his
1106 2713 1391 2771 igiturdiebus,

331 2779 371 2838 ij
391 2806 418 2839 3,
524 2775 864 2817 Circumdederunt
895 2789 953 2816 me
982 2773 1122 2816 dolores
1149 2775 1310 2826 mortis,
1326 2785 1391 2832 pe—

455 2862 458 2865 ,
581 2833 699 2876 ricula
727 2834 869 2890 inferni
899 2834 1132 2875 invenerunt
1161 2849 1242 2876 me.

359 2922 385 2951 --a
524 2896 624 2954 Quat
656 2894 727 2936 nifi
759 2894 1015 2937 aberrantem
1043 2894 1111 2937 abs
1122 2906 1162 2937 te
1193 2898 1208 2916 ⁸
1238 2893 1391 2938 nonin-

455 2956 637 2997 'venient
668 2968 745 2997 me:
778 2955 868 3012 Ego
898 2965 1034 2996 autem
1064 2954 1134 2996 illa
1165 2964 1248 2996 non‘
1279 2955 1391 2995 inve-

463 3015 650 3067 niebam,
679 3012 720 3055 id
751 3013 829 3067 est,
859 3027 940 3056 non
952 3011 1235 3055 advertebam.
1267 3015 1393 3055 Ama-

462 3074 559 3115 bam
589 3074 713 3116 enim‘
731 3073 1131 3131 deceptionestneas,
1162 3074 1200 3114 8<
1219 3073 1393 3130 gaudens

466 3132 571 3174 falsis
602 3131 929 3188 prosperitatibus
961 3132 1119 3184 saeculi,
1157 3133 1262 3174 veris
1290 3134 1393 3189 peri-

467 3191 563 3234 culis
593 3190 854 3247 demergebar
883 3190 1056 3233 inferni.
1096 3189 1173 3233 Sed
1198 3189 1301 3233 *cum
1324 3192 1399 3233 mi-

468 3250 514 3291 hi
545 3250 681 3291 illuxit
709 3250 841 3307 gratia
872 3263 963 3303 tua,
993 3252 1031 3292 &
1061 3250 1205 3292 caussas
1235 3251 1398 3293 tribula-

469 3310 589 3352 tionis
621 3310 719 3351 r'n’eae
748 3324 792 3351 ac
823 3307 968 3352 doloris
1000 3311 1165 3364 inveni,
1195 3311 1244 3354 (θ’
1264 3327 1397 3353 nomen

400 3374 409 3384 ”
471 3370 630 3410 Domini
658 3370 863 3410 invocavi.

268 1205 348 1243 Psal.
365 1213 376 1234 ι
384 1205 432 1234 ι8.

271 1246 311 1284 Y.
324 1245 383 1277 ult·

275 2447 347 2476 Item
354 2447 417 2479 va..

327 3431 362 3467 ὴ.
384 3440 397 3467 5
529 3431 564 3469 Ο
596 3429 779 3482 Domine,
808 3444 895 3470 erue
924 3430 1089 3471 animam
1118 3445 1259 3474 meam.

529 3489 762 3545 Tamquam
793 3488 965 3544 diceret,
1006 3492 1062 3532 Et
1092 3491 1199 3533 inter
1229 3490 1398 3533 adversi-

470 3559 595 3599 tateS,
626 3549 663 3589 8<
694 3549 799 3590 inter
830 3549 1112 3607 prosperitates
1143 3550 1257 3606 hujus
1288 3551 1398 3594 saecu-

471 3607 501 3646 li
532 3607 719 3648 miserum
750 3622 814 3650 me
845 3607 920 3650 effe
952 3611 1156 3668 cognovi:
1193 3611 1288 3667 quia
1327 3612 1395 3653 illa

295 3708 323 3739 R
473 3678 687 3722 premunt,
715 3665 786 3708 ista
816 3665 1047 3726 decipiunt.
1077 3670 1182 3730 Qis
1211 3684 1307 3728 ergo
1337 3685 1396 3712 me

325 3715 454 3745 om.7.24.

514 3832 533 3852 a
553 3820 638 3861 Apud
659 3821 871 3862 Augustinutm
892 3834 946 3855 non
966 3826 1130 3857 invenirent
1148 3839 1211 3861 me.

734 229 788 285 S.
874 228 1470 285 PROSPERI

1446 316 1621 359 liberabit
1651 318 1698 359 de
1728 329 1878 376 corpore
1907 317 2037 358 mortis
2047 317 2179 370 hujus,
2210 318 2281 360 nifi
2291 334 2385 377 gra-

1446 379 1503 420 tia
1532 378 1609 421 Dei
1618 427 1622 431 .
1623 390 1696 439 per
1705 379 1743 431 J
1744 377 2061 433 esum—Christum
2092 381 2298 421 Dominum
2317 395 2383 420 no-

1441 440 1592 495 strum.

1502 497 1727 553 .Misericors
1745 499 1929 541 Dominus
1957 498 2007 541 (9⁹
2027 493 2184 555 justus,
2204 497 2254 541 (θ’
2275 502 2380 543 Deus
2398 514 2470 545 ltem
2485 514 2516 552 v
2536 526 2564 553 ς.

1562 560 1683 616 noster
1714 558 1945 614 miserebitur
1958 591 1968 601 .

1505 619 1719 676 Misericors
1748 621 1882 677 primo
1901 651 1914 674 ,
1944 621 2037 677 quia
2068 620 2285 663 inclinavit
2314 635 2382 664 au-

1447 695 1535 723 rem
1566 681 1675 723 suam
1707 680 1837 736 mihi3
1858 681 2020 736 justus,
2049 676 2066 702 δ
2097 682 2165 738 qui
2195 681 2293 723 facit
2314 696 2379 726 me
2460 675 2480 707 b

1447 741 1659 799 agnoscere
1700 739 1805 782 unde
1846 754 2074 782 contererer
2094 757 2107 798 3
2148 742 2187 783 &
2226 741 2380 784 rursum

1445 802 1670 858 misericors,
1712 801 1805 857 quia
1836 799 1885 841 ad
1917 801 1996 842 hoc-
2025 813 2068 842 ut
2098 802 2310 844 invocetur
2339 803 2380 843 8<

1446 862 1702 904 misereatur.

1506 921 1735 977 Custodiens
1760 917 1947 979 parvulos
1967 922 2176 974 Dominus,
2204 918 2381 963 humilia·
2437 930 2471 965 ir.
2490 934 2519 962 6.

1561 995 1622 1022 tus
1642 981 1753 1036 sum,
1783 978 2032 1023 &liberavit
2061 996 2141 1022 me.

1501 1040 1686 1082 Custodit
1719 1041 1928 1098 parvulos,
1958 1055 2068 1097 quos*
2085 1041 2173 1083 vult
2203 1041 2278 1084 effe
2290 1056 2381 1099 per-

1442 1099 1593 1143 feEtos:
1634 1101 1671 1141 8<
1703 1101 1744 1141 in
1779 1100 2014 1142 servitutem
2045 1115 2118 1157 per
2147 1100 2375 1158 superbiam

1442 1159 1596 1218 lapsos,
1625 1173 1697 1216 per
1730 1160 2002 1201 humilitatem
2033 1160 2129 1202 facit
2160 1161 2327 1203 liberos.

1508 1222 1750 1260 Convertere
1768 1221 1895 1259 anima
1911 1235 1993 1260 mea
2002 1220 2042 1259 in
2063 1221 2227 1275 requiem
2249 1235 2354 1261 tuam
2366 1250 2379 1274 ,

1565 1279 1653 1335 quia
1684 1280 1869 1320 Dominus
1897 1278 2077 1335 benefecit
2107 1279 2177 1319 tibi
2189 1310 2198 1320 .

1512 1340 1779 1392 Convertere,
1810 1340 1964 1396 inquit,
1993 1341 2121 1380 anima
2150 1355 2254 1393 mea,
2283 1342 2378 1399 quia

1448 1400 1717 1442 conversionis
1748 1399 1984 1442 facultatem
2013 1399 2143 1441 abillo
2174 1400 2297 1444 habes
2308 1402 2378 1459 qui

1446 1459 1646 1515 benefecit
1677 1460 1776 1501 tibi.
1867 1469 1869 1471 ’
2311 1481 2313 1483 ·
2421 1502 2426 1507 ,
2487 1503 2490 1507 .

1505 1521 1617 1580 ‚Quia
1646 1521 1785 1560 exemit
1814 1519 1978 1561 animam
2006 1536 2126 1562 meam
2154 1521 2202 1564 de
2230 1536 2349 1567 morte
2370 1540 2380 1567 :
2434 1543 2471 1579 q,
2502 1542 2531 1572 8.
2582 1528 2588 1534 “

1508 1582 1715 1637 Exempta
1747 1579 1801 1621 est
1832 1593 1855 1621 a
1882 1591 2014 1623 *morte
2046 1582 2183 1624 anima
2202 1615 2215 1638 ,
2253 1586 2381 1627 etiam
2419 1624 2426 1629 .

1447 1641 1607 1682 mortali
1640 1639 1769 1681 adhuc
1789 1653 1909 1682 carne
1930 1641 2199 1696 circumdata,
2229 1660 2314 1701 quae
2327 1659 2377 1688 ex

1450 1699 1601 1742 infideli
1634 1698 1759 1741 fidelis
1787 1699 1926 1742 effet'st'a
1956 1700 2033 1742 est:
2065 1703 2381 1759 &praeterillam
2419 1745 2421 1748 .

1449 1760 1670 1818 persectam
1712 1762 1903 1817 :eternam
1936 1775 1959 1801 a
1989 1762 2139 1803 cunffls
2179 1764 2379 1806 laboribus

1448 1822 1628 1877 requiem
1642 1850 1654 1873 ,
1685 1834 1805 1877 quam
1837 1819 2068 1877 adipiscitur
2072 1823 2239 1880 pretiosa
2248 1824 2289 1865 in
2299 1840 2384 1865 con·
2397 1821 2512 1859 &⁷¹²³ss
2522 1829 2561 1858 ¹4

1441 1881 1573 1940 speeiu
1605 1881 1764 1921 Domini
1793 1895 1888 1921 mors
1909 1879 2125 1936 sauciorum
2154 1885 2232 1935 ejus
2252 1901 2274 1938 ;
2313 1884 2384 1926 ha·
2493 1893 2503 1899 '

1450 1942 1519 1984 bet
1550 1941 1675 1983 etiam
1707 1941 1750 1982 in
1781 1941 1858 1982 hac
1886 1941 1973 1982 vita
1985 1942 2164 1998 requiem
2177 1943 2384 1986 suamani·
2424 1958 2427 1961 ’

1449 2016 1541 2054 ma,
1571 2016 1654 2058 quae
1685 1999 1734 2042 de
1765 2013 1895 2043 morte
1927 1999 2174 2058 infidelitatis
2190 1998 2382 2060 exempta

1450 2062 1538 2114 est,
1576 2063 1614 2102 8<
1650 2074 1738 2117 quae
1769 2070 1856 2101 non?
1875 2062 1933 2100 :ab
1964 2062 2161 2116 operibus
2194 2062 2383 2117 justitias,

1449 2121 1523 2165 sed-
1541 2116 1597 2162 'ab
1624 2113 1850 2175 iniquitatis
1881 2117 2052 2160 abstinet
2082 2119 2261 2163 afflone.
2297 2125 2382 2164 Ta'-

1449 2183 1496 2224 lis
1527 2191 1661 2222 autem
1691 2177 1852 2229 anima,
1883 2192 1966 2234 qua:
1997 2178 2078 2234 jam·
2099 2180 2203 2222 vivit
2236 2181 2384 2224 Domi—

1450 2252 1536 2292 no,
1557 2241 1594 2280 8<
1626 2249 1783 2280 mortua·
1813 2236 1868 2279 est
1901 2237 2070 2291 mund0,
2111 2255 2195 2295 quae
2226 2241 2384 2299 spirita-

1449 2300 1477 2341 li
1509 2297 1705 2340 industria,
1731 2297 2144 2353 vigilanterintenta,
2175 2302 2218 2342 in
2250 2302 2384 2343 humi-

1452 2359 1576 2401 litatis
1607 2359 1645 2398 8<
1677 2356 1991 2399 mansuetudinis
2022 2372 2104 2400 non
2137 2360 2253 2417 pigra
2273 2391 2286 2414 ,
2316 2360 2383 2403 sed

1453 2419 1590 2476 quieta
1622 2417 1916 2473 tranquillitate
1946 2417 2179 2474 requiescit,
2209 2434 2283 2477 pro
2294 2420 2384 2463 ade-

1451 2479 1542 2535 ptis·
1563 2477 1643 2532 jam
1676 2477 1823 2527 habet,
1854 2475 2045 2534 quidquid
2076 2492 2159 2519 non
2181 2479 2384 2537 dubiaspe

1451 2537 1657 2593 patienter
1686 2534 1876 2592 expectat
1898 2566 1908 2576 .
1952 2539 2007 2579 Et
2038 2535 2130 2579 ideo
2162 2538 2273 2581 addit
2292 2570 2306 2593 ,
2346 2540 2386 2581 8<

1448 2596 1584 2637 dicit:
1960 2606 1961 2609 ’
2227 2646 2231 2650 .

1509 2653 1645 2697 Oculos
1674 2671 1772 2696 meos
1799 2670 1823 2696 a
1852 2653 2030 2712 lacrymis
2047 2686 2061 2710 ,
2093 2658 2206 2716 pedes
2234 2675 2333 2702 meos
2361 2676 2386 2703 a
2401 2692 2418 2722 1

1533 2727 1538 2750 ἵ
1568 2713 1700 2775 lapsu.
2416 2701 2473 2773 iem

1512 2778 1611 2818 Haec
1643 2776 1749 2818 bona
1781 2791 1862 2818 non
1896 2779 2128 2833 temporalis
2159 2779 2251 2819 vitae
2271 2778 2384 2833 sunt,

1450 2834 1516 2879 sed
1543 2847 1726 2887 aeternae,
1766 2850 1841 2876 nec
1870 2836 2056 2877 obtinere
2088 2836 2245 2892 possunt
2277 2852 2382 2880 mor-

1453 2895 1537 2938 tali-
1552 2899 1673 2939 carne
1713 2892 1981 2947 circumdati,
2019 2907 2063 2936 ut
2103 2910 2185 2938 non
2225 2897 2351 2940 fleant
2370 2928 2385 2952 ,

1454 2969 1535 2998 non
1560 2965 1757 3012 gemant,
1784 2953 1973 2995 &snulla'
1988 2956 2218 2999 tentatione
2226 2956 2384 3013 pulsen-

1454 3025 1549 3058 tur:
1583 3014 1690 3072 Spes
1720 3026 1816 3070 ergo
1847 3012 2069 3056 sannorum
2089 3045 2102 3068 ,
2141 3018 2208 3072 qui
2248 3016 2384 3059 secun·
2401 3048 2473 3079 Rom
2494 3050 2537 3080 Η

1454 3075 1549 3118 dum
1581 3073 1621 3116 id
1652 3072 1755 3131 quod
1787 3073 1939 3130 Spiritu
1971 3076 2056 3116 Dei
2076 3088 2271 3131 aguntur,
2301 3076 2383 3132 jam
2402 3090 2442 3121 <9-
2463 3072 2520 3127 9'.'

1460 3137 1502 3177 in
1536 3147 1656 3176 carne
1686 3147 1767 3174 non
1800 3132 1912 3186 sunt,
1941 3135 2086 3176 merito
2117 3135 2165 3177 de
2198 3135 2259 3177 his
2290 3150 2384 3193 gau-

1460 3194 1529 3236 det
1559 3195 1598 3236 δε
1627 3193 1775 3250 gratias
1805 3195 1912 3250 agit,
1932 3204 2024 3249 quae
2054 3193 2125 3235 sibi
2155 3209 2179 3237 a
2210 3197 2383 3239 veritate
2411 3227 2416 3231 -
2449 3218 2452 3231 1
2513 3208 2519 3211 ’

1460 3253 1646 3311 promissa
1670 3251 1788 3294 sunt.
1821 3253 2009 3309 Denique
2041 3264 2085 3295 nt
2116 3253 2199 3297 haec
2230 3255 2267 3297 se
2300 3271 2384 3299 non

1456 3314 1539 3370 jam
1570 3312 1742 3366 habere,
1772 3311 1836 3354 sed
1868 3312 2023 3369 sperare
2055 3315 2315 3358 monstraret:

1516 3369 1675 3413 placebo
1707 3371 1725 3429 (
1754 3370 1935 3429 inquit)
1964 3374 2128 3414 Domino
2148 3405 2161 3428 ,
2199 3376 2242 3416 in
2270 3376 2387 3434 regio·
2414 3397 2432 3410 ν
2448 3391 2533 3427 τις.

1579 3447 1627 3471 ne
1657 3447 1862 3472 vivorum.

1517 3492 1617 3534 Non
1650 3504 1745 3549 ergo
1777 3489 1826 3532 ad
1857 3487 2021 3547 'plenum
2042 3494 2228 3537 Domino
2238 3495 2387 3553 placet,

1457 3551 1523 3608 qui
1554 3549 1684 3591 adhuc
1714 3548 1769 3592 est
1799 3550 1839 3590 in
1850 3551 2013 3607 regione
2026 3556 2281 3596 mortalium:
2313 3568 2387 3596 nec

1458 3608 1587 3667 potest
1619 3610 1708 3651 talis
1738 3608 1812 3651 esse
1844 3608 1888 3650 in
1920 3612 2008 3655 vita
2035 3613 2199 3657 occidua
2218 3643 2232 3667 ‚
2261 3614 2386 3670 qualis

1456 3669 1608 3712 futurus
1638 3667 1693 3711 est
1722 3669 1766 3710 in
1798 3679 1945 3713 aeterna
1962 3702 1973 3713 .

2433 1222 2467 1259 ᾗ.
2490 1235 2516 1261 7.

2482 2692 2522 2730 Ῡ.
2533 2693 2566 2724 8.

2174 3734 2330 3775 PSAL·

515 3862 534 3891 b
556 3861 597 3893 Et
619 3860 666 3892 hic
687 3859 759 3893 forte
780 3862 881 3894 melius
902 3865 1068 3903 haberetur,
1089 3867 1172 3906 quia,
1195 3874 1228 3899 ut
1249 3847 1316 3899 ante
1338 3865 1370 3899 δε
1391 3866 1471 3907 post,
1493 3864 1524 3899 &
1546 3866 1667 3908 August.
1686 3866 1787 3900 habet.
1811 3841 1813 3843 >
