2652 4126
469 179 577 244 396
889 166 1940 225 ADMONITIO.

282 290 310 316 s.
327 283 444 323 prosper
539 265 620 320 Ex
659 262 753 342 istis
790 282 964 335 namque
1005 260 1094 312 luce
1132 257 1369 313 meridiana
1409 259 1565 313 clarius
1615 256 1678 334 efl‘
1706 299 1721 326 ,
1773 258 2033 332 Prosperum
2081 261 2362 335 Aquitanum

280 326 444 414 2i39³0²1²1²1¹35¹1¹⁵
454 345 616 417 scilieet
634 387 649 414 ,
691 343 903 396 Chronica
943 340 1184 392 litterarum
1223 340 1487 393 monimentis
1536 335 1757 413 tradidisse
1784 379 1799 407 ,
1850 335 1998 412 quibus
2048 337 2108 391 ἅδ’
2165 341 2362 394 coaetanei

282 408 431 477 {5333-
453 425 678 498 scriptores
716 416 1017 491 versatissimi,
1057 419 1103 471 in
1144 415 1350 493 Ecclefiae
1389 416 1531 494 caussa
1570 416 1634 490 usi
1671 419 1798 491 sunt,
1838 418 1990 493 aliique
2021 417 2204 492 sagaces
2243 417 2361 473 dein-

280 485 444 519 ²⁰⁵²⁰⁵³⁰⁵
461 522 556 574 ceps
594 503 690 555 viri
728 501 834 551 eitra
866 496 1077 571 suppositi
1116 498 1236 550 tituli
1256 561 1259 562 ⁷
1276 491 1468 567 metum,
1517 495 1665 550 eadem
1713 497 1807 572 fisis
1840 498 2043 571 genuinis
2092 497 2362 552 lineamentis

458 581 808 653 repraesentarunt
850 599 900 629 ac
940 574 1285 630 commendarunt
1299 617 1311 630 .

280 681 440 727 &prosperi
535 663 584 716 C
587 681 667 719 um,
698 679 747 711 ex
787 654 918 710 distis
955 657 1069 730 satis
1119 654 1271 736 conflet
1327 657 1541 711 Chronica
1591 657 1848 730 Prospermn
1889 654 2099 733 scripsiffe
2133 698 2148 726 ,
2199 655 2260 710 (θ’
2314 659 2364 710 ea

280 724 368 806 ἓςῖἳῗῑ
384 729 438 807 ’,ω’
456 740 573 794 nullo
605 736 904 812 suppofitionis
941 738 1062 790 vitio
1095 751 1245 790 notata
1264 777 1278 804 ,
1313 753 1428 810 pura
1463 779 1477 806 ,
1512 738 1778 811 genuinaque
1832 738 2048 790 coaetaneis
2090 734 2364 811 subparibus..

276 807 435 877 fiffss‘iffin
456 841 529 894 que
570 815 814 872 auffioribus
869 812 1089 893 innotuisse
1133 834 1143 866 :
1193 814 1328 890 facile
1383 817 1631 891 agnoscetur
1677 833 1754 889 pro
1804 814 2042 870 indubitato
2099 818 2143 869 C
2147 816 2360 870 hronicum

279 881 438 961 ᾖξ’[ῗπῖῃιῖἷὶ
456 896 562 974 quod
603 897 808 970 Prosperi
846 898 1012 950 nomine
1053 893 1375 970 circumfertur,
1421 896 1480 949 <1:5³
1521 895 1637 971 infra
1689 918 1717 947 a
1765 894 1883 949 nobis
1932 892 2147 950 exhibetur
2182 937 2197 963 ,
2245 893 2361 949 illud

279 971 419 1036 ffimvfiie'
455 978 596 1055 ipsum
636 974 711 1052 esse
749 974 855 1051 quod
895 976 1156 1050 Aquitanus
1196 973 1395 1048 digessit,
1436 998 1516 1029 non
1555 997 1661 1029 vero
1703 973 1825 1028 aliud
1865 973 1918 1028 ab
1959 975 2031 1029 hoc
2080 976 2242 1028 omnino
2296 973 2361 1028 di-

275 1043 397 1125 ᾊξζῖἶῖἷ-
453 1057 630 1128 ‘verfiim
674 1073 685 1108 τ
739 1057 863 1108 immo
922 1055 1133 1111 chronici
1180 1053 1302 1130 istius
1347 1055 1598 1129 scriptorem
1651 1054 1906 1128 Prosperum
1945 1077 1973 1108 a
2014 1057 2058 1108 C
2062 1055 2256 1107 ollatoris
2299 1053 2359 1107 ω’

276 1135 436 1201 ssffiss'pag.
456 1134 794 1210 Massilienfium
835 1132 1080 1204 adversario
1122 1133 1371 1186 nullatenus
1410 1132 1490 1211 esse
1525 1133 1769 1208 diverfiim.
1813 1132 1943 1210 Quod
1966 1132 2133 1209 quidem
2159 1154 2208 1186 ex
2237 1134 2360 1187 Eru-

275 1205 435 1283 Ξῖἷῆῗῖι-ζιῖ
456 1216 637 1269 ditorurn
672 1231 777 1288 pene
828 1214 1009 1266 omnium
1058 1211 1251 1284 consensu
1290 1213 1404 1285 satis
1455 1215 1651 1287 arguitur
1690 1235 1708 1265 :
1750 1212 1806 1266 ⁴&
1861 1214 2028 1287 insuper
2079 1211 2359 1288 inconcuffum

452 1292 683 1349 remanebit
701 1334 716 1361 ,
757 1313 849 1345 cum
891 1287 1076 1364 discussae
1118 1293 1311 1364 legentur
1352 1290 1472 1366 apud
1507 1294 1640 1366 supra
1680 1295 1862 1350 citatum
1907 1292 2120 1348 auc-torem
2143 1293 2362 1368 Disserta-

446 1375 574 1427 tionis
620 1376 667 1429 8.
710 1372 754 1424 in
795 1390 919 1443 opera
960 1368 1062 1424 ..5⁸5-
1105 1372 1267 1426 Leonis
1308 1370 1368 1423 (ὅ
1412 1372 1616 1445 Prosperi
1655 1369 1938 1446 difficultates
1974 1390 2123 1447 paucae
2165 1372 2253 1425 illae
2297 1372 2357 1425 (5'

445 1454 570 1506 leves
589 1492 603 1519 ,
644 1472 693 1503 ex
735 1447 894 1516 duobus
933 1464 1011 1502 aut
1051 1448 1187 1502 tribus
1227 1451 1380 1503 calculi
1421 1449 1653 1522 erroribus,
1695 1454 1765 1526 qui
1803 1468 1879 1506 aut
1913 1470 1992 1526 pro
2033 1449 2233 1505 erroribus
2284 1452 2360 1504 ha-

446 1530 532 1584 beri
571 1552 651 1583 non
692 1527 893 1597 debeant,
932 1544 1009 1582 aut
1042 1528 1177 1604 facile
1217 1552 1244 1583 a
1287 1530 1492 1603 Prospero
1533 1531 1624 1604 ipso
1665 1529 1838 1585 admitti
1871 1534 2085 1606 potuerint
2111 1565 2125 1592 ,
2167 1546 2246 1585 aut
2283 1553 2358 1585 nec

438 1611 555 1690 forte
603 1607 779 1662 aliunde
833 1629 961 1684 quam
1012 1630 1041 1661 a
1084 1607 1236 1681 scribis
1285 1608 1608 1685 amanuenfibus
1661 1611 1904 1685 irrepserint
1947 1629 1958 1664 τ
2018 1608 2166 1687 quibus
2217 1628 2361 1664 tamen

445 1691 550 1746 moti
590 1686 787 1763 quidam,
829 1691 875 1742 in
915 1690 1146 1761 opinionem
1187 1688 1407 1763 diversam
1447 1690 1562 1744 abire
1604 1691 1837 1745 voluerunt
1871 1735 1882 1747 .
1941 1691 2056 1763 Quae
2089 1690 2130 1768 fi
2169 1712 2244 1744 nos
2295 1690 2362 1744 hic

447 1769 597 1844 referre
636 1783 843 1824 tentemus
859 1809 876 1837 ,
917 1768 1131 1841 longiores
1163 1767 1278 1843 fient
1321 1767 1639 1825 Admonitionis
1679 1769 1826 1850 nostrae
1872 1769 1990 1848 fines
2026 1813 2041 1841 ,
2099 1791 2225 1846 quam
2275 1786 2362 1844 par

440 1848 554 1927 foret
571 1889 583 1901 .

275 1953 303 1984 s.
315 1952 431 1990 Prosper
532 1929 664 1982 Dum
714 1946 836 2002 porro
875 1981 877 1983 ,
884 1929 1021 2002 supra
1077 1927 1298 2006 afferimus
1348 1931 1605 2004 Prosperum
1655 1932 1700 1984 C
1704 1930 1915 1985 hronieum
1955 1930 2085 2005 suum
2137 1954 2165 1985 a
2215 1927 2367 1984 mundi
2405 1983 2408 1986 .

276 1992 424 2023 abbrevia-

275 2043 320 2079 ¹52?
343 2033 429 2063 Eure.
451 2006 613 2061 exordio
655 2004 840 2084 duxiffe,
880 2029 961 2062 non
1002 2009 1065 2062 ita
1106 2007 1223 2062 illud
1263 2009 1552 2083 accipiendum
1591 2008 1652 2086 est
1679 2051 1694 2077 ,
1749 2009 1867 2084 quasi
1922 2031 2086 2062 novum
2143 2026 2249 2082 opus
2303 2006 2365 2060 ad

274 2073 403 2153 2¹32ss
449 2109 574 2141 novae
615 2088 658 2137 C
664 2086 908 2160 hronologiae
947 2087 1174 2142 eacafftioris
1214 2090 1398 2141 calculos
1437 2106 1651 2161 apparare
1686 2085 1769 2159 fibi
1801 2084 2095 2162 proposuisset.
2138 2087 2264 2157 Quin
2285 2103 2363 2160 po·-

272 2163 411 2225 ‘1⁴32oesp
449 2169 537 2219 tius
577 2167 622 2218 in
664 2164 803 2218 eodem
843 2165 1129 2220 concinnando
1170 2167 1382 2220 Chronico
1423 2164 1587 2238 nonnisi
1640 2165 1980 2237 Epitomatorem
2038 2164 2215 2239 Eusebii
2258 2183 2362 2239 pro-

450 2244 541 2297 dere
574 2244 623 2316 se
661 2244 835 2310 voluit,
877 2259 925 2294 ut
967 2242 1016 2295 de
1058 2265 1099 2294 eo
1136 2244 1230 2309 jam
1270 2246 1433 2316 egregie
1470 2241 1601 2316 fidem
1634 2241 1777 2319 fecisse
1821 2241 2042 2297 Vis—torius
2103 2246 2304 2318 reperitur
2345 2287 2361 2314 ,

451 2325 573 2393 cujus
606 2322 803 2394 stiperius
843 2322 986 2374 allata
1017 2321 1122 2393 sunt
1161 2319 1301 2375 ‘uerba
1345 2322 1426 2398 ista
1527 2321 1728 2375 Eusebii
1772 2340 2012 2376 tenorem
2068 2325 2164 2378 Vir
2205 2325 2365 2379 Vene-

449 2401 620 2455 rabilis
665 2400 877 2472 Prosper
917 2399 1108 2453 secutus
1135 2444 1151 2469 ‚
1210 2400 1388 2453 iisdem
1432 2399 1715 2454 Chronicis
1741 2442 1754 2468 ,
1805 2401 1906 2455 haec
1947 2401 2123 2455 eadem
2152 2445 2167 2472 ,
2224 2421 2365 2478 egre-

451 2479 536 2558 gia
580 2477 863 2545 brevitate,
905 2478 1223 2551 composuit,
1264 2493 1322 2529 ut
1364 2477 1574 2531 initium
1626 2498 1807 2532 eorum
1850 2499 1878 2531 a
1920 2480 2104 2534 mundi
2157 2479 2366 2535 inchoa-

451 2573 591 2611 retur
635 2556 850 2610 exordio
868 2599 879 2611 .
921 2560 1037 2632 Qae
1077 2577 1167 2608 rem
1208 2556 1395 2629 expressse
1437 2556 1675 2633 testantur,
1716 2558 2050 2634 convincuntque
2091 2562 2369 2636 Aquitanum

451 2638 554 2693 haec
596 2637 770 2690 eadem
814 2635 995 2707 Eusebii
1034 2635 1287 2704 Chronica,
1328 2637 1537 2712 egregia
1580 2634 1832 2690 brevitate
1870 2637 2171 2716 perstrinxisse
2205 2680 2218 2694 .
2275 2637 2369 2694 Sed

454 2716 639 2788 idipsum
681 2735 803 2788 opera
845 2714 936 2787 ipsa
960 2715 1250 2790 Prosperiana
1291 2713 1606 2790 demonstrant.
1649 2715 1806 2784 Nam,
1845 2730 1895 2768 ut
1935 2717 2199 2772 Sirmundus
2240 2718 2366 2796 Hist-

455 2792 666 2873 Praedesi.
712 2817 747 2849 c.
795 2812 832 2862 5.
876 2811 1103 2868 opportune
1145 2810 1284 2849 monet
1326 2812 1336 2846 τ
1381 2794 1710 2848 Chronicum
1753 2794 1881 2862 hoc,
1923 2796 2180 2851 Chronici
2222 2797 2368 2851 Euse-

457 2874 628 2940 biani,
672 2873 930 2948 quousque
972 2894 1089 2929 cum
1133 2874 1454 2947 Hieronymi
1498 2873 1852 2948 supplemento
1893 2875 2225 2955 porrigitur,
2266 2896 2370 2930 me-

459 2973 513 3006 ra
557 2951 625 3005 est
668 2954 906 3026 Epitome
950 2972 963 3006 :
1005 2956 1139 3009 unde
1182 2954 1233 3012 ἃ
1278 2954 1549 3027 Epitomen
1567 2951 1957 3007 Chronicorum
2000 2956 2258 3010 interdurn
2281 2975 2370 3010 vo-

462 3046 579 3084 cant
626 3050 638 3092 3
681 3047 764 3085 aut
808 3048 1041 3108 excerpta
1083 3056 1146 3089 ex
1187 3032 1466 3088 Chronicis
1510 3051 1520 3084 :
1576 3032 1693 3108 quia
1755 3031 1870 3086 inde
1927 3033 2138 3110 Prosper
2189 3035 2370 3090 omnia

464 3108 735 3183 decerpsit,
776 3112 868 3165 nifi
912 3113 1048 3188 quod
1091 3113 1380 3168 Consulum
1424 3110 1599 3187 fastos,
1643 3110 1824 3186 quibus
1867 3112 1945 3165 illi
1997 3112 2233 3168 carebant
2275 3158 2290 3185 ,
2341 3134 2373 3168 a

463 3188 661 3242 Christi
708 3190 858 3266 usque
902 3193 1194 3266 Baptismo,
1229 3193 1335 3264 fleu,
1377 3207 1427 3246 ut
1465 3207 1595 3245 vocat
1635 3191 1753 3264 ipse,
1793 3189 1847 3245 ab
1887 3193 1977 3262 ejus
2017 3193 2373 3271 manifestatione,

465 3267 564 3321 suis
608 3269 817 3344 Prosper
860 3270 982 3324 locis
1025 3272 1267 3341 inseruit,
1309 3291 1362 3324 ac
1407 3286 1569 3323 cetera
1612 3289 1815 3345 quoque
1859 3270 2092 3348 deinceps
2133 3274 2196 3328 ad
2255 3294 2374 3349 ope-

473 3348 540 3398 ris
581 3344 735 3400 finem
779 3349 837 3402 de
879 3349 967 3403 suo
1010 3351 1299 3405 contexuit.
1343 3352 1564 3403 Attamen
1605 3348 1681 3423 etsi
1733 3350 1806 3404 ille
1856 3349 2200 3407 Abbrerviatoris
2249 3353 2375 3408 durn-

468 3440 594 3478 taxat
630 3442 780 3498 partes
811 3428 1070 3502 susceperit,
1113 3431 1172 3485 (δ’
1213 3433 1258 3484 in
1290 3429 1461 3502 suorum
1498 3430 1631 3501 priori
1678 3445 1806 3502 parte
1868 3436 1918 3487 C
1921 3432 2178 3486 hronicorum
2234 3432 2374 3506 Euse-

479 3502 592 3557 bium
633 3521 753 3580 atque
794 3508 1114 3576 Hieronymum
1152 3509 1393 3564 contrahere
1430 3508 1617 3561 moluerit
1657 3529 1679 3567 2·
1720 3530 1801 3563 non
1842 3512 1906 3563 ita
1946 3527 2089 3567 tamen
2129 3534 2267 3566 eorum
2292 3532 2374 3564 ‹ve-

472 3581 605 3659 fiigia
642 3584 822 3656 pressit,
861 3602 910 3639 ut
950 3609 1013 3641 eos
1054 3588 1293 3664 quandoque
1334 3609 1414 3641 non
1456 3585 1674 3658 abjecerit,
1711 3588 1962 3665 phrasesque
2015 3614 2066 3645 ac
2110 3590 2377 3667 periodorum

482 3660 666 3714 membra
708 3662 757 3716 de
791 3666 865 3736 suo
904 3689 985 3722 non
1026 3671 1287 3724 concinnarit
1328 3690 1351 3728 2·
1391 3668 1515 3722 immo
1557 3665 1616 3719 (5²
1658 3669 1840 3723 calculos
1882 3670 1992 3725 alios
2030 3693 2111 3726 non
2151 3670 2378 3746 supposue-

2244 3764 2321 3793 rit·
