2652 4126
463 249 569 317 276

457 353 550 382 cum
580 335 842 396 reprobandis
884 347 1031 377 ventre
1072 333 1243 391 gestatos
1273 366 1288 389 ,
1326 336 1391 380 fed

455 398 711 456 postmodum
745 409 818 452 pro
852 393 911 436 sui
941 395 1140 452 qualitate
1170 394 1357 439 discretos
1379 429 1391 451 ‚

453 457 654 503 transaao
686 455 859 508 somno,
886 468 1010 512 quem
1039 454 1196 499 dileffis
1215 457 1291 500 suis
1303 459 1391 499 Do-

454 521 587 561 minus
628 514 740 557 dedit
769 544 782 568 ,
821 527 867 558 ut
909 514 1117 559 sessionem
1156 517 1389 561 resurreetio

450 577 740 634 consequatur.

510 638 622 679 Sicut
644 636 800 696 sagitta
830 636 872 678 in
901 649 1017 677 manu
1040 636 1240 695 potentis,
1260 636 1388 695 sicfi-

565 698 614 743 lii
642 698 900 756 excussorum.

508 762 608 804 Filii
649 756 897 804 excufforum
946 756 1234 815 intelliguntur
1271 759 1385 816 Apo-

448 821 536 865 stoli
564 852 578 875 ,
618 820 691 862 filii
723 818 1017 879 prophetarum
1038 847 1052 871 ‚
1093 832 1264 875 quorum
1294 834 1385 876 pro-

447 883 592 940 phetia
623 880 760 923 multis
791 878 868 921 suit
898 878 1146 936 tegminibus
1165 878 1379 923 obumbra-

448 955 516 996 ta,
545 956 667 999 quam
698 939 977 998 praedicatores
1009 939 1232 995 Evangelii
1263 954 1382 982 excu-

448 1002 589 1046 tiendo
619 1001 846 1044 reserarunt
875 1029 887 1040 .
929 1000 998 1042 De
1041 998 1253 1056 prophetis
1284 1014 1379 1058 ergo

447 1061 585 1120 postea
613 1062 694 1103 orti
723 1057 921 1117 jApostoli
960 1057 1211 1102 excufferunt
1250 1071 1385 1115 patres

350 1146 368 1166 a
448 1122 559 1175 suos,
587 1123 627 1164 8<
645 1120 796 1163 secreta
826 1132 965 1161 eorum
995 1116 1384 1163 ventiland0²erue·

448 1195 543 1223 runt
576 1198 585 1223 ε
615 1192 659 1222 ut
690 1178 813 1222 essent
844 1190 1053 1233 tamquam
1084 1177 1237 1234 sagittae
1277 1181 1378 1225 miffi

446 1242 488 1282 in
521 1238 727 1282 universos
758 1237 855 1280 fines
887 1249 1026 1290 terrae,
1055 1250 1151 1279 arcu
1183 1237 1377 1281 Domini-

442 1315 498 1343 cae
528 1299 725 1355 jussionis.

303 1375 337 1410 vt.
359 1382 386 1409 ς.
502 1362 647 1402 Beatus
675 1357 744 1414 qui
772 1363 790 1389 Β
819 1352 995 1415 implebit
1011 1355 1239 1412 defiderium
1258 1356 1375 1413 suum

347 1414 367 1445 b
560 1435 608 1461 ex
637 1418 749 1478 ipsis.

504 1478 775 1524 Beatitudinis
805 1476 1030 1535 apostolica:
1061 1474 1106 1517 fit
1137 1478 1343 1535 particeps
1361 1508 1376 1531 ,

439 1542 510 1599 qui
542 1555 590 1585 ea
619 1537 891 1597 concupiscit,
921 1551 1006 1596 quae
1036 1537 1098 1579 illi
1116 1536 1378 1581 defiderando

442 1600 580 1659 adepti
612 1600 727 1653 sunt,
756 1601 796 1641 &
832 1595 1091 1656 adipiscendo
1130 1596 1375 1642 docuerunt.

443 1663 510 1705 Ex
530 1661 622 1720 ipfis
644 1675 742 1718 ergo
762 1660 927 1717 impleri
957 1657 1104 1701 dicitur
1124 1657 1378 1713 desiderium,

441 1724 535 1779 quia
567 1721 805 1764 imitatione
837 1718 1016 1778 ipsorum
1048 1717 1098 1760 ad
1117 1718 1259 1762 eadem
1282 1734 1377 1777 gau·

441 1783 506 1825 dia
540 1782 798 1840 pervenitur.

499 1845 594 1884 Non
623 1839 891 1896 confunditur,
918 1839 1009 1881 dum
1038 1836 1210 1896 loquitur
1248 1839 1376 1882 inimi-

559 1902 609 1942 cis
629 1900 711 1957 suis
740 1901 781 1942 in
806 1912 945 1960 porta.

500 1962 605 2020 Quis
635 1960 691 2004 est
721 1961 791 2018 qui
820 1957 994 2017 loquitur
1022 1960 1065 2001 in
1099 1972 1216 2020 porta
1244 1991 1259 2015 ,
1298 1961 1373 2004 nisi

432 2023 508 2081 qui
545 2022 807 2079 evangelizat
846 2021 891 2063 in
931 2019 1096 2063 Christo
1129 2036 1139 2063 :
1179 2022 1376 2082 quoniam

435 2082 523 2142 ipse
554 2081 611 2126 est
641 2082 762 2139 janua
792 2081 1036 2124 intrantium
1069 2081 1156 2125 Dei
1187 2096 1374 2140 regnum.

439 2143 606 2185 Inimici
634 2155 777 2185 autem
806 2155 948 2184 eorum
979 2140 1071 2184 sunt
1091 2171 1105 2194 ,
1134 2144 1205 2201 qui
1236 2142 1378 2203 praedi-

432 2202 588 2244 cationi
618 2202 805 2244 veritatis
834 2199 1017 2244 resistunt
1048 2216 1062 2256 ;
1090 2202 1129 2244 8<
1160 2202 1259 2246 dum
1289 2201 1378 2246 dei-

435 2262 515 2303 tati
547 2259 847 2302 Incarnationis
868 2259 1044 2300 Domini
1072 2260 1374 2315 contradicunt,

424 2322 487 2365 -ab
519 2321 694 2378 ingressu
723 2331 849 2377 portae
880 2330 1089 2361 merentur
1118 2318 1302 2363 excludi.

302 656 340 693 γ.
363 668 391 693 4.

263 1871 336 1901 leem
344 1879 377 1908 y.
396 1879 422 1907 5.

534 2437 984 2481 PsALMus
1046 2411 1273 2480 Cxxvn.

287 2585 329 2622 γ.
352 2594 377 2616 ι,
427 2556 599 2634 'BEaen‘
627 2571 754 2598 omnes
783 2555 851 2613 qui
880 2555 1020 2610 timent
1039 2555 1276 2611 Dominum,
1305 2555 1374 2613 qui

532 2614 730 2660 ambulant
760 2617 803 2658 in
832 2615 909 2657 viis
937 2615 1039 2664 ejus.

581 2736 677 2779 Ulti
716 2736 904 2779 homines
954 2735 1070 2778 malae
1117 2734 1370 2780 conscienetiae

612 2797 761 2838 timent
793 2796 1025 2839 Dominum
1054 2825 1068 2849 ‚
1107 2795 1368 2853 agnoscentes

437 2869 523 2910 quae
552 2855 742 2913 operibus
772 2854 848 2898 suis
879 2856 1092 2899 retributio
1130 2855 1326 2900 debeatur
1358 2873 1367 2899 ε

436 2914 503 2957 sed
534 2929 626 2958 cum
657 2928 903 2973 permanent
935 2916 979 2958 in
1010 2917 1187 2975 peccatis
1215 2946 1230 2970 ,
1271 2931 1367 2974 quo-

435 2988 527 3018 rum
555 2975 824 3019 delee‘statione
855 2976 1095 3034 superantur
1121 3006 1136 3029 ,
1164 2990 1250 3019 non
1267 2989 1367 3020 me-

427 3035 569 3078 delam
601 3036 769 3094 capiunt
798 3050 851 3080 ex
880 3036 949 3079 suo
980 3037 1151 3088 tinxere,
1178 3035 1248 3079 sed
1278 3049 1368 3095 poe·

435 3106 533 3136 nam
556 3125 566 3136 .
610 3096 742 3151 Igitur
780 3097 905 3139 timor
943 3094 1209 3138 beatitudinis
1247 3098 1372 3156 parti-

422 3166 529 3211 ceps
558 3153 639 3207 est,
668 3167 682 3188 t
713 3155 756 3196 in
787 3156 835 3197 iis
866 3156 935 3212 qui
965 3157 1010 3197 in
1042 3155 1127 3198 Dei
1166 3155 1243 3197 viis
1283 3171 1368 3199 am-

435 3214 575 3256 bulant
601 3243 617 3266 ,
655 3214 694 3255 8(
733 3226 921 3257 metuunt
961 3229 1013 3257 ne
1053 3213 1149 3273 quid
1178 3212 1228 3258 de
1258 3216 1366 3261 bono

254 3303 415 3334 Roman
434 3288 513 3329 quo
523 3272 829 3327 beatificantur,
858 3274 1078 3329 amittant,
1106 3276 1185 3334 Spe
1198 3278 1365 3334 gauden-

432 3347 510 3386 tes,
539 3332 590 3375 Θ·
619 3334 661 3374 in
690 3331 936 3377 tribulatione
958 3335 1172 3393 pacientes.

491 3392 655 3435 Labores
673 3392 872 3450 fruc't'uum
909 3408 1060 3436 tuorum
1098 3395 1335 3439 manducabis
1352 3426 1366 3450 ,

550 3452 676 3496 beatus
704 3469 764 3507 es,
792 3454 843 3498 (9⁴
871 3453 964 3498 bene
987 3455 1062 3498 tibi
1089 3455 1185 3499 erit.

341 3190 357 3210 c

286 3420 326 3457 Y.
348 3430 376 3451 ι.

473 3581 489 3600 a
511 3570 668 3602 Editiones
687 3581 790 3604 ornnes
810 3573 842 3604 in
862 3583 913 3605 ora
932 3572 999 3605 libri
1019 3582 1127 3606 notant
1152 3584 1207 3616 pro
1235 3573 1364 3605 tectione

434 3610 560 3646 diversa,
582 3613 721 3642 ruminari
734 3612 819 3651 sunt.

421 3662 425 3667 ¹
473 3650 493 3680 b
514 3652 599 3689 Apud
623 3651 838 3690 Augustinnm‚
858 3653 1007 3694 implevit,
1029 3652 1147 3686 &insta
1167 3654 1364 3695 secundam-

434 3697 466 3721 τε
489 3691 603 3734 versus,
620 3700 678 3721 non
693 3702 746 3722 con
761 3695 896 3729 nudetur,
915 3702 982 3724 cum
1003 3694 1147 3735 loquetur.

476 3738 492 3758 c
514 3729 597 3759 Edit.
620 3731 713 3769 Lugd.
785 3733 863 3763 Lov.
895 3734 926 3764 in
953 3741 1034 3765 textu
1062 3735 1232 3772 habebant,
1259 3735 1310 3776 qui
1335 3735 1367 3764 in

436 3769 493 3799 Dei
512 3771 598 3804 vias,
619 3769 723 3810 absque
743 3771 790 3801 his
807 3773 903 3804 verbis
917 3794 926 3810 ‚
947 3774 979 3804 in
998 3775 1037 3804 iis
1051 3784 1063 3803 .·
1090 3785 1154 3816 quae
1175 3784 1276 3806 tamen
1298 3785 1366 3806 cum

435 3811 466 3844 jn
487 3811 620 3849 margine
643 3816 793 3842 monerent
813 3813 942 3844 addenda
964 3815 1073 3850 textui,
1094 3816 1131 3846 ab
1150 3815 1366 3847 editoribus&-

437 3851 537 3888 inceps
559 3859 587 3879 re
610 3859 677 3879 vera
700 3852 791 3880 textui
813 3854 908 3883 addita
930 3855 1086 3892 leguntur.

475 3889 493 3919 d
515 3891 561 3925 Ita
579 3890 696 3930 quidem
709 3890 790 3921 Ediu
812 3902 915 3923 omnes
931 3914 938 3923 .
958 3893 1012 3924 sed
1034 3894 1210 3930 conjicimus
1231 3895 1289 3936 legi
1309 3894 1367 3927 for-

734 242 789 300 S.
871 241 1472 302 PROSPERI

1553 241 2172 317 AQU1TAN1

1514 337 1556 380 A
1586 337 1734 395 plurali
1765 353 1934 382 numero
1964 339 2016 382 ad
2035 340 2277 399 singularem
2288 343 2380 386 Pro·

1451 397 1579 455 pheta
1620 399 1834 442 translatus
1873 399 1929 443 est
1971 416 1981 443 ε
2020 401 2114 458 quia
2153 417 2294 447 omnes
2332 405 2377 447 in
2396 408 2551 454 1·C⁰,r·¹0·

1452 456 1617 501 Christo
1649 473 1777 501 unum
1806 459 1938 503 sumus
1957 490 1971 515 ,
1999 475 2053 503 ex
2082 463 2220 505 multis
2250 479 2379 509 mem-
2396 454 2547 484 ¹⁷'&¹²'

1449 518 1532 560 bris
1561 532 1690 560 unum
1719 534 1862 578 corpus
1893 522 2089 567 efficimur
2106 551 2121 575 ,
2157 521 2255 566 dum
2295 524 2376 570 five

1446 578 1651 636 pluribus,
1681 578 1763 622 five
1792 581 1837 622 in
1868 580 2029 639 fingulis
2060 596 2159 624 unus
2187 581 2243 626 est
2254 583 2377 628 Chri-

1445 638 1545 693 stus,
1574 639 1668 696 quia
1687 640 1729 682 &
1747 652 1870 698 caput
1899 642 1943 684 in
1963 656 2183 700 compage,
2212 644 2253 686 8<
2269 658 2377 688 com·

1446 713 1552 757 pago
1582 700 1716 742 omnis
1745 700 1791 742 in
1821 702 1977 759 capite.
2010 702 2088 745 Iste
2111 717 2208 761 ergo
2227 704 2378 747 timens

1446 759 1702 813 Dominum,
1731 761 1770 802 8<
1800 762 1844 802 in
1885 763 1963 803 viis
2003 763 2083 819 ejus
2122 764 2333 808 ambulans
2361 794 2377 818 ,

1445 819 1647 876 quomodo
1675 826 1695 853 d
1725 820 1897 863 fruaum
1927 822 2112 865 laborum
2142 823 2190 866 fit
2209 823 2376 867 manda·
2449 827 2470 859 d

1443 892 1624 933 caturus,
1654 880 1874 938 inquiritur
1904 895 1921 920 .·
1961 883 2000 924 8<
2029 883 2241 926 invenitur
2268 882 2376 941 quod

1441 939 1531 995 justi
1562 954 1645 982 non
1688 939 1818 983 solum
1857 940 2048 985 fruStibus
2086 943 2234 986 laboris
2274 943 2331 986 sui
2361 974 2376 997 ‚

1441 998 1508 1041 sed
1538 1001 1664 1043 etiam
1694 1000 1781 1058 ipso
1800 1001 1895 1054 illo,
1924 1016 2003 1059 quo
2023 1001 2074 1045 ad
2092 1002 2268 1046 fruetum
2287 1015 2376 1046 ten·

1446 1057 1549 1102 dunt
1576 1090 1592 1114 ,
1630 1060 1767 1103 labore
1808 1061 2024 1119 pascuntur
2061 1077 2078 1103 .·
2118 1062 2215 1108 dum
2263 1064 2374 1122 prius

1443 1133 1568 1176 quam
1599 1121 1765 1178 praemia
1795 1122 1855 1178 pii
1886 1122 2034 1164 laboris
2064 1124 2297 1182 accipient,
2325 1122 2372 1166 fit

1441 1181 1499 1222 eis
1529 1180 1755 1223 tolerantiae
1785 1195 1924 1239 amor,
1954 1182 2095 1226 futurae
2125 1185 2262 1242 portio
2301 1198 2373 1228 vo-

1437 1240 1629 1298 luptatis.

1501 1303 1608 1343 Uxor
1636 1315 1705 1343 tua
1726 1302 1835 1361 sicut
1866 1301 1963 1344 vitis
1991 1301 2185 1346 abundans
2212 1303 2255 1347 in
2275 1299 2375 1347 late-

1555 1360 1655 1403 ribus
1682 1362 1813 1404 domus
1841 1375 1940 1405 tuae.

1499 1421 1611 1463 Cum
1640 1423 1761 1465 multi
1791 1422 2019 1465 sanaorum
2049 1437 2133 1465 non
2152 1422 2372 1467 habuerint

1435 1479 1644 1538 conjugia,
1673 1497 1804 1541 neque
1835 1482 1937 1526 filios
1967 1499 1989 1537 ;
2030 1482 2232 1541 quomodo
2268 1485 2373 1528 acci-

1438 1539 1606 1598 pientur
1633 1542 1751 1598 hujus
1780 1542 2073 1588 benediffionis
2103 1542 2216 1587 fuiffe
2245 1544 2372 1602 parti-

1437 1601 1548 1658 cipes
1579 1617 1593 1658 ;
1623 1602 1697 1644 nifi
1727 1602 1876 1646 harum
1904 1603 2166 1647 affeffionum
2205 1603 2372 1648 societas

1438 1661 1483 1702 in
1516 1663 1638 1704 totius
1670 1663 1856 1705 Ecclefiae
1885 1678 2052 1721 corpore
2083 1664 2372 1722 intelligatur?

1438 1736 1513 1778 per
1542 1722 1641 1764 illud
1681 1722 1831 1765 scilicet
1874 1723 2056 1780 spiritale
2097 1724 2328 1781 conjugium
2358 1754 2373 1777 ,

1437 1796 1516 1838 quo
1547 1783 1637 1824 viro
1667 1782 1735 1825 suo
1768 1782 1935 1826 Christo
1956 1813 1970 1836 ,
2009 1782 2052 1825 id
2090 1783 2146 1826 est
2177 1814 2191 1837 ,
2228 1783 2373 1842 sponso

1435 1841 1580 1899 sponsa
1608 1842 1870 1885 connezstetur
1890 1874 1901 1885 .
1934 1844 2244 1887 Sacramentum
2274 1857 2373 1886 vero

1434 1901 1543 1944 istius
1573 1904 1726 1960 copulae
1753 1903 1894 1947 multis
1926 1903 2160 1948 nominibus
2178 1902 2374 1961 fignifica-

1435 1974 1524 2017 tur‚
1553 1975 1598 2006 ut
1627 1963 1698 2021 qui
1729 1963 1936 2007 adhaerent
1947 1964 2098 2022 capiti,
2123 1977 2372 2011 nmtcmem-

1433 2023 1509 2068 bra
1539 2023 1648 2080 ejus,
1678 2038 1785 2067 nunc
1813 2036 1950 2066 mater
1977 2025 2018 2066 Β(
2046 2023 2191 2066 fratres
2218 2052 2232 2075 ,
2255 2036 2371 2066 nme

1437 2098 1541 2126 uxor
1569 2085 1608 2125 &
1635 2081 1714 2124 filii
1744 2112 1759 2136 ,
1797 2097 1906 2126 nunc
1945 2082 2148 2139 templum
2173 2083 2217 2125 ἃ
2247 2082 2341 2125 vin'

1436 2152 1727 2203 nuncupentur
1753 2156 1768 2185 2
1798 2139 1896 2184 dum
1935 2155 2012 2199 per
2048 2141 2125 2186 has
2164 2142 2328 2186 neceffim
2354 2165 2371 2173 -

1434 2202 1578 2245 diuum
1609 2201 1761 2259 species
1791 2200 1865 2244 illa
1901 2200 2114 2246 individua
2148 2202 2287 2245 unitas
2317 2200 2370 2245 fi·

1432 2261 1524 2315 dei,
1551 2263 1593 2304 &
1622 2261 1743 2320 spei,
1772 2261 1812 2306 δε
1850 2261 2063 2307 charitatis
2096 2261 2322 2306 ostenditur
2352 2277 2368 2316 ;

1435 2322 1475 2363 8<
1514 2321 1707 2380 quidquid
1747 2319 1914 2363 Christo
1962 2320 2212 2379 subjungitur
2239 2349 2254 2374 ,
2290 2320 2368 2363 fibi

1434 2396 1594 2439 quoque
1636 2378 1819 2423 invicem
1859 2380 2072 2439 colligatur
2108 2410 2122 2435 ,
2159 2392 2205 2424 ut
2243 2379 2367 2422 tocius

1432 2440 1578 2483 domus
1607 2441 1736 2482 lancta
1764 2439 1943 2483 fecundae
1983 2440 2079 2484 vitis
2119 2437 2368 2485 abundantia

1434 2500 1682 2541 vestiantur.

1495 2560 1536 2600 F
1539 2557 1603 2600 ilii
1626 2560 1691 2602 sui
1711 2561 1820 2620 ficut
1849 2556 2015 2604 novelle
2052 2560 2288 2618 alimmum,
2322 2562 2546 2606 §altuni-3·

1554 2621 1713 2663 circuitu
1741 2620 1877 2678 mensae
1903 2634 1981 2666 πω
1996 2649 2010 2664 .
2236 2640 2241 2657 1
2340 2655 2341 2658 η

1496 2680 1584 2738 Qui
1612 2682 1749 2726 uxoris
1779 2682 1976 2728 vocabulo
2016 2682 2214 2742 appellati
2249 2682 2369 2737 sunt,

1432 2737 1557 2784 iidem
1586 2739 1962 2785 commemorantur
1991 2743 2159 2786 nomine
2178 2741 2368 2795 filium,

1431 2797 1481 2842 de
1512 2800 1643 2845 frusta
1674 2803 1785 2859 pacis
1815 2797 1993 2846 novellis:
2013 2800 2364 2858 oleiswmpuwi:

1428 2860 1621 2916 quoniam
1652 2860 1811 2916 pacifici
1849 2859 1924 2902 filii
1955 2859 2040 2902 Dei
2084 2861 2332 2903 vocabuntur
2350 2890 2365 2915 ‚
2385 2870 2538 2910 Mamm.

1426 2920 1497 2975 qui
1527 2918 1710 2962 mensam
1752 2917 2022 2964 Dominieam
2041 2947 2054 2972 ‚
2090 2919 2364 2978 sacrameptp-
2404 2963 2406 2966 ,
2456 2964 2478 2973 ,,

1426 2992 1518 3023 rum
1542 2990 1667 3036 atque
1692 2977 1887 3022 dochinae
1903 3008 1919 3033 ,
1954 2989 2051 3022 ’mm
2086 2979 2362 3025 unanimitate

1428 3038 1713 3096 circumdant3
1752 3050 1798 3081 ut
1836 3037 1943 3096 quod
1974 3038 2069 3083 inde
2107 3041 2363 3098 percipitur,

1429 3099 1540 3144 nulla
1562 3097 1804 3142 dissensione
1836 3099 2034 3143 violeum·-
2187 3102 2189 3104 ’
2270 3104 2288 3123 ¹

1487 3162 1590 3203 Ecce
1610 3160 1673 3216 sic
1700 3158 1941 3202 benedicam
1966 3159 2086 3203 mnis
2108 3158 2222 3205 bomo
2237 3158 2364 3222 §qui
2402 3165 2444 3213 Y,-
2464 3179 2496 3208 ⁴·

1541 3219 1656 3263 timet
1686 3219 1937 3263 Dominum-¹
1971 3251 1992 3267 „
2208 3248 2227 3254 -»

1484 3281 1629 3338 Caput
1658 3278 1698 3321 8<
1728 3293 1892 3339 corpus,
1931 3276 2115 3323 Christus
2145 3281 2185 3326 8<
2216 3282 2357 3326 Eccle-

1427 3340 1481 3382 fia
1512 3351 1613 3382 unus
1643 3339 1792 3394 homo,
1820 3352 1918 3382 unus
1947 3338 2003 3382 est
2035 3340 2249 3384 Chvristusiz
2285 3343 2359 3400 qui

1425 3401 1469 3442 in
1510 3396 1584 3442 suis
1615 3411 1736 3457 atque
1766 3401 1810 3442 in
1831 3399 1884 3442 er-
1919 3397 2073 3443 habens
2111 3399 2356 3446 benediaio-

1425 3470 1546 3511 nem,
1575 3460 1614 3501 8<
1645 3457 1765 3504 sumit
1795 3460 2045 3505 &confer-t.
2184 3489 2187 3493 ,
2211 3493 2214 3495 -

2222 3525 2303 3566 Be·

1422 3584 1452 3608 te
1470 3576 1735 3616 deberefiufim
1756 3576 1879 3609 laborem
1893 3598 1902 3614 ‚
1919 3588 1959 3610 ex
1979 3586 2062 3611 textu
2089 3589 2161 3614 mox
2188 3579 2301 3616 ciram,
2321 3575 2355 3610 Bt

1425 3627 1458 3648 ex
1480 3617 1661 3656 expositione
1680 3624 1744 3662 quae
1765 3617 1790 3648 se
1814 3619 1892 3648 uitur
1913 3627 1921 3649 :
1943 3627 2005 3650 tum
2033 3629 2068 3651 ex
2097 3619 2160 3660 ipso
2186 3629 2272 3661 opere
2292 3619 2355 3649 Au-

1424 3657 1533 3697 gustini
1554 3658 1590 3687 de
1611 3656 1665 3688 hac
1684 3657 1747 3699 ipsa
1767 3657 1793 3689 le
1827 3657 1892 3689 ione
1913 3658 1972 3689 fuse
1992 3657 2144 3690 differente
2163 3659 2195 3690 in
2214 3654 2280 3691 'hoe
2300 3665 2355 3689 >eo-

1422 3698 1491 3729 dem
1512 3698 1594 3733 loco,
1612 3696 1645 3728 ⁷&
1654 3697 1692 3729 fic
1713 3698 1924 3735 concludente,
1943 3700 2063 3730 171me
2082 3700 2163 3731 modo
2183 3698 2356 3736 laebomsru-

1423 3737 1517 3769 fluum
1537 3747 1663 3773 tuorum,
1682 3739 1774 3778 postea
1788 3737 1898 3776 sruflus
1925 3738 2034 3777 laboris
2061 3764 2069 3772 .
2091 3761 2099 3770 .
2122 3758 2132 3772 .
2161 3735 2269 3771 Beatus
2293 3750 2323 3768 es
2343 3758 2354 3774 ‚

1425 3779 1461 3808 de
1475 3778 1606 3818 prael‘enu'
1624 3777 1661 3816 est
1679 3787 1691 3806 :
1711 3779 1778 3809 bene
1796 3778 1853 3809 tibi
1872 3779 1942 3815 erit,
1963 3780 1999 3810 de
2013 3778 2168 3818 meost.
2190 3774 2264 3810 Cum
2273 3789 2355 3809 man-

1426 3815 1515 3848 ducas
1535 3817 1650 3848 labores
1663 3817 1810 3856 fiufluum
1828 3826 1954 3856 tuorum,
1973 3818 2077 3851 benus
2091 3825 2127 3850 st
2142 3825 2153 3850 ’τ
2170 3823 2237 3851 ἰωὴ
2254 3826 2356 3861 perve-

1428 3858 1504 3889 neris
1523 3859 1564 3889 nd
1576 3857 1700 3897 fimum
1722 3858 1871 3897 laborum,
1892 3858 1962 3892 bene
1980 3858 2036 3891 nm
2053 3860 2128 3897 me.
