2652 4126
485 211 489 214 ζ
516 170 546 206 *z
556 170 578 207 '1
598 158 626 206 5

355 262 389 301 v.
408 271 436 297 6.
506 266 511 273 “
819 309 826 315 .

608 324 691 349 mea
720 324 824 348 carn}
853 322 963 347 mec?-

552 371 596 409 A
625 382 736 418 voce,
758 366 919 423 inquit,
944 363 1107 422 gemitus
1136 365 1211 412 mei
1228 394 1242 418 ,
1273 377 1356 406 non
1387 378 1411 406 a

463 432 585 469 ‘Voce
616 426 787 483 gemitus
817 425 1009 478 illorum,
1039 423 1258 482 dequibus
1289 438 1409 481 gerno

467 485 588 543 'quod
618 500 700 527 non
731 481 843 525 reae
868 497 1037 540 gemunt
1055 513 1068 536 ,
1098 484 1202 541 quod
1233 485 1410 535 carnalia
1454 488 1456 490 '

469 544 681 601 cupiunt}
707 542 811 601 quod
842 545 1065 601 corporalia
1095 543 1377 602 concupiscunt
1396 573 1409 585 .

479 604 556 646 Sed
587 604 679 661 quia
710 618 792 645 non
811 602 963 646 'desunt
993 603 1189 646 validiora
1210 604 1405 656 membra,

479 678 563 721 quae
594 678 729 706 curam
761 664 940 706 habeant
960 663 1238 717 infirmorum,
1258 679 1341 716 ⁴nec
1353 665 1403 706 ab

479 723 621 767 affeetu
650 724 792 781 capitis
822 723 1049 780 discrepent
1060 740 1073 778 ;
1105 738 1202 766 voce
1233 725 1405 781 gemitus

476 785 559 826 mei
591 783 935 838 erudiunt'uross’a,
965 783 1005 825 id
1036 783 1115 837 est,
1144 783 1405 826 fortioracor—

471 845 584 901 poris
594 860 608 900 3
639 856 682 886 ut
714 843 943 887 adhaereant
974 844 1086 886 carni
1116 857 1236 896 meae,
1265 843 1303 885 id
1335 842 1403 896 est,

477 902 761 946 infirmioribus
787 906 914 957 meis,
944 902 1158 946 secundum
1178 903 1282 960 quod
1314 903 1402 944 scri-

307 981 461 1016 R0m.15.1.
478 975 597 1020 ptum
628 964 705 1017 est,
738 964 1107 1005 Debemusenimnos
1125 963 1407 1021 firmiinfirmi·

471 1035 596 1066 tatem
626 1024 860 1081 infirmorum
886 1036 1040 1083 portare
1060 1055 1070 1065 .

336 1097 370 1133 1?-
391 1109 420 1139 7.
511 1089 514 1092 ’
537 1082 683 1126 Similis
704 1084 830 1139 fabius
849 1084 937 1139 sum
959 1081 1135 1142 pelicano
1157 1080 1405 1137 solitudinis,

473 1161 477 1164 ⁴
583 1144 710 1210 soiius
730 1143 819 1198 sum
839 1144 946 1202 sicut
972 1143 1186 1199 nyt‘iicorax
1214 1143 1256 1183 in
1281 1144 1405 1200 parie-

334 1279 369 1318 ᾖ,
388 1281 416 1312 8.
535 1214 711 1319 Vigiizcifiti
741 1262 790 1304 Θ·
809 1260 935 1317 [ιιόἰιις
955 1262 1044 1317 sum
1054 1262 1160 1318 ficut
1185 1259 1403 1320 pafferstn-

586 1318 736 1379 gularis
765 1323 806 1361 in
834 1323 954 1362 testo.

525 1382 682 1423 Omnis
713 1380 888 1423 strenuus
920 1379 1143 1422 &devotus
1178 1380 1396 1437 Evangelii

469 1440 728 1498 praedicator,
759 1441 821 1482 his
852 1441 978 1483 tribus
998 1471 1010 1493 ,
1040 1455 1124 1497 quae
1155 1454 1399 1482 commemo-

468 1513 564 1542 ratae
596 1500 685 1543 sunt
705 1531 718 1553 ,
749 1501 888 1542 avibus
918 1501 1208 1557 comparabilis
1240 1500 1398 1542 inveni-

468 1567 536 1602 tur
554 1576 574 1616 3⁴
599 1559 814 1603 secundum
843 1567 982 1603 eorum
1014 1560 1188 1602 formam
1207 1590 1220 1613 ,
1260 1561 1399 1618 quibus

466 1621 638 1662 verbum
670 1621 853 1663 veritatis
885 1620 1123 1663 adnuntiat.
1158 1620 1199 1661 Si
1219 1621 1401 1662 enimin-

466 1678 647 1722 fidelibus
677 1682 877 1738 loquitur,
908 1682 950 1722 in
963 1679 1175 1722 solitudine
1188 1679 1265 1733 est,
1296 1694 1397 1723 tam-

465 1754 588 1796 quam
619 1741 823 1797 pelicanus
842 1771 856 1794 ,
886 1755 961 1784 nec
993 1739 1142 1782 fastidit
1173 1739 1327 1782 deserta
1359 1741 1395 1783 8<

464 1799 639 1841 inculta:
670 1801 763 1857 quia
793 1802 920 1843 etiam
950 1801 991 1841 in
1025 1800 1167 1842 talibus
1199 1800 1295 1842 facit
1326 1800 1397 1841 fibi

466 1859 810 1915 Spiritus-sanetus
841 1860 1117 1902 habitaculum
1138 1891 1148 1901 .
1183 1861 1225 1902 Si
1256 1872 1395 1902 autem

465 1918 530 1960 his
563 1920 771 1975 praedicat,
802 1921 869 1977 qui
902 1933 1109 1977 acceptam
1122 1920 1293 1977 gratiam
1309 1934 1396 1978 per-

464 1977 676 2031 diderunt,
707 1978 750 2021 fit
781 1979 1076 2036 quodammodo
1109 1980 1394 2035 nye‘h‘coraxin

463 2039 700 2094 parietinis,
732 2054 813 2082 non
845 2039 1026 2082 deserens
1037 2056 1102 2082 eos
1115 2041 1397 2097 quicorruunt,

463 2110 509 2139 ut
551 2098 705 2141 aedificii
738 2101 839 2141 bene
870 2099 1027 2143 fundati
1059 2102 1097 2142 8<
1138 2100 1396 2143 stabilitatem

465 2159 665 2213 recipiant
697 2160 735 2199 8<
765 2159 951 2201 decorem
972 2191 982 2200 .
1027 2161 1068 2201 Si
1100 2174 1196 2201 vero
1237 2175 1302 2202 eos
1335 2175 1398 2202 co-

465 2216 673 2268 hortatur,
702 2219 769 2272 qui
802 2232 890 2258 curn
924 2217 1135 2259 videantur
1156 2218 1310 2271 fideles,
1341 2232 1398 2260 te-

466 2274 553 2330 pidi
585 2287 723 2316 tamen
755 2275 844 2316 sunt
876 2289 994 2332 atque
1025 2278 1228 2318 carnales:
1263 2276 1305 2318 fit
1328 2277 1396 2317 sub

468 2334 573 2375 tec'to
605 2335 762 2390 positis,
792 2334 831 2375 id
863 2335 940 2388 est,
970 2335 1037 2377 sub
1069 2336 1199 2379 carnis
1230 2335 1398 2377 infirmi-

468 2403 554 2433 tate
567 2394 798 2435 viventibus
808 2424 820 2446 ,
850 2394 1013 2450 quidam
1026 2394 1174 2452 passer,
1186 2396 1399 2451 increpans

468 2466 535 2493 eos
565 2464 685 2510 atque
718 2453 914 2505 incitans,
945 2467 988 2494 ut
1019 2455 1062 2494 in
1094 2454 1198 2508 tecto
1221 2455 1298 2494 fint
1328 2467 1398 2507 po·-

469 2512 547 2552 tius
577 2525 699 2568 quam
730 2510 797 2551 sub
828 2510 955 2563 testo,
987 2511 1062 2552 hoc
1093 2512 1171 2563 est,
1203 2523 1246 2552 ut
1278 2510 1400 2566 subje-

473 2570 577 2612 &tam
610 2571 680 2611 fibi
711 2584 875 2612 carnem
908 2570 1110 2622 habeant,
1139 2585 1222 2612 non
1256 2582 1299 2611 ut
1326 2570 1400 2627 ipsi

471 2631 511 2672 ei
544 2630 799 2685 subjiciantur
820 2660 830 2670 .
861 2631 950 2690 ,Qui
979 2631 1091 2672 enim
1122 2630 1164 2671 in
1195 2631 1289 2671 tecla
1321 2630 1374 2686 ⁶st
1393 2660 1407 2682 ,

473 2706 550 2730 non
580 2689 775 2744 descendat
804 2686 938 2730 tollere
967 2687 1170 2745 aliquidde
1199 2691 1327 2732 domo:
1356 2689 1405 2733 Θ·

474 2749 573 2804 quod
602 2750 643 2790 in
674 2749 920 2800 aureauditis,
945 2750 1147 2807 praedicate
1168 2749 1286 2808 super
1296 2751 1405 2791 teau.

318 2820 459 2850 Mamm
476 2807 551 2850 Sed
563 2808 704 2849 harum
717 2806 970 2849 affectionum
1002 2807 1253 2852 sedulitatem
1285 2824 1406 2852 nemo

307 2870 355 2894 ²⁷·
477 2868 604 2924 magis
635 2868 1307 2924 quamDominusJesusChristus,
1337 2884 1407 2911 vo-

478 2928 681 2969 luntarius
713 2941 865 2984 pauper
887 2958 900 2980 ,
939 2930 1149 2984 exequitur
1179 2945 1188 2971 :
1228 2931 1296 2986 qui
1337 2943 1404 2972 ve—

478 2988 591 3029 niens
622 3000 850 3044 peccatores
881 2986 1008 3029 salvos
1028 2987 1186 3040 facere,
1215 2990 1399 3031 omnium

303 3058 459 3094 2.cor.5.19
477 3047 629 3088 labores
670 3046 999 3103 infirmitatesque
1038 3043 1238 3106 suscepit.
1290 3050 1401 3106 Quia

478 3108 583 3146 Deus
613 3119 695 3146 erat
726 3108 765 3146 in
799 3107 952 3160 Christo
964 3107 1143 3147 mundum
1163 3107 1403 3149 reconcilians

470 3165 568 3222 fibi:
598 3177 641 3206 ut
671 3166 708 3205 8<
739 3164 905 3206 solitudo
937 3166 1322 3223 Gentilis‘acciperet
1334 3181 1402 3208 no-

476 3225 612 3266 titiam
644 3224 856 3266 veritatis:
887 3226 925 3265 &
944 3225 1148 3268 obcaecatis
1164 3225 1325 3283 Judaeis,
1355 3241 1401 3269 ac

476 3284 543 3325 sua
577 3285 904 3340 praevaricatione
937 3285 1122 3338 ruinofis,
1152 3287 1194 3328 8<
1222 3287 1289 3328 lux
1311 3317 1323 3340 ,
1364 3288 1400 3328 8<

476 3343 669 3385 stabilitas
702 3343 980 3401 prazstaretur:
1019 3344 1114 3387 dum
1146 3346 1213 3388 ille
1245 3347 1314 3403 qui
1347 3358 1409 3388 te-

300 2663 394 2694 Μαι).
406 2670 454 2698 24.

293 2710 343 2738 ¹7·

478 3404 690 3445 nebrarum
722 3404 971 3446 illuminator
1001 3404 1055 3447 est
1074 3435 1087 3458 ,
1136 3419 1209 3462 per
1240 3405 1409 3463 Aposto-
1467 3412 1471 3416 “

308 3490 463 3532 &held-3.
477 3462 560 3504 lum
580 3462 699 3516 dicit,
729 3466 768 3505 F
772 3461 1281 3520 uistisaliquandotenebrae,
1311 3482 1410 3508 nunc

478 3536 602 3564 autem
632 3520 701 3563 lux
730 3524 770 3564 in
800 3525 986 3566 Domino.
1020 3524 1134 3567 Idem
1167 3539 1264 3568 vero
1296 3540 1319 3567 a
1351 3538 1408 3568 te·

479 3582 611 3623 nebris
631 3597 767 3640 ,quas
797 3583 939 3626 dilexit
958 3614 971 3637 ,
1010 3584 1155 3627 occisus
1187 3586 1375 3642 vigilavit
1395 3615 1408 3638 ,

479 3639 521 3682 id
551 3640 629 3694 est,
657 3641 859 3698 surrexit3
889 3645 927 3686 δ(
957 3643 1080 3687 faetus
1111 3644 1165 3688 est
1197 3646 1292 3688 ficut
1323 3644 1408 3703 pas-

520 3766 537 3786 a
561 3757 646 3798 Apud
674 3752 868 3798 Augustinum
897 3761 926 3789 in
957 3763 1163 3801 generationem
1191 3763 1230 3795 (ῥ’
1253 3762 1407 3803 generatio-

482 3807 562 3828 nem.

792 151 1482 209 S.PRosPER1
1547 141 2157 222 AQut'TANt

543 238 596 288 'A
622 237 730 290 'voce
751 237 754 240 Α
763 249 925 306 gemitus
954 246 1028 287 mei
1042 234 1051 269 Ϊ
1065 243 1301 301 adhaeserunt
1340 243 1419 301 offa
1481 242 1541 284 ser
1570 242 1775 299 singularis
1805 244 1861 285 in·
1882 242 2012 296 teS’to,
2041 241 2083 282 id
2112 241 2193 295 est,
2215 242 2263 298 in
2295 243 2587 302 cae10,sj‚a,‚‚3„3,

1478 317 1556 361 quo
1586 302 1716 344 adhuc
1746 317 1867 345 nemo
1898 301 2075 345 ascendit
2104 332 2117 356 ,
2155 301 2229 344 nist
2247 304 2327 360 qui
2358 302 2406 345 de
2431 305 2587 340 ¹·C0r·15·

1456 363 1572 404 ’caelo
1602 361 1828 416 descendit,
1858 364 1926 421 qui
1957 361 2197 420 estprimitiae
2215 362 2405 405 dormien-
2422 354 2578 423 {affl-13

1471 423 1589 474 tium,
1620 424 1658 465 8<
1681 423 1954 481 primogenitus
1984 437 2032 462 ex
2062 422 2215 463 mortuis
2233 452 2243 463 .
2280 449 2306 452 -»
2422 427 2579 466 AVot-125·

1528 485 1643 525 Tota,
1664 483 1726 524 die
1754 482 2027 541 exprobrabant
2037 482 2132 524 mihi
2145 482 2304 523 «inimici
2315 485 2400 538 mei,
2456 502 2490 537 ψ,
2509 515 2538 542 9,

1588 542 1638 585 &
1667 543 1734 598 qui
1762 540 1966 586 laudabant
1995 558 2081 596 me,
2111 540 2310 598 adversum
2340 558 2399 585 me

1579 602 1765 652 jurabant
1776 614 1791 645 .·
2228 608 2230 610 ’

1531 663 1594 704 Ea
1624 661 1918 721 fignificantur,
1948 677 2033 720 quae
2064 663 2106 704 in
2120 663 2399 721 temporepas-

1465 719 1584 764 fionis
1615 722 1722 779 gesta
1752 722 1865 764 sunt.
1900 723 2185 780 Exprobratur
2197 722 2397 778 Domino,
2417 722 2509 752 ΜΨ·
2527 733 2575 761 ²⁷·

1465 780 1568 837 'quod
1599 783 1668 839 qui
1699 783 1798 824 alios
1829 782 1980 834 salvat,
2010 783 2181 839 seipsum
2201 783 2396 840 supplicio
2416 773 2466 799 ‘³⁹’

1465 855 1602 883 eruere
1634 857 1716 883 non
1748 842 1898 899 poffit3
1939 843 1977 884 8<
2007 843 2075 899 qui
2115 843 2276 885 fuerant
2307 843 2394 885 falfi

1462 900 1685 943 laudatores
1696 902 1753 955 ,in
1764 902 1956 944 occifione
1968 903 2086 959 ipfius
2096 902 2407 959 conspirabant„
2456 918 2458 921 ·

1525 963 1727 1023 ,Quoniam
1756 962 1916 1003 cinerem
1937 963 2043 1019 sicut
2067 974 2208 1020 panem
2239 963 2398 1018 mandu-
2451 961 2485 995 Ῡ·
2504 973 2550 994 ¹0-

1465 1027 1471 1029 ⁴
1583 1020 1708 1062 cubam
1731 1038 1739 1064 ε
1770 1021 1820 1064 (5
1844 1034 1979 1080 potum
2008 1037 2130 1063 meum
2160 1034 2243 1064 cum
2273 1020 2395 1080 lacry-

1584 1083 1655 1121 mis
1675 1081 1876 1137 >miscebam
1889 1112 1898 1122 .
2331 1099 2333 1102 ’
2350 1086 2352 1104 ³

1527 1139 1763 1183 ostenditur
1793 1141 2089 1184 sacramentum
2120 1142 2396 1184 misericordiae

1467 1201 1689 1242 Salvatoris
1711 1231 1723 1254 ,
1763 1202 1831 1258 qui
1859 1202 1989 1242 etiam
2020 1217 2085 1254 eos
2118 1202 2298 1244 membra
2329 1198 2396 1244 sua

1462 1259 1583 1313 facit,
1613 1261 1752 1317 quibus
1785 1261 2072 1318 taliscongr'uit
2094 1261 2301 1303 medecina
2311 1277 2325 1318 ς
2356 1263 2395 1304 8<
2446 1278 2469 1302 .’
2498 1276 2515 1302 ’.ι

1461 1319 1637 1376 personae
1667 1319 1738 1362 suae
1770 1335 1909 1363 eorum
1940 1322 2104 1378 copulat
2124 1321 2318 1374 caussam,
2349 1322 2393 1363 in

1460 1379 1604 1435 quibus·
1630 1379 1669 1422 se
1700 1381 1878 1423 cinerem
1899 1380 1997 1422 dicit
2010 1381 2105 1423 ficut
2117 1383 2267 1438 panem
2280 1395 2394 1435 man-

1458 1437 1639 1493 ducasse,
1662 1441 1700 1481 8<
1731 1454 1873 1497 potum
1905 1455 1995 1482 cum
2018 1442 2207 1496 lacrymis
2223 1439 2394 1484 miscuis-

1463 1497 1527 1540 se:
1556 1499 1659 1556 quod
1690 1500 1852 1557 quidem
1884 1499 2063 1543 infideles
2078 1501 2295 1558 opprobrio
2325 1500 2392 1544 de*

1462 1570 1633 1615 putant,
1662 1558 1839 1602 dicentes
1869 1560 1982 1617 spem
2012 1562 2247 1604 remiffiouis
2277 1559 2396 1602 famia

1463 1631 1551 1661 tem
1583 1617 1656 1661 else
1691 1619 1902 1677 peccandi.
2387 1638 2390 1641 ’

1520 1682 1565 1719 A
1586 1678 1688 1735 facie
1720 1681 1784 1722 irae
1814 1693 1910 1733 tuae,
1943 1680 1991 1723 &¹
2021 1681 2294 1738 indignationis
2304 1686 2391 1737 tuae,
2436 1698 2471 1734 f,
2493 1707 2540 1728 n.

1578 1741 1756 1795 quoniam
1786 1738 1942 1782 elevans
1971 1737 2126 1798 allisisti
2156 1757 2236 1782 me.

1519 1799 1612 1857 Ipsa
1643 1799 1698 1842 est
1729 1801 1816 1854 ira,
1846 1815 1969 1858 quam
2002 1800 2135 1843 Adam
2157 1800 2327 1854 meruit,
2353 1802 2395 1844 '&

1458 1860 1501 1901 in
1548 1875 1626 1917 qua
1667 1875 1808 1904 omnes
1849 1863 1936 1903 nati
1976 1859 2139 1904 sumus}
2179 1860 2394 1918 secundum

1456 1934 1578 1976 quam
1609 1919 1707 1963 dicit
1742 1920 1955 1978 Apostolus
1966 1924 2189 1979 ,³'Eramus
2204 1918 2504 1982 naturiffitphefi
2513 1949 2537 1971 ι.
2540 1948 2569 1977 3.

1458 1978 1505 2020 lii
1535 1981 1621 2033 irae,
1642 1981 1749 2037 sicut
1780 1982 1830 2024 &⁹
1859 1982 1983 2023 caeteri
2001 2011 2015 2033 ,
2059 1989 2142 2022 non
2176 1977 2394 2021 excondi-

1458 2040 1573 2083 tione
1608 2042 1723 2093 Dei,
1744 2040 1819 2081 sed'
1841 2054 1892 2081 ex
1922 2039 2098 2093 judiciox
2126 2040 2183 2079 Et
2213 2038 2303 2080 ideo
2324 2055 2391 2080 na-

1456 2113 1544 2141 tura
1574 2098 1645 2140 filii
1677 2100 1743 2139 irae
1774 2098 1966 2151 dicimur,
1996 2098 2090 2155 quia
2120 2098 2177 2139 ita
2209 2099 2300 2155 ipsis
2322 2114 2392 2140 no-

1459 2159 1544 2200 stris
1576 2157 1784 2215 principiis
1816 2157 1984 2211 insedit,
2014 2170 2059 2200 ut
2088 2157 2138 2199 ab
2170 2157 2264 2210 illa,
2295 2164 2393 2215 pr‘ae·
2456 2156 2460 2164 ¹

1459 2231 1522 2259 ter
1555 2219 1787 2259 Dominum
1819 2217 1993 2259 nostrum
2024 2217 2155 2273 jesum
2168 2217 2392 2270 Christum,

1460 2277 1604 2318 nullius
1635 2277 1815 2318 hominis
1845 2289 1988 2318 natura
2019 2276 2067 2318 fit
2098 2277 2224 2318 libera
2244 2306 2254 2316 .
2297 2278 2392 2318 Ele—

1460 2348 1575 2377 vatus
1604 2335 1659 2377 est
1694 2348 1831 2378 autem
1863 2337 1986 2377 homo
2008 2366 2022 2388 ,
2060 2337 2154 2392 quia
2184 2336 2391 2377 rationalis

1460 2395 1499 2436 8<
1531 2395 1579 2437 ad
1612 2396 1837 2452 imaginem
1871 2396 1954 2438 Dei
1996 2395 2120 2438 fac’tus
2150 2393 2238 2436 est:
2277 2394 2392 2436 elisus

1460 2467 1558 2497 vero
1588 2454 1668 2507 est,
1700 2456 1793 2511 quia
1823 2454 1896 2495 suae
1926 2453 2136 2510 dignitatis
2156 2454 2302 2495 oblitus
2321 2452 2393 2510 est'3

1461 2510 1557 2554 ficut
1590 2513 1781 2570 scriptum
1813 2511 1868 2554 est
1887 2543 1900 2565 ,
1940 2516 2063 2554 Homo
2095 2529 2179 2555 cum
2209 2514 2249 2554 in
2268 2513 2394 2555 hono·
2410 2537 2567 2577 Pfi48·¹3·

1465 2585 1506 2610 re
1536 2570 1653 2628 effi’t,
1684 2589 1759 2613 non
1790 2569 1987 2614 intellexit
2018 2602 2031 2628 ,
2069 2585 2302 2635 comparatus
2341 2574 2449 2630 est&
2470 2588 2515 2612 ²1.

1457 2630 1643 2679 jumentis
1673 2631 1959 2690 insipientibus.

1526 2692 1619 2736 Dies
1648 2693 1722 2732 mei
1751 2692 1857 2749 stcut
1896 2691 2025 2734 umbra
2062 2691 2353 2735 declinaverunt
2380 2722 2395 2747 ‚
2434 2696 2469 2731 ἢ.
2492 2707 2537 2728 12.

1534 2776 1537 2778 -
1585 2750 1635 2792 δ’
1665 2767 1730 2808 ego
1752 2752 1859 2807 ficut
1878 2751 2032 2806 foenum
2061 2753 2164 2793 arui.
2309 2766 2316 2771 ⁴
2360 2753 2369 2794 ³
2508 2757 2524 2768 ⁷

1526 2811 1680 2851 Receffi
1713 2811 1762 2850 ab
1794 2823 1941 2852 aeterno
1971 2809 2035 2852 die
2066 2825 2140 2867 per
2169 2824 2395 2869 peccatum,

1467 2872 1505 2912 8<
1548 2870 1590 2911 in
1621 2867 1704 2909 dies
1735 2869 1980 2910 tranfitorios
2011 2868 2140 2911 decidi
2179 2886 2253 2929 per
2295 2870 2395 2927 judi·

1466 2930 1603 2972 cium:
1643 2929 1682 2969 δε
1711 2928 1805 2984 quia
1835 2928 1931 2970 ficut
1961 2929 2120 2971 foenum
2160 2933 2278 2984 arui,
2319 2944 2394 2988 per

1465 3003 1554 3033 eum
1587 2988 1655 3045 qui
1667 2987 1774 3029 inter
1803 3000 1979 3030 mortuos
2000 2990 2103 3032 liber
2133 2990 2218 3044 est,
2242 2985 2391 3047 vspersal-

1463 3063 1535 3090 vus
1566 3046 1639 3088 fio.
1671 3047 1777 3087 Sicut
1808 3049 1919 3089 enim
1949 3049 1990 3089 in
2023 3049 2154 3091 Adam
2183 3061 2435 3091 omnesmo-1·
2469 3061 2563 3093 ‘’r-¹3·

1463 3110 1614 3149 riuntur
1633 3136 1645 3159 ,
1674 3107 1730 3147 ita
1761 3106 1810 3150 (9·
1839 3108 1880 3149 in
1913 3108 2068 3165 Christo
2100 3124 2224 3150 omnes
2254 3109 2391 3166 vivifi·
2408 3101 2454 3124 ²²·

1463 3168 1664 3209 cabuntur.

1531 3229 1599 3270 Tu
1627 3237 1752 3267 autem
1782 3228 1946 3270 Domine
1974 3229 2024 3270 in
2045 3237 2226 3270 aeternum
2241 3242 2391 3289 perma-

1586 3301 1672 3338 nes,
1712 3287 1761 3330 (Τ
1791 3285 2139 3329 memoriale-tuum
2170 3293 2185 3310 ²
2211 3290 2253 3332 in
2279 3305 2392 3349 gene-

1586 3347 1732 3387 ratione
1763 3346 1812 3389 (T
1838 3348 2121 3406 generationem
2135 3379 2145 3390 .
2382 3404 2384 3406 Ι

1530 3407 1846 3462 Temporalem,
1875 3408 2029 3464 inquit,
2058 3407 2189 3451 servet
2209 3422 2394 3454 aeternus:

1470 3479 1552 3508 non
1585 3466 1696 3507 enim
1726 3466 1977 3522 quiacecidi,
2007 3463 2024 3488 b
2043 3479 2087 3509 tu
2111 3468 2294 3511 senuisti:
2325 3469 2394 3527 qui
2465 3473 2485 3505 b

1468 3539 1553 3567 eras
1584 3524 1633 3566 ad
1664 3538 1729 3567 me
1761 3525 2081 3581 humiliandum,
2113 3529 2195 3586 ipse
2215 3529 2392 3572 esadme

1467 3583 1719 3627 liberandum
1729 3614 1743 3637 ,
1772 3587 1810 3626 8<
1821 3586 2122 3642 promissionum
2134 3601 2291 3632 tuarum
2310 3603 2393 3631 non

1470 3643 1713 3686 oblivisceris
1725 3674 1736 3685 .

2432 3236 2466 3271 Ἰ.
2488 3245 2536 3276 ¹3·

2465 3326 2484 3347 a

2268 3710 2337 3750 Tu

1508 3760 1527 3791 b
1549 3761 1659 3793 Colon.
1679 3762 1789 3799 editio,
1808 3773 1841 3793 tu
1859 3764 1986 3802 tentasti.
2007 3765 2117 3798 Melius
2142 3764 2236 3807 Lugd.
2263 3765 2340 3799 Lov.
2365 3766 2395 3799 dt

1473 3801 1567 3836 Duae,
1588 3800 1619 3834 δι
1640 3803 1672 3835 in
1695 3802 1880 3846 Augustino,
1903 3814 1937 3836 tu
1949 3805 2084 3846 senuisti.
2381 3802 2388 3809 ⁸
