2652 4126
577 221 931 280 IGNOTI
984 234 1509 293 AUCT0R15‚
1551 222 1851 282 LtssER
1896 221 1965 280 n.

325 312 473 360 gratiam
491 313 582 348 dedit
600 315 670 349 illis
690 316 804 360 Deus,
821 314 909 356 ficut
927 315 969 351 (97
989 315 1256 361 nobissqm'credi-

329 364 436 399 dimus
453 364 487 398 in
506 365 789 411 DominumJesum
800 364 962 407 Christum
973 379 987 406 ,-
1011 378 1068 412 ego
1085 366 1160 411 quis
1169 377 1255 399 eram

328 415 384 460 qui
401 414 514 461 poffem
530 414 700 461 prohibere
709 416 845 449 Deum?
870 416 932 451 His
942 415 1062 450 auditis
1072 425 1252 459 tacuerunt,

328 464 372 498 (9'
386 464 651 510 glorificaverunt
672 465 780 498 Deum
801 467 958 508 dicentes,
984 466 1074 511 Ergo
1092 465 1135 498 (9¹
1148 465 1253 512 genti.

145 533 295 573 551533
326 514 388 548 bus
408 514 500 548 Deus
515 513 738 562 paem'tentiam
766 515 813 548 ad
840 514 949 548 vitam
975 515 1084 549 dedit.
1112 515 1251 558 Jacobus

146 577 185 606 <9-
198 556 258 615 'seq.
301 555 308 564 ⁸
327 577 462 612 quoque
481 563 647 614 apostolus
667 563 708 600 de
725 563 994 618 hac'Vocatione
1004 569 1151 612 gentium
1160 566 1251 603 dicit:

326 613 395 647 Viri
408 615 552 660 fratres,
576 613 690 647 audite
710 625 778 656 me,
805 616 916 648 Simon
927 615 1081 649 narravit
1098 616 1250 660 quemad-

323 663 454 699 modum
467 663 609 710 primum
627 663 721 698 Deus
741 662 898 704 visitavit
911 665 1038 711 sumere
1054 664 1250 711 exgentibus

320 713 477 761 populum
498 711 620 747 nomini
631 712 711 759 suo,
739 714 783 749 Ee
793 713 865 748 huic
874 713 1045 749 concordat
1055 714 1160 749 verba
1169 714 1249 749 Pro-

319 762 511 812 phetarum,
529 761 619 804 ficut
634 762 787 809 scriptum
806 762 869 806 est,
896 763 971 805 Post
998 763 1061 798 baec
1079 774 1249 808 revertar,

322 813 368 861 Q·
386 811 576 856 aedificabo
594 812 838 856 tabernaculum
856 812 978 849 David
1001 813 1091 860 quod
1114 814 1250 858 cecidit,

321 863 366 900 Φ·
381 861 492 897 diruta
511 863 584 907 ejus
602 862 820 906 aedificabo&
839 863 961 910 erigam
973 862 1057 898 illud
1067 879 1075 900 i
1101 873 1138 898 ut
1147 863 1250 910 requi-

319 920 399 950 rant
424 911 524 947 ceteri
545 911 702 947 bominum
728 913 923 957 Dominum,
948 912 992 951 0
1010 925 1114 948 omncs
1136 924 1249 960 gentes

291 996 294 999 .
312 961 412 1010 fiaper
431 974 514 1010 quas
533 963 721 1005 invocatum
741 963 784 1006 est
804 975 915 998 nomen
938 975 1040 1004 meum
1053 987 1064 1006 ,
1088 962 1168 999 dicit
1181 964 1249 1000 Do,

318 1012 426 1059 minus
441 1012 565 1059 faciens
576 1013 640 1049 baec
649 1038 659 1056 ‚
679 1022 793 1056 ‘notum
804 1025 824 1047 a
835 1012 950 1059 saeculo
962 1011 1003 1056 es}
1020 1011 1160 1047 Domino
1171 1023 1249 1059 opus

317 1063 433 1109 [uum.
459 1066 591 1100 Simeon
609 1076 746 1111 quoque
765 1063 842 1107 ille,
869 1068 882 1090 θ
899 1066 955 1103 cui
973 1063 1161 1112 responsum
1180 1074 1249 1101 erat

317 1116 478 1162 a.Spiritu
492 1113 627 1156 saneto,
651 1126 717 1150 non
727 1127 802 1151 curn
813 1113 959 1154 visurum
970 1124 1130 1156 mortem,
1157 1117 1248 1162 prius

317 1176 418 1212 quarn
429 1162 555 1207 videret
567 1162 740 1207 Christum
749 1167 911 1206 Domini,
936 1163 978 1200 de
987 1162 1085 1201 salute
1095 1167 1250 1201 omnium

317 1220 465 1262 gentium
485 1226 557 1262 quae
589 1218 623 1251 in
655 1212 795 1255 Christo
819 1211 1041 1257 revelabatur,
1066 1211 1118 1251 hae
1145 1214 1250 1255 dixit,

317 1258 449 1301 Nuncb
467 1262 609 1300 dimittis
619 1262 752 1309 servum
761 1273 873 1308 tuum,
896 1262 1054 1306 Domino,
1073 1262 1249 1309 secundum

290 1312 298 1322 '
319 1309 459 1349 verbum
480 1322 569 1348 tuum
581 1312 616 1348 in
631 1323 728 1360 pace:
755 1313 836 1361 quia
853 1311 1013 1348 viderunt
1030 1312 1112 1347 ocula·
1131 1312 1251 1359 meisb-

317 1363 425 1409 lutare
436 1371 532 1407 >tuum
542 1389 554 1406 ,
579 1363 663 1410 quod
676 1362 800 1409 parasti
818 1368 831 1390 ⁶
847 1363 1040 1410 antefaciem
1051 1362 1185 1398 omnium
1192 1371 1250 1410 po.

222 1421 240 1442 c
313 1408 489 1461 pulcrum,
515 1413 635 1449 Lumen
652 1413 698 1452 ad
705 1411 936 1449 revelationem
942 1411 1107 1459 gentium,
1134 1411 1253 1459 &gle-

317 1463 402 1510 riam
419 1462 524 1509 plebis
543 1472 603 1499 tuae
621 1463 743 1509 Israel.
768 1464 954 1502 His&aliis
966 1463 1160 1500 testimoniis
1168 1466 1254 1500 Scri·

315 1525 490 1562 pturarum
510 1526 577 1550 non
603 1512 702 1552 dubie
729 1513 989 1556 demonstratur,
1016 1513 1109 1551 istam
1136 1514 1251 1551 ditiffi-

314 1576 406 1609 mam
419 1589 428 1604 ‚
457 1564 708 1610 potentiffimam
723 1590 732 1606 ‚
743 1563 1002 1611 benignissimam
1011 1566 1144 1610 gratiam
1154 1589 1167 1608 ‚
1183 1576 1251 1611 qua

313 1616 352 1651 in
377 1613 553 1650 noviffimo
575 1614 690 1650 mundi
711 1625 863 1662 tempore
881 1626 995 1650 omnes
1014 1625 1125 1659 gentes
1150 1619 1181 1649 in
1200 1627 1251 1650 re-

313 1674 421 1711 gnum
439 1661 568 1705 Christi
590 1675 772 1704 vocantur,
800 1662 967 1712 prioribus
988 1661 1108 1701 saeculis
1133 1668 1168 1700 in
1193 1676 1251 1705 oc*

315 1711 415 1753 culto
431 1715 498 1753 Dei
518 1711 743 1755 absconditam
760 1711 851 1753 fuiffe
869 1712 1026 1753 confilio-

144 735 233 765 Amos
241 743 303 773 9011

525 1817 885 1854 CAPUT
959 1813 1054 1851 XIX.

316 1907 412 1952 Deus
429 1923 490 1962 pro
510 1913 594 1949 omni
613 1923 756 1961 tempore
776 1899 976 1950 vult'omms
994 1913 1134 1953 homines
1135 1914 1250 1961 silves

360 1966 436 2012 fieri
444 1990 456 2010 ‚
481 1973 538 1999 aut
551 1965 760 2012 generalibus
776 1964 892 2010 donis,
917 1974 977 2001 aut
995 1965 1092 2002 eiiam
1104 1965 1251 2012 peculia·

364 2015 477 2052 ribus.

320 2124 322 2127 ’
359 2137 363 2141 ,
396 2115 431 2151 T
451 2124 512 2151 cur
542 2109 607 2150 hac
625 2112 904 2157 manifestatione,
928 2127 994 2161 qua
1010 2127 1098 2152 nunc
1121 2120 1254 2155 univer-

420 2162 459 2200 fis
478 2160 664 2199 nationibus
684 2163 883 2206 innotescit,
907 2175 1000 2200 antea
1018 2164 1159 2201 revelata
1184 2178 1253 2201 non

214 2240 239 2272 a
314 2213 438 2257 suerit,
457 2211 590 2254 ,nullam
610 2210 698 2260 poffe
718 2210 735 2237 ‘¹
753 2212 919 2251 scientiam
947 2212 1253 2262 comprehendere,

217 2290 236 2318 ς
315 2262 441 2305 nullam
459 2261 714 2308 intelligentiam
731 2274 926 2311 penetrare,
950 2268 965 2286 θ
986 2276 1064 2301 cnm
1082 2274 1191 2301 tamen
1218 2264 1254 2300 il-

218 2316 229 2326 ’
314 2312 373 2355 lud
394 2312 490 2361 quod
507 2311 719 2354 ded-bonitate
738 2316 807 2351 Dei
826 2315 965 2362 piiffime
982 2314 1148 2357 creditur,
1177 2318 1255 2362 quia

130 2361 297 2399 »Tinea-4
315 2374 418 2406 omnes
439 2360 584 2405 homines
601 2360 688 2395 velit
701 2362 815 2407 salvos
828 2363 904 2406 fieri
915 2389 924 2406 ‚
951 2362 995 2398 δ’
1014 2362 1048 2398 in
1057 2362 1253 2409 agnitionem

216 2427 236 2446 n
314 2410 472 2459 perimis
481 2409 596 2446 vmire
605 2436 618 2455 ‚
643 2424 712 2451 non
720 2424 874 2461 oporteat
885 2413 942 2451 nili
952 2426 1151 2463 perpetuum
1162 2426 1253 2452 ater·

315 2469 467 2505 numque
493 2458 628 2502 sentiri,
652 2461 831 2499 secundum
858 2475 910 2499 eas
939 2463 1253 2510 mensur-atquibus

314 2511 414 2547 Deus
428 2505 516 2549 dnm
525 2506 686 2553 generalia
697 2509 887 2554 specialibus
896 2517 990 2548 novit
1000 2510 1169 2548 cumulare
1179 2523 1252 2546 mu-

314 2555 472 2594 neribus.-
495 2565 534 2593 ut
552 2557 588 2590 δε
605 2559 664 2602 qui
685 2557 829 2594 exsortes
840 2564 961 2605 gratie
979 2559 1122 2599 fuerint,
1147 2557 1253 2594 desua

314 2609 464 2654 nequitia
483 2605 738 2652 redarguantur-t
762 2608 796 2642 δι
815 2611 872 2654 qui
892 2611 960 2652 ejus
980 2607 1101 2643 lumine
1127 2609 1253 2643 cuitu&

317 2660 406 2700 rint,
431 2658 555 2699 nonin
579 2654 640 2692 suo
665 2660 791 2694 merito
807 2680 822 2700 ,
846 2654 901 2694 sed
925 2660 964 2692 in
994 2657 1152 2693 Domino
1178 2654 1252 2702 glo·

319 2717 467 2746 nentur.

2131 244 2154 296 5
2173 247 2191 280 1
2207 247 2233 296 3

1316 318 1696 365 opponitkconsideratio
1713 317 1950 366 parvulorum,
1974 318 2032 362 qui
2051 314 2239 359 nullojudi-

1314 371 1369 403 cio
1387 372 1518 404 rationis
1536 381 1674 405 utuntur
1687 393 1697 410 ,
1719 369 1939 415 quoaustoris
1950 364 1994 403 sui
2006 364 2162 401 beneficia
2171 365 2239 401 sen·

1314 420 1451 459 tientes,
1475 419 1516 455 ad
1534 422 1736 465 agnitionem
1754 418 1881 455 valeant
1908 418 2052 454 veritatis
2066 414 2221 451 accedere
2228 427 2241 454 ς

1312 479 1373 503 nec
1391 468 1544 505 videntur
1561 468 1603 504 de
1621 467 1759 514 negleffl
1779 467 1973 515 opitulantis
1981 468 2091 514 gratie
2100 464 2181 508 iuste
2189 477 2240 500 ar·-

1312 520 1390 563 gui,
1414 518 1511 555 inilla
1530 521 1713 564 ignorantia
1723 517 1910 554 naturaliter
1919 515 2114 557 constituti,
2138 527 2239 562 quam

1310 565 1452 604 dubium
1469 580 1537 604 non
1555 566 1604 604 est
1621 566 1745 604 nullam
1764 571 1907 615 recipere
1925 566 2105 609 scientiam,
2113 564 2238 602 nullam

1311 617 1427 653 sentire
1444 618 1648 653 destrinam.
1674 618 1772 654 Unde
1788 630 1864 654 cum
1882 628 1984 651 omnes
2003 616 2148 650 homines
2157 613 2242 649 velit
2258 620 2284 645 ¹·
2304 614 2412 647 Tima-

1311 667 1404 700 Deus
1417 665 1534 711 salvos
1545 665 1639 709 fieri,
1665 668 1746 714 quid
1764 666 1810 703 est
1829 667 1922 715 quod
1939 667 2096 703 alienatur
2111 665 2238 703 asalute
2253 664 2282 689 ⁴*

1310 727 1470 765 perpetua
1487 728 1575 753 tanta
1594 717 1767 753 infantium
1785 717 1988 759 multitudo,
2015 719 2172 764 totquein
2183 714 2238 752 his

1310 765 1456 803 aetatibus
1475 765 1649 803 hominum
1670 766 1770 803 millia
1788 778 1880 803 extra
1899 770 2000 804 vitam
2010 766 2240 814 relinquuntur

1311 827 1463 853 aetetnam
1475 831 1487 853 .·
1513 816 1600 863 quasi
1620 817 1659 853 ad
1679 816 1746 853 hoc
1767 828 1893 854 tantum
1912 817 2040 855 conditi
2059 816 2120 853 fint
2137 815 2177 852 ab
2196 828 2240 852 eo

1310 869 1368 913 qui
1379 869 1546 903 neminem
1562 867 1677 903 odiens
1694 871 1839 910 creavit,
1865 878 1901 903 ut
1911 870 1987 915 quia
1998 870 2030 902 in
2040 865 2131 902 hunc
2142 852 2410 903 mun-Sap.¹1.25

1308 916 1391 955 dum
1410 928 1486 951 cum
1506 919 1628 963 peccati
1646 928 1745 953 carne
1763 928 1945 959 venerunt,
1971 915 2151 952 insolubilis
2169 915 2245 953 cul-.

1308 978 1359 1013 pae
1379 964 1509 1001 vincula
1526 965 1589 1000 fine
1609 977 1699 1002 reatu
1721 970 1860 1014 propriae
1869 963 2031 1002 aotionisf
2047 966 2238 1002 inciderent?
2321 972 2336 1003 s

1310 1014 1404 1059 Quid
1425 1012 1493 1052 hoc
1516 1014 1732 1062 profundius,
1757 1016 1838 1064 quid
1856 1015 2037 1053 mirabilius
2046 1015 2106 1052 esse
2116 1015 2238 1063 potest?
2402 1053 2409 1058 ,

1308 1068 1429 1112 Neque
1447 1067 1536 1102 enim
1553 1064 1642 1101 credi
1660 1066 1704 1101 fas
1724 1065 1793 1108 est,
1818 1078 1874 1101 eos
1902 1069 1958 1114 qui
1985 1068 2239 1111 regenerationis
2253 1051 2410 1122 mgffi'ffl

1308 1127 1376 1151 non
1393 1114 1503 1162 adepti
1522 1113 1592 1151 sunt
1609 1119 1627 1145 8
1648 1115 1904 1158 sacramentum,
1929 1116 1966 1152 ad
1994 1115 2100 1152 ullum
2128 1113 2321 1162 beato-,ame
2343 1133 2391 1162 ba-

1310 1177 1384 1201 rum
1404 1169 1564 1212 pertinere
1583 1163 1811 1202 consortium..
1831 1168 1876 1202 Et
1894 1169 1995 1211 magis
2022 1164 2392 1213 stupendum,.pxismum

1313 1214 1478 1261 magisque
1497 1215 1536 1251 fit
1553 1218 1696 1258 mirum,
1722 1215 1815 1262 quod
1835 1214 1891 1251 ubi
1913 1216 2000 1251 aeno
2011 1227 2077 1250 non
2088 1215 2239 1255 offendit,
2254 1213 2411 1257 beatitudi-

1310 1263 1369 1301 ubi
1387 1263 1561 1302 arbitrium
1572 1277 1640 1301 non
1661 1265 1796 1308 resistit,
1821 1264 1878 1302 ubi
1897 1265 2008 1302 eadem
2028 1264 2175 1307 miseria,
2201 1262 2238 1298 fi·
2254 1263 2300 1309 ¹¹¹}
2314 1263 2411 1283 ‘¹³⁰1'

1309 1313 1396 1351 milis
1423 1313 1645 1358 imbecillitas,
1669 1314 1771 1353 cauffa
1797 1318 1985 1351 communis
2012 1315 2059 1352 est
2078 1340 2089 1357 ,
2126 1311 2144 1338 ¹²
2171 1303 2331 1371 non¹‘²³'g

1311 1377 1415 1406 unum
1441 1364 1487 1401 est
1511 1370 1543 1401 in
1569 1377 1655 1401 tanta
1682 1366 1843 1412 parilitate
1871 1366 2052 1409 judicium,
2077 1369 2111 1402 &
2130 1363 2240 1412 quales
2311 1373 2331 1401 h

1312 1414 1469 1463 reprobat
1486 1415 1672 1460 abdicatio,
1698 1416 1775 1452 tales
1792 1415 1927 1462 adoptat
1947 1415 2068 1451 electio
2082 1442 2090 1450 .

1510 1517 1872 1554 CAPUT
1947 1517 2038 1552 XXI.

1303 1614 1394 1658 Iuste
1418 1613 1477 1661 agi
1494 1627 1564 1651 cum
1591 1614 1747 1662 parvulis
1772 1615 2001 1661 pereuntibus,
2027 1623 2093 1648 tam
2121 1613 2156 1648 in
2184 1612 2251 1650 hoc.

1350 1665 1496 1711 saeculo,
1521 1678 1617 1712 quam
1632 1665 1768 1710 futuro,
1791 1675 1926 1713 propter
1947 1663 2109 1711 *originale
2134 1674 2242 1710 pecca-

1361 1725 1451 1749 tum·

1425 1819 1639 1854 Erumtamen
1658 1817 1700 1853 de
1715 1814 1778 1854 hac
1786 1816 1956 1854 altitudine
1965 1815 2168 1854 discretionis
2179 1816 2246 1851 Dei

1449 1880 1515 1903 non
1534 1866 1788 1904 conturbabitur
1806 1864 1816 1889 ί
1833 1881 1894 1904 cor
1912 1866 2105 1904 humilitatis
2115 1865 2246 1907 nostrae‚

1312 1917 1335 1955 fi
1355 1919 1450 1954 firma
1468 1923 1502 1954 &
1522 1916 1624 1954 stabili
1649 1918 1714 1954 fide
1732 1930 1832 1954 omne
1853 1919 2009 1961 judicium
2033 1920 2098 1954 Dei
2128 1914 2249 1959 justum

1317 1966 1375 2004 esse
1393 1968 1588 2008 credamus,
1615 1980 1675 2003 nec
1695 1979 1885 2014 appetamus
1905 1966 2025 2003 habere
2051 1969 2248 2011 cognitum,
2267 1996 2272 2001 t

1317 2017 1408 2066 quod
1431 2017 1539 2052 voluit
1555 2015 1614 2052 effe
1631 2017 1811 2054 secretum;
1835 2028 1871 2051 ut
1891 2016 1947 2052 ubi
1967 2015 2153 2060 investigari
2179 2024 2252 2048 non

1314 2067 1423 2116 potest
1443 2070 1605 2113 quaresita
1625 2068 1770 2111 judicet,
1795 2065 1932 2102 sufficiat
1960 2064 2037 2101 scire
2061 2062 2254 2110 quis-judis

1314 2129 1366 2152 cet
1376 2145 1385 2153 .
1412 2120 1626 2164 Qamquam
1637 2129 1702 2152 non
1715 2120 1758 2152 ita
1768 2115 2031 2162 incognoscibilis
2050 2113 2104 2150 ista
2115 2113 2152 2149 sit
2164 2125 2254 2159 quaen,

1313 2165 1396 2206 stin,
1422 2163 1441 2188 ¹¹²
1461 2176 1497 2201 ut
1517 2164 1601 2201 nihil
1619 2166 1694 2201 inde
1710 2166 1904 2201 eruditionis
1923 2166 2079 2211 poffimus
2101 2164 2253 2209 adquire-
2322 2163 2345 2210 Ε
2401 2207 2404 2209 ‚

1317 2227 1371 2255 re,
1397 2213 1421 2250 fi
1439 2214 1479 2250 ad
1499 2215 1790 2262 contemplandum
1811 2215 1843 2249 id
1863 2215 1956 2260 quod
1985 2213 2091 2249 videri
2122 2211 2251 2260 potest,

1317 2262 1515 2311 tranquillus
1532 2262 1631 2299 sobrii
1652 2263 1764 2300 cordis
1773 2262 1967 2299 adhibeatur
1976 2266 2132 2300 intuitus.
2159 2265 2253 2298 Cum

1315 2317 1402 2350 enim
1422 2312 1686 2356 consideramus,
1711 2317 1796 2350 inter
1818 2325 1981 2361 paganos,
2006 2316 2090 2348 inter
2110 2311 2254 2354 Judaeos,

1316 2367 1402 2401 inter
1419 2362 1612 2402 baeticos,
1639 2364 1886 2410 interqueipsos
1903 2362 2085 2397 catholicos
2093 2359 2254 2398 Christia-

1315 2426 1396 2455 nos,
1420 2425 1521 2459 quam
1541 2410 1716 2455 multiplex
1736 2421 1846 2455 pereat·
1862 2422 2014 2445 numerus
2024 2409 2252 2455 parvulorum,

1315 2474 1423 2508 quos,
1447 2458 1457 2482 ¹
1475 2470 1636 2505 quantum
1656 2457 1695 2492 ad
1719 2460 1868 2503 proprias
1889 2460 2030 2503 pertinet
2051 2457 2250 2499 voluntates,

1316 2521 1421 2554 neque
1439 2512 1468 2529 ¹¹¹
1493 2507 1572 2542 boni
1582 2506 1728 2550 aliquid,
1753 2517 1862 2553 neque
1881 2506 1958 2542 mali
1984 2506 2110 2543 constat
2138 2505 2251 2554 egisses

1315 2556 1470 2591 discimus
1489 2553 1583 2600 super
1600 2566 1655 2589 eos
1674 2553 1764 2591 illam
1775 2567 1901 2592 manere
1911 2555 2123 2600 sententiam,
2147 2569 2249 2604 quatu

1314 2603 1498 2642 humanum
1515 2615 1614 2650 genus
1631 2607 1649 2626 ¹¹
1667 2607 1700 2639 in
1721 2605 1804 2642 Adae
1822 2609 1918 2654 primi
1939 2610 2077 2654 parentis
2096 2610 2246 2654 praevari·
2319 2608 2343 2630 ¹¹

1313 2658 1446 2692 catione
1463 2657 1614 2701 excepits
1637 2657 1727 2699 cujus
1747 2655 1912 2692 sententiae
1931 2659 2020 2703 rigor
2037 2657 2117 2692 dum
2145 2660 2245 2693 etiam

1313 2707 1399 2742 circa
1425 2702 1503 2740 tales
1532 2717 1599 2739 non
1627 2704 1821 2748 resolvitur,
1847 2718 1947 2752 quam
1976 2717 2134 2752 magnum
2162 2705 2245 2742 illud

2328 1850 2357 1879 i-·

1240 2760 1251 2790 ζ
1312 2764 1486 2803 peccatum
1513 2753 1637 2796 fuerit,
1661 2754 1923 2792 demonstratur.
1951 2760 1968 2777 ⁰
1994 2759 2109 2793 Nemo
2135 2767 2245 2792 autem
2321 2767 2341 2789 n

525 2807 887 2845 CAPUT
962 2805 1038 2842 XX.

319 2902 465 2951 objeflio
490 2916 528 2937 ex
550 2904 703 2950 parvulis
729 2915 842 2940 contra
866 2902 973 2950 illud,

319 2983 321 2987 ι
369 2969 426 2996 nes
451 2953 608 2993 homines
632 2955 737 2994 salvos
761 2957 853 2996 fieri.

998 2908 1072 2955 Qi
1095 2904 1252 2945 vultom·

319 3056 403 3150 IN
421 3053 488 3094 hoc
508 3056 581 3094 sane
600 3055 736 3105 angusto
762 3058 918 3106 quidem,
943 3056 998 3095 fed
1015 3030 1131 3095 'tamen
1161 3058 1255 3093 resto

381 3106 615 3153 ,inteuigsntiae
640 3111 794 3152 tramite,
815 3119 883 3145 non
910 3119 1027 3156 parum
1053 3107 1255 3145 difficultatis

423 3157 465 3191 s.
486 3155 655 3202 Pmspmi,

363 3217 382 3237 a
402 3204 460 3236 Ms.
483 3203 633 3240 Joliensis,
653 3205 703 3245 qui
721 3205 872 3246 responfiam
891 3213 1034 3247 acceperat
1052 3216 1061 3236 ι
1082 3205 1199 3247 postea,
1219 3206 1255 3236 de

319 3246 420 3286 salute
438 3255 505 3274 vero
525 3264 534 3273 .
556 3266 564 3273 .
584 3265 593 3276 .
613 3243 670 3274 haec
691 3245 780 3277 dicit.

336 3285 339 3291 ”
364 3285 383 3315 b
402 3284 450 3315 Sie
471 3283 580 3316 Leonis
600 3283 694 3316 editio
712 3289 794 3321 juxta
814 3294 926 3318 textum
955 3285 1116 3326 Evangelii
1129 3307 1139 3318 .
1166 3284 1253 3317 Editi

322 3323 453 3365 Prospeti
463 3344 478 3360 ,
491 3325 624 3354 dimitte.
831 3341 835 3346 ‹
923 3342 926 3345 Δ

362 3374 379 3395 0
402 3364 460 3394 Ml·
480 3363 633 3400 Joliensis‚
645 3364 800 3402 ficundum
815 3365 937 3403 faciem.
957 3365 1074 3396 Deinde
1089 3386 1098 3402 ‚
1120 3364 1151 3395 in
1172 3375 1252 3395 reve-

322 3403 460 3434 lationem
480 3424 489 3434 .
507 3424 516 3434 .
537 3424 547 3434 ·
565 3425 574 3436 .
613 3405 689 3443 opali
709 3407 753 3437 tui
772 3406 861 3445 Israel
867 3427 876 3438 .

361 3443 381 3474 d
404 3443 461 3474 Ms.
480 3412 622 3476 eambssz
637 3444 742 3488 joh&
764 3446 849 3482 Leo,
867 3445 979 3478 addunt
999 3444 1074 3477 reete
1086 3445 1253 3484 scientiam.

362 3494 378 3514 e
399 3483 505 3523 Supple
526 3494 560 3516 ex
580 3491 677 3523 capite
698 3486 886 3523 praecedenti,
907 3486 1071 3525 testimoniis
1091 3487 1253 3526 scriptura-

322 3535 386 3555 rum
406 3530 464 3552 non'
480 3522 565 3555 dubie
584 3523 802 3562 demonstratur.

360 3563 377 3594 s
395 3562 499 3594 Editio
527 3563 656 3599 Leonis,
677 3563 852 3600 inciderint.
873 3563 1074 3600 Aliicodices‚
1091 3566 1261 3597 inciderent,

362 3613 384 3645 g
405 3603 462 3634 Mi.
483 3603 589 3634 Camb-
610 3602 640 3634 &
661 3603 730 3634 edit.
750 3603 877 3643 Leonis,
893 3605 1072 3647 luctamenta
1092 3627 1100 3636 .
1119 3606 1192 3637 ,Alii
1207 3606 1255 3646 [a.

323 3652 516 3675 crumentum.

362 3684 382 3714 h
403 3683 451 3714 Sic
471 3685 641 3715 emendatur
660 3693 695 3713 ex
720 3683 777 3714 Ms.
804 3684 923 3720 Jolienfi
940 3705 950 3722 ‚
971 3683 1002 3716 δι
1029 3685 1160 3717 editione
1187 3696 1255 3725 ope-

323 3733 388 3753 rum
409 3724 518 3755 Leonis
531 3745 541 3755 .
561 3724 644 3755 Alias
677 3723 749 3754 editi
778 3723 910 3766 Psosperi
927 3743 938 3760 ‚
967 3735 1135 3757 nonu-aum
1155 3727 1203 3765 effe
1221 3727 1256 3756 de

323 3772 411 3794 tanta
426 3764 575 3803 parilitati
588 3762 714 3804 judicem
725 3784 734 3792 .
920 3790 923 3793 .

366 3804 376 3833 i
397 3805 444 3835 Ita
460 3804 600 3844 -legimus
627 3803 659 3832 in
690 3801 755 3848 Mss-
785 3803 964 3836 Camberon.
991 3803 1024 3836 ἃ
1051 3805 1108 3842 101.
1132 3806 1163 3838 ἃ
1184 3805 1252 3836 edit,

326 3842 451 3877 Leonis.
469 3846 507 3876 In
525 3844 591 3876 aliis
611 3841 743 3884 Prospen
761 3841 861 3884 libris,
880 3854 926 3876 cor
945 3844 1083 3885 nostrum.

1312 2814 1485 2852 putaretur
1502 2816 1571 2840 non
1598 2807 1754 2841 innocens
1782 2804 1885 2848 nasci,
1910 2805 1967 2842 nifi
1997 2808 2097 2843 etiam
2124 2804 2243 2843 talibus

1312 2852 1388 2891 effet
1408 2856 1546 2891 noxium
1566 2867 1634 2890 non
1656 2854 1795 2892 renasci.

1359 2906 1415 2942 De
1433 2907 1669 2941 immaturitate
1685 2917 1766 2941 vero
1782 2909 1898 2942 mortis
1917 2919 1984 2943 non
2004 2907 2051 2944 est
2069 2910 2153 2943 ratio
2162 2919 2242 2942 con·
2258 2919 2423 2949 mmmm-2

1312 2954 1492 3002 querendi,
1517 2966 1594 2991 cum
1615 2953 1709 2991 stmel
1729 2959 1761 2991 in
1781 2967 1929 2992 naturam
1947 2956 2089 2993 nostram
2101 2970 2157 3004 per
2169 2969 2241 3005 pec-
2258 2958 2362 3003 mortis

1311 3015 1421 3042 catum
1433 3002 1562 3051 ingreffa
1584 3005 1763 3042 mortalitas
1781 3004 1969 3042 obnoxium
1979 3006 2034 3043 fibi
2046 3019 2182 3043 omnem
2195 3009 2241 3044 vi·
2259 2998 2397 3043 1³²m'10‘.

1314 3065 1354 3092 τε
1371 3053 1491 3092 nostrae
1507 3053 1620 3091 fecerit
1638 3055 1725 3092 diem
1738 3080 1746 3089 .
1773 3053 1859 3092 Effet
1877 3059 1985 3099 enirn,
2011 3061 2029 3087 P
2046 3057 2180 3102 quando
2198 3055 2245 3094 se·
2267 3046 2420 3118 mulsam

1314 3104 1461 3143 cundum
1483 3103 1627 3152 aliquem
1645 3105 1806 3148 modum,
1834 3105 2026 3143 immortalis
2044 3106 2110 3143 dici
2135 3105 2244 3144 homo

1802 3158 1883 3192 Ttt
1935 3168 1954 3191 2
2123 3156 2198 3204 pos-

1355 3202 1375 3233 k
1397 3202 1445 3234 Ita
1463 3212 1530 3234 cum
1556 3202 1621 3234 ΜΠ.
1643 3202 1820 3234 Camberon.
1846 3202 1877 3233 ἃ
1905 3203 1962 3239 Jol.
1990 3204 2099 3234 Leonis
2126 3203 2217 3233 codex
2237 3225 2247 3235 .

1315 3242 1397 3287 Alias
1416 3253 1433 3272 a
1456 3243 1492 3274 ud
1514 3243 1702 3283 prosperum,
1724 3253 1758 3274 ut
1778 3242 1852 3274 nihil
1866 3242 1907 3280 fit
1927 3245 2000 3283 quod
2018 3246 2053 3274 de
2071 3255 2103 3273 ea
2112 3243 2246 3273 eruditio-

1316 3292 1362 3311 ms
1377 3290 1413 3322 po
1434 3292 1508 3312 imus
1527 3293 1561 3313 ac
1582 3286 1687 3314 uirere.

1354 3321 1453 3353 lMff.
1490 3322 1567 3353 Cam
1608 3333 1670 3354 ton.
1704 3321 1738 3355 ’ἃ
1774 3321 1909 3358 Jolienfis
1938 3332 1998 3352 non
2026 3322 2134 3354 habent
2163 3321 2214 3353 ista
2233 3344 2244 3357 ,

1315 3371 1455 3407 quantuni
1475 3363 1515 3392 ad
1529 3365 1662 3403 proprias
1681 3363 1802 3404 pertinet
1821 3364 1987 3393 voluntates
2003 3383 2011 3393 .
2039 3364 2103 3393 Alii
2132 3363 2246 3394 codices

1315 3401 1512 3478 haxbttenltidllffi
1532 3441 1638 3474 bonum
1657 3442 1787 3483 aliquid,
1809 3454 1894 3485 neque
1913 3441 2019 3472 malum
2036 3464 2041 3469 .
2067 3442 2102 3472 In
2125 3441 2247 3483 secundo

1314 3482 1380 3529 casu
1402 3491 1534 3528 ponunt,
1553 3483 1619 3513 boni
1640 3506 1651 3517 .
1670 3503 1681 3514 .
1701 3504 1710 3514 .
1731 3483 1822 3518 mali,
1845 3483 1901 3514 Ms-
1921 3482 2098 3514 Camberon.
2121 3483 2151 3513 ὅ(
2173 3482 2247 3512 Leo·

1314 3523 1549 3593 msnelltlalffltabet
1569 3561 1663 3593 editio
1682 3561 1793 3593 Leonis
1811 3584 1819 3592 .
1841 3561 1904 3592 Mff.
1926 3571 1995 3592 vero
2016 3561 2196 3593 Camberon.
2214 3559 2246 3591 &

1312 3602 1470 3638 Jolienfis,
1487 3603 1518 3631 in
1537 3604 1607 3632 Adae
1622 3603 1855 3641 prevaricatione
1866 3601 2003 3641 suscepit.
2025 3601 2110 3633 Editi
2130 3601 2246 3641 Prospe-

1313 3643 1388 3673 tiani
1399 3663 1407 3677 ‚
1423 3643 1658 3681 prevaricatione
1672 3642 1762 3681 primi
1779 3644 1910 3682 parentis
1929 3641 2051 3682 excepit.

1354 3692 1372 3712 o
1394 3682 1498 3712 Editio
1521 3681 1645 3726 Leonis,
1666 3683 1755 3711 Nemo
1773 3682 1876 3712 etiam.

1316 3720 2249 3803 &PL553{”2¹³.1133¹⁵2235‚13‚:‘33⁰’eiiifflslzeffffiizsssrff‘iiz

1314 3810 1414 3843 gitur·
