2652 4126
451 189 1217 253 CHRoNlcuM·

277 281 506 325 Caesaream
536 284 580 326 in
612 284 780 327 nomine
813 285 979 328 Caesaris
1010 285 1203 340 condidit,

275 355 359 398 quae
391 343 499 399 prius
541 345 684 387 Turris
725 345 922 392 Stratonis
964 346 1200 389 vocabatur.

277 399 395 451 Idem
427 404 693 458 Hyrcanum,
723 404 795 460 qui·
822 405 919 447 olim
933 405 1119 448 Sacerdos
1140 407 1202 462 Ju-

276 459 461 511 daeorum*
482 461 636 516 fuerat,
664 462 712 503 de
744 464 981 519 captivitate
1014 466 1200 508 Parthica

279 520 516 578 regressum,
547 523 590 570 δι,
614 521 742 564 filium
763 522 867 578 ejus,
897 526 964 580 qui
985 523 1200 567 sacerdotio

278 581 406 638 patris
437 580 662 631 successerat
684 611 698 635 ,
737 581 929 625 interficit
962 599 971 627 ε
1011 584 1201 627 sororem-

280 655 356 697 que
387 640 468 697 ejus
498 654 664 682 uxorem
696 640 829 694 suam,
861 657 952 685 cum
983 642 1131 686 duobus
1162 643 1206 686 fi-

279 700 344 742 liis
374 700 547 758 propriis
577 699 658 756 jam
690 700 990 746 adolescentulis
1009 733 1023 756 ‚
1053 705 1091 746 8<
1123 718 1206 746 ma-

281 760 552 802 tremtuxoris
582 759 714 802 occisae
746 760 899 803 socrum
930 762 1039 804 suam
1070 763 1205 806 crude-

281 819 422 862 lifflme
453 831 592 861 necat.
626 819 770 862 Virum
801 822 928 864 etiam
960 821 1100 864 sororis
1131 823 1203 864 suae

281 876 449 920 Salomiae
481 878 712 921 interfecit:
742 881 780 921 8<
811 895 901 922 cum
932 895 1022 923 eam
1043 882 1112 924 alii
1133 894 1210 924 tra-

279 936 434 981 didiffet
465 953 656 993 uxorem,
685 940 809 982 etiam
840 940 970 997 ipsum
1002 942 1167 998 perimit
1200 958 1208 984 :

281 997 438 1041 Scribas
468 1012 624 1055 quoque
655 1000 693 1040 8<
724 999 967 1057 interpretes
988 1001 1135 1043 divinae
1156 1002 1210 1044 le-

279 1059 340 1115 gis
370 1058 497 1117 simili·
519 1057 663 1100 scelere
695 1058 865 1102 occidit.

339 1114 538 1173 Augustus
568 1117 714 1173 Juliam
747 1117 871 1162 filiam
903 1120 1011 1163 suam
1041 1122 1083 1163 in
1106 1120 1213 1164 adul-

279 1177 382 1219 terio
403 1176 696 1234 deprehensam
717 1177 884 1222 damnat
906 1182 1052 1223 exilio:
1086 1182 1213 1224 Tibe-

278 1237 383 1279 rium
415 1238 453 1278 &
483 1238 715 1294 Agrippam
748 1239 789 1280 in
814 1238 912 1282 filios
942 1240 1174 1305 adoptavit.

338 1295 456 1355 Judas
476 1298 662 1340 Galilaeus
682 1297 730 1340 ad
761 1299 1038 1343 rebellandum
1066 1303 1215 1358 J'udaeos

280 1357 515 1399 cohortatur
526 1387 536 1398 .

339 1416 453 1465 xl1v.
495 1418 658 1474 imperii
700 1419 866 1476 Augusti
898 1435 1038 1473 anno,
1079 1421 1216 1478 Quiri-

280 1491 355 1518 nus
385 1491 436 1518 ex
467 1479 631 1519 consilio
663 1479 830 1521 Senatus
862 1479 909 1521 ad
942 1481 1106 1537 Judeam
1130 1480 1220 1522 mis-

279 1535 340 1578 sus
360 1565 374 1588 ‚
403 1536 538 1579 census
569 1537 781 1581 hominum
812 1539 1134 1601 posseslionesque
1155 1539 1220 1583 de-

279 1595 438 1638 scribit.
493 1616 495 1619 ·

340 1655 500 1702 Eodem
542 1672 652 1702 anno
702 1660 1218 1716 JESUS-CHRISTUS

282 1714 410 1757 Filius
442 1717 526 1759 Dei
558 1719 600 1760 in
635 1721 848 1761 Bethleem
889 1719 995 1776 Judae
1021 1720 1218 1763 nascitur.

343 1775 614 1834 Colliguntur
663 1792 796 1821 autem
837 1795 978 1822 omnes
1019 1782 1116 1822 anni
1167 1781 1217 1823 ab

280 1832 496 1877 Abraham
535 1837 700 1897 exordio
722 1869 735 1890 ,
774 1838 891 1897 usque
932 1841 980 1882 ad
1027 1841 1219 1882 nativita-

279 1903 367 1935 tem
411 1895 574 1944 Christi,
604 1912 656 1942 ex
701 1900 869 1954 Maria,
909 1914 923 1934 ο
962 1900 1040 1942 duo
1090 1901 1220 1943 millia

280 1956 540 1998 xv111.‘seu
570 1972 640 1999 xv.

341 2014 528 2055 Herodes
548 2030 641 2055 cum
663 2018 816 2063 Christi
843 2019 1104 2061 nativitatem
1131 2023 1224 2062 Ma-

279 2082 422 2124 gorum
458 2071 609 2113 indicio
639 2070 912 2128 cognovisset,
941 2077 1146 2121 universos
1178 2081 1222 2121 in

280 2128 498 2179 Bethleem
539 2132 728 2187 parvulos
767 2133 869 2187 jussit
910 2133 1106 2178 interfici:
1138 2138 1221 2192 ipse

212 2221 218 2232 ,
279 2190 647 2239 autem,·,biennio,
684 2191 769 2248 post
819 2192 962 2234 morbo
1012 2195 1224 2237 intercutis

280 2261 391 2304 aquae
414 2279 428 2302 ,
467 2251 506 2291 8<
538 2249 780 2294 scatentibus
812 2264 898 2294 toto
929 2267 1096 2310 corpore
1136 2268 1239 2296 ver--

278 2309 449 2359 mibus,
467 2309 646 2363 misere,
666 2310 731 2357 sed
762 2311 884 2369 digne
915 2316 1108 2360 moritur.

339 2367 604 2421 In.,Her9dis
632 2369 766 2414 locum
801 2373 1024 2415 Archelaus
1056 2375 1106 2416 ab
1139 2377 1226 2416 Au-

281 2425 392 2482 gusto
431 2426 681 2473 constituitur
702 2429 738 2485 (
757 2431 795 2471 8<
819 2430 1075 2475 ,Tetrarchae
1124 2430 1227 2474 fiunt

280 2484 426 2526 fratres
445 2485 526 2538 ejus
542 2486 756 2539 Herodes,
779 2489 1031 2544 Antipater,
1061 2489 1226 2541 Lyfias,

282 2545 334 2585 &⁴
354 2543 563 2599 Philippus
583 2542 600 2598 )
620 2547 746 2586 *annis
779 2559 830 2587 12<

344 2602 536 2656 Tiberius
570 2602 714 2644 Caesar
746 2605 963 2645 Dalmatas
1007 2603 1226 2645 Sarmatas-

285 2660 541 2720 quearedigit
574 2663 617 2703 in
650 2664 882 2704 Romanam
915 2661 1176 2718 potestatem.

300 2747 302 2749 ·
346 2720 622 2777 Athenienses
651 2736 713 2763 res
744 2735 870 2763 novas
900 2735 1041 2763 contra
1074 2724 1226 2764 Roma-

282 2796 358 2825 nos
389 2781 603 2823 molientes
634 2781 946 2839 opprimuntur.

299 2868 309 2873 ν
344 2840 545 2900 'Angustus
576 2855 668 2883 cum
701 2841 872 2883 Tiberio
904 2838 988 2882 filio
1019 2840 1085 2883 suo
1105 2842 1222 2884 1111.

286 2901 539 2959 imperii-*sui
569 2915 678 2943 anno
699 2900 860 2951 censum
883 2902 1023 2942 Romae
1045 2902 1227 2958 agitans,

285 2963 449 3006 invenit
488 2961 703 3003 hominum
734 2961 927 3018 nonagies
966 2961 1005 3004 8<
1034 2974 1096 3004 ter
1134 2975 1227 3003 cen-

287 3036 385 3068 tena
424 3023 468 3064 &2
491 3029 513 3059 b„
537 3022 622 3063 lxx.
654 3021 807 3063 millia.

346 3082 518 3128 Messala
549 3082 755 3124 Corvinus
788 3082 940 3122 Orator
978 3093 1073 3124 ante
1113 3080 1226 3123 bieri-

287 3146 404 3188 nium
444 3156 567 3201 quam
606 3152 854 3194 moreretur,
885 3141 942 3183 ita
983 3142 1225 3184 memoriam

286 3199 501 3262 perdidit'ss
527 3201 584 3244 'ut
621 3201 694 3245 vix
733 3215 861 3259 pauca
902 3201 1030 3252 verba,
1050 3201 1228 3257 ,conjun-

289 3276 423 3323 geret-
470 3310 486 3324 Χ,

310 3355 315 3374 -v
341 3322 648 3373 'Archelausin
681 3323 890 3368 Viennam
921 3323 1060 3369 urbem
1086 3323 1226 3368 Galliae

293 3378 519 3442 relegatur,
546 3386 655 3425 anno
675 3383 792 3440 regni
820 3381 877 3424 sui
913 3395 979 3426 1x.
1001 3382 1088 3424 Post
1108 3398 1228 3440 quem

412 3445 456 3485 S.
487 3442 691 3507 Rrospeti.
734 3477 762 3481 ,.
1058 3443 1060 3445 ’

332 3555 351 3575 a
369 3543 443 3582 Mffi*
457 3529 619 3575 russeum
642 3526 730 3579 Μὴ.
749 3544 883 3575 Melioris
904 3553 981 3575 uotae
1001 3543 1059 3575 duo
1072 3551 1110 3574 *ex
1125 3544 1226 3574 eadem

292 3583 475 3615 Bibliotheca
494 3583 620 3618 habent,
642 3591 731 3620 2015,
749 3583 781 3615 &
801 3584 895 3616 editio
913 3585 1055 3616 Chronici
1067 3584 1226 3616 Eusebiani

293 3635 312 3656 a
330 3625 462 3657 Pontaco
483 3631 653 3663 procurata.
734 3654 738 3660 ,
778 3656 782 3661 st

327 3663 433 3698 'b¹Ms.
452 3656 545 3694 Colbs
558 3664 681 3697 unicus,
702 3661 742 3693 ὠ
760 3656 810 3694 ὄο.
829 3664 927 3695 millia
942 3685 951 3694 .
979 3664 1052 3695 Haec
1071 3663 1227 3706 descriptio

295 3704 326 3735 iu
347 3705 414 3736 aliis
435 3703 589 3742 codicibus
603 3704 762 3750 assignatur
778 3713 862 3737 anno
884 3703 1093 3744 55.‚Au'gussi,
1115 3705 1146 3735 in
1163 3705 1228 3736 aliis

296 3755 376 3776 anno
419 3753 445 3780 4.
701 3751 704 3754 ·
957 3766 961 3771 .
1017 3770 1019 3773 .

333 3794 353 3818 c
369 3755 516 3827 aititulus
543 3784 592 3816 hic
620 3792 689 3815 cum
709 3783 840 3825 sequenti
869 3783 902 3816 in
930 3782 1080 3819 Chronico
1106 3784 1225 3817 Eusebii

1263 204 1916 254 INTEGRUM.
2076 216 2188 267 407

1265 285 1448 328 Herodes
1483 285 1730 329 Tetrarches
1761 283 1837 326 fuit
1868 282 1984 327 annis
2014 297 2145 326 xxtv.

1323 347 1510 388 Tiberius
1523 345 1698 388 Drusum
1710 343 1935 387 consortem
1957 343 2072 402 regni
2083 342 2193 386 facit.

1323 407 1605 448 TIBERIUS
1637 407 1713 447 111.
1747 404 1863 446 annis
1893 417 2055 448 xx111.
2087 402 2194 460 cujus

1261 465 1423 522 imperii
1463 480 1570 507 anno
1611 480 1651 507 V.
1694 464 1886 507 tredecim
1926 463 2041 508 urbes
2079 474 2195 506 terrae

1262 538 1376 566 motu
1408 537 1662 567 corruerunt.

1324 584 1512 640 Ejusdem
1553 585 1715 642 imperii
1755 598 1863 626 anno
1904 599 2003 628 x1v.
2046 582 2196 627 Pilatus

1263 646 1497 686 Procurator
1527 643 1663 702 Judaeae
1695 644 1893 686 mittitur.

1326 704 1509 746 Herodes
1570 702 1835 747 Tiberiadem
1893 704 1933 747 8<
1981 703 2200 748 Liviadem

1265 763 1465 807 condidit.

1331 824 1520 866 Tiberius
1551 825 1697 868 multos
1717 837 1829 880 reges
1860 823 1909 867 ad
1941 823 1979 867 se
2000 837 2072 880 per
2091 825 2205 867 blan·

1270 881 1387 924 ditias
1418 897 1604 926 evocatos
1623 915 1636 937 ‚
1676 898 1895 940 numquam
1926 884 2078 926 remisit
2097 915 2110 936 ‚
2147 899 2208 927 re·

1271 955 1429 999 gnaque
1461 957 1598 984 eorum
1631 945 1672 984 in
1705 943 1931 1000 provincias
1962 944 2108 986 vertit.

1330 1002 1503 1058 Joannes
1552 1001 1652 1044 filius
1705 1001 1910 1044 Zachariae
1959 1004 2003 1044 in
2053 1001 2207 1045 deserto

1271 1062 1384 1117 juxta
1426 1060 1641 1118 Jordanem
1684 1061 1850 1103 fluvium
1892 1061 2107 1118 praedicans
2147 1063 2210 1118 Ju-

1272 1120 1395 1174 daeis‚
1426 1120 1634 1164 Christum
1676 1121 1828 1163 Filium
1870 1122 1954 1164 Dei
1993 1122 2036 1164 in
2077 1123 2211 1164 medio

1274 1195 1410 1222 eorum
1442 1180 1568 1223 adesse
1601 1181 1789 1224 testatur.

1334 1240 1423 1297 Ipse
1446 1256 1601 1298 quoque
1633 1241 1836 1284 Dominus
1861 1241 2212 1298 JESUS-CHRI·

1276 1301 1423 1342 STUS
1456 1301 1553 1342 hinc
1574 1302 1616 1342 in
1639 1301 1805 1358 populos
1835 1299 2047 1345 salutarem
2060 1302 2215 1348 adnun-

1277 1361 1353 1401 tiat
1373 1390 1386 1412 ,
1423 1359 1543 1417 signis
1574 1373 1692 1417 atque
1726 1359 1939 1400 virtutibus
1971 1375 2068 1403 vera
2108 1375 2215 1403 com-

1279 1421 1453 1477 probans
1486 1419 1559 1462 esse
1591 1435 1675 1477 qua:
1706 1419 1880 1461 diceret.

1341 1479 1493 1521 Drusus
1525 1481 1657 1522 Caesar
1687 1493 1847 1522 veneno
1878 1479 2022 1536 periit.

1340 1544 1354 1561 ⁶
1394 1539 1586 1596 Josephus
1634 1541 1737 1583 circa
1787 1538 1871 1580 haec
1921 1551 2106 1597 tempora
2154 1538 2219 1581 die

1280 1599 1527 1642 Pentecostes
1547 1599 1767 1643 sacerdotes
1798 1597 2020 1655 Judaeorum
2042 1600 2222 1657 primum

1281 1661 1573 1701 commotiones
1606 1662 1782 1702 locorum
1815 1660 2014 1715 Templi,
2045 1661 2083 1701 8<
2111 1659 2222 1716 quos-

1280 1719 1374 1765 dam
1407 1719 1556 1765 sonitus
1589 1718 1740 1761 sensisse
1774 1715 1962 1761 testatur:
1993 1719 2138 1761 deinde
2169 1734 2223 1761 ex

1280 1779 1404 1833 adyto
1434 1778 1600 1835 erupisse
1634 1794 1773 1821 vocem
1797 1773 2042 1831 dicentium,
2073 1776 2224 1819 Trans-

1282 1842 1501 1895 migremus
1533 1854 1597 1892 ex,
1616 1838 1679 1880 his
1711 1839 1887 1881 sedibus.

1346 1899 1493 1940 Scribit
1525 1897 1633 1940 idem
1675 1899 1901 1957 JolephuS,
1938 1896 2043 1953 quod
2083 1896 2227 1941 eodem

1284 1973 1394 2000 anno
1445 1959 1594 2000 Pilatus
1648 1957 1798 2002 secreto
1849 1955 1976 2000 nostis
2025 1959 2227 2016 imagines

1285 2016 1452 2059 Caesaris
1484 2018 1527 2060 in
1560 2019 1715 2074 templo
1747 2014 1948 2079 statuerit·

1347 2079 1654 2134 Computantur
1693 2077 1828 2134 itaque
1868 2086 1913 2113 ln
1953 2089 2106 2118 annum
2154 2090 2228 2119 xv.

1287 2137 1448 2178 Tiberii
1481 2136 1648 2177 Caesaris
1668 2165 1681 2188 ,
1712 2137 1762 2177 ab
1783 2135 2068 2177 instauratione
2099 2138 2228 2177 Tem-

1286 2195 1368 2250 pli,
1399 2209 1484 2249 quae
1516 2194 1621 2235 facia
1652 2193 1707 2235 est
1740 2194 1807 2235 sub
1839 2191 1969 2236 altero
2001 2208 2109 2236 anno
2141 2196 2229 2237 Da-

1287 2255 1335 2295 rii
1367 2254 1472 2309 regis
1494 2253 1727 2306 Persarum,
1757 2255 1855 2295 anni
1885 2253 2088 2296 nxlv111.
2117 2269 2141 2296 a
2163 2256 2230 2296 Sa-

1287 2314 1448 2355 lomone
1499 2326 1637 2355 autem
1687 2314 1726 2355 8<
1777 2314 1910 2370 prima
1968 2311 2231 2356 aedificatione

1290 2373 1497 2430 Templi,
1536 2374 1632 2415 anni
1682 2373 1908 2430 computati
1957 2372 2048 2414 sunt
2095 2388 2226 2415 Mixa

1290 2432 1437 2483 Moyse
1469 2434 1509 2468 8<
1537 2431 1690 2484 egressu
1719 2430 1872 2472 Israelis
1903 2445 1956 2472 ex
1996 2432 2234 2486 AEgypto,

1289 2488 1388 2528 anni
1418 2493 1436 2519 d
1466 2493 1626 2518 Mvat.
1666 2483 2050 2543 (aliasxxxvur.)
2082 2488 2132 2531 ab
2163 2504 2234 2531 an-

1287 2559 1342 2586 no
1374 2540 1687 2598 repromissionis
1699 2543 1858 2598 primo,
1887 2547 1987 2588 anni
2017 2554 2232 2582 MDLxxu.

1287 2603 1338 2643 ab
1369 2615 1479 2645 anno
1510 2613 1588 2656 quo
1620 2601 1737 2646 natus
1768 2602 1828 2649 est‘
1865 2604 2103 2658 Abraham,
2131 2607 2231 2652 anni

1287 2667 1302 2685 ²
1333 2667 1510 2693 MMXLVH·
1540 2673 1564 2701 a
1605 2660 1779 2704 Diluvio
1809 2666 1947 2709 autem
1966 2695 1980 2717 ‚
2018 2664 2138 2721 usque
2178 2665 2229 2710 ad
2273 2701 2276 2706 .

1286 2718 1467 2777 primum
1498 2733 1652 2765 annum
1684 2721 1887 2777 Abrahae,
1915 2724 2017 2772 anni,
2046 2738 2128 2769 non
2158 2740 2231 2768 en*

1286 2780 1320 2822 ti
1351 2779 1468 2826 xlrt.
1502 2779 1698 2838 Eusebius,
1729 2782 1793 2827 vir
1814 2783 2084 2829 disertissimus
2103 2739 2231 2831 agnus

1285 2838 1488 2882 metavit.
1521 2840 1590 2881 Ab
1622 2837 1758 2884 Adam
1788 2858 1885 2888 vero
1916 2845 2037 2902 usque
2068 2843 2118 2886 ad
2149 2846 2227 2887 Di-

1286 2900 1465 2951 luvium,
1504 2898 1720 2960 anniduo
1762 2903 1890 2958 millia
1919 2905 2086 2949 ccxlu..
2124 2906 2228 2950 Sunt

1287 2974 1383 3016 ergo
1414 2973 1555 3016 omnes
1595 2960 1695 3004 anni
1723 2962 1772 3003 ab
1813 2962 1984 3017 Adam,
2021 2963 2141 3021 usque
2180 2965 2228 3006 in

1287 3017 1440 3076 annum
1468 3055 1470 3058 ,
1499 3033 1569 3062 xv.
1631 3020 1792 3063 Tiberii
1844 3023 2010 3065 Caesaris
2049 3053 2064 3077 ,
2127 3023 2226 3066 anni

1286 3087 1641 3137 QMMMMCCCLX·
1673 3093 2008 3127 autccxxvnr.
2030 3084 2228 3126 Annive.

1288 3135 1337 3180 ro
1353 3138 1567 3181 secundum
1591 3139 1789 3183 Geneseos
1809 3141 2095 3199 scripturam&
2115 3142 2227 3185 Afri-

1288 3199 1381 3241 cani
1412 3197 1608 3245 Histotici
1626 3199 1954 3257 supputationem
1974 3203 2146 3263 amplius
2165 3203 2227 3244 in-

1288 3271 1509 3301 veniuntur
1537 3271 1691 3314 cxxlx.

1303 3332 1305 3334 ·
1335 3319 1370 3347 f·
1391 3318 1572 3376 Quidam
1604 3333 1756 3377 putant
1784 3323 2015 3365 Dominum
2044 3322 2223 3366 nostrum

1288 3378 1419 3436 Jesum
1432 3378 1641 3425 Christum
1673 3395 1743 3423 xv.
1775 3396 1884 3424 anno
1913 3382 2029 3439 regni
2061 3383 2220 3426 Tiberii

1749 3441 1847 3495 Fff
2075 3445 2164 3485 Cae-

1287 3540 1418 3575 rejicitur
1440 3541 1471 3570 in
1497 3526 1619 3571 annum*
1639 3528 1831 3577 18.Tiberii,
1851 3541 2222 3583 postPaffionemChtissi.

1326 3581 1344 3611 d
1365 3583 1400 3611 In
1423 3580 1538 3611 Eusebii
1561 3580 1713 3612 Chronico
1736 3590 1822 3621 1539.

1326 3630 1342 3649 e
1365 3622 1450 3660 Apud
1473 3620 1652 3652 Eusebium.
1674 3633 1762 3658 ²044-

1326 3661 1342 3690 s
1359 3662 1456 3692 Aliam
1476 3660 1638 3694 hujus'loci
1658 3659 1815 3693 leffionem
1837 3662 1867 3692 in
1887 3662 2056 3702 quibusdam
2074 3661 2222 3699 codicibus

1289 3700 1386 3730 haberi
1407 3700 1492 3731 docet
1512 3701 1564 3732 Ph.
1587 3701 1720 3732 Labbcus
1741 3703 1773 3732 in
1792 3701 1954 3734 Aueiuario
1974 3712 2049 3738 tom.
2063 3714 2090 3733 x.
2111 3702 2230 3735 Biblio-v

1288 3742 1331 3772 ih.
1352 3751 1436 3772 novae
1458 3739 1524 3771 Mff.
1542 3751 1608 3782 pag.
1630 3751 1680 3770 22.
1701 3741 1813 3774 scilicet
1827 3763 1836 3773 .
1866 3743 2001 3783 Quidam,
2019 3743 2119 3783 [σηοω
2145 3754 2220 3774 anno

1287 3789 1396 3813 xvux.
1416 3781 1527 3813 Tnberii
1539 3782 1564 3821 J
1565 3782 1640 3821 efhm
1661 3781 1804 3822 christum
1819 3783 1927 3824 paffum
1940 3806 1949 3817 .
1968 3786 2006 3817 Et
2024 3792 2221 3855 ανειιηῖηξμη·

2134 3832 2182 3856 u10
