2652 4126
0 3496 11 3592 *rx-nam
1 3481 5 3488 -v
3 3471 5 3473 -

717 183 1765 244 ADMoNITlo.
2090 193 2196 263 481

295 294 367 336 que
390 279 461 334 sub
489 280 566 328 ejus
608 280 756 322 nomine
785 280 880 322 editi
917 277 1094 338 legantur
1122 291 1214 320 ante
1244 294 1385 321 annum
1421 284 1545 336 1566.
1577 282 1622 322 Si
1653 296 1738 338 ergo
1768 279 2025 335 antiquiorum
2064 283 2205 322 Manu-

281 339 509 396 Jcriptorum
539 340 751 381 auHoritati
779 340 860 381 cedi
889 351 976 398 opus
1004 338 1124 396 effet,
1155 339 1305 381 omnino
1336 340 1525 381 tribuendi
1555 342 1597 380 S.
1630 339 1831 396 Ambrosio
1842 339 2087 381 viderentur.
2120 343 2202 381 Nec

289 397 540 453 diffitebitur,
569 400 699 458 opinor
717 429 730 451 ,
769 397 993 440 Antelmius
1021 415 1069 439 ex
1086 398 1157 454 [ιω
1180 397 1386 454 systemate
1405 430 1418 452 ,
1450 401 1593 457 primos
1623 399 1731 450 hujus
1762 400 1881 457 operis
1920 396 2202 456 Manuscriptos

288 474 492 514 anonymos
515 457 724 517 prodiiffe,
752 473 835 500 cum
865 456 984 500 latere
1014 457 1224 499 intenderit
1254 459 1294 500 S.
1325 458 1508 518 Prosper.
1543 459 1654 501 Unde
1676 458 1920 518 probabitur,
1958 457 2200 513 amanuenses

288 515 398 571 illos,
428 518 494 574 qui
516 517 637 577 primi
665 518 782 576 Operi
810 518 876 575 isti
905 533 1039 560 nomen
1068 516 1246 576 Prosperi
1270 519 1538 576 praefixerunt,
1564 531 1633 577 pro
1663 534 1755 560 vero
1786 518 1967 578 Prosperi
1996 517 2112 573 nostri
2120 515 2199 573 foe·

284 591 331 619 tu
362 576 607 635 agnoscendos
636 591 683 616 ex
712 577 822 619 certis
851 578 1078 635 argumentis
1107 577 1354 635 cognoviffis?
1382 582 1522 619 Nonne
1545 576 1775 637 probabilius
1794 578 1869 633 est,
1899 578 2020 634 quod,
2047 592 2131 618 cum
2139 592 2198 618 eos

283 633 398 678 libros
427 650 628 691 anonymos
657 635 905 694 reperfftnt,
933 653 981 678 ex
1009 637 1223 695 argumenti
1251 638 1500 693 doc‘trinaeque
1528 638 1788 693 conformitate
1818 638 1962 680 indulti
1981 636 2134 692 fuerint
2150 648 2197 678 ut

284 695 463 755 Prosperi
490 710 624 737 nomen
654 696 698 738 in
720 695 853 750 fronte
881 708 1132 755 apponerent.
1164 693 1254 736 Alii
1282 698 1404 738 minus
1412 698 1532 750 docili,
1561 695 1651 739 licet
1660 697 1910 753 antiquiores,
1937 700 2062 739 minus
2080 696 2195 737 etiam

277 753 449 812 feliciter
478 754 598 797 eidem
627 756 732 813 operi
763 771 896 797 nomen
927 755 1122 812 Ambrosii
1150 755 1365 797 indiderant
1383 787 1394 797 .
1435 759 1504 798 Ex
1541 773 1616 813 qua
1645 756 1927 813 amanuensium
1965 756 2195 812 diversttate

283 812 498 873 colligitur,
528 829 605 855 non
623 814 806 869 standum
836 814 896 856 bic
923 815 1271 873 Manuscriptorum
1300 817 1536 869 aaHoritati,
1566 817 1614 860 (Τ
1644 833 1691 858 ex
1711 813 1798 872 fila
1826 816 2110 873 amanuensium
2138 828 2193 857 te-

283 875 456 917 meritate
485 871 618 916 titulos
646 873 726 929 istis
754 871 859 915 libris
887 874 1025 916 inditos
1047 869 1251 932 prodiiſj'e.
2195 913 2198 917 .

306 943 309 945 ’
339 936 404 976 De
433 933 609 978 doc‘lrinae
640 932 877 991 consenfione
905 934 1066 975 diximus
1087 933 1206 992 supra
1223 963 1236 986 ,
1272 935 1589 992 probavimusque
1607 966 1621 989 ,
1657 936 1732 993 etsi
1759 951 1896 977 revera
1923 935 2024 978 idem
2045 933 2193 989 fitntiat¹

281 995 408 1035 aanor
436 991 615 1034 librorum
643 992 691 1034 de
724 994 921 1035 Vocatione
947 993 1120 1050 gentium
1150 993 1249 1049 quod
1276 996 1318 1035 S.
1349 994 1534 1052 Prosper;
1565 995 1730 1050 diverJos
1757 1008 1884 1036 tamen
1903 994 1948 1036 ab
1957 993 2027 1036 illo
2037 992 2193 1049 loquen-

281 1053 323 1096 di
351 1052 473 1094 modos
503 1053 715 1151 usurfatos,
742 1068 859 1108 eaque
889 1052 1056 1095 adbibita
1085 1065 1378 1111 temperamenta
1407 1069 1488 1109 quae
1519 1056 1562 1096 S.
1593 1054 1767 1114 Prosper.
1786 1070 1990 1110 numquam
2007 1052 2187 1107 adhibuis-

272 1111 358 1168 set.
390 1112 437 1153 Si
465 1112 572 1167 consu
593 1124 708 1152 antur
730 1124 927 1172 perpaucae
956 1111 1147 1167 utriusque
1171 1114 1343 1170 periodi,
1356 1112 1616 1170 *sortiſjimum
1646 1128 1907 1172 argumentum
1932 1130 1956 1154 a
1985 1113 2086 1154 nobis
2113 1128 2189 1153 me·

279 1173 355 1222 rito
384 1170 470 1214 duci
484 1211 486 1215 Α
499 1170 692 1220 videbitur
721 1187 769 1212 ex
788 1169 877 1228 stili
903 1171 1126 1230 disparitate
1144 1201 1157 1221 ,
1197 1188 1278 1228 quae
1308 1171 1421 1214 oculis
1448 1172 1657 1231 legentium
1681 1175 1807 1232 primo
1837 1174 1981 1215 intuitu
2006 1171 2155 1231 patebit
2174 1202 2184 1212 .

277 1234 364 1272 Nec
392 1244 541 1275 terrent
570 1247 634 1272 nos
663 1244 731 1275 aut
768 1231 814 1273 ab
843 1232 1015 1289 opinione
1050 1231 1295 1273 dimovebunt
1333 1230 1455 1291 longae
1484 1230 1562 1275 illae
1592 1248 1684 1288 quas
1712 1231 1924 1274 elaboravit
1963 1229 2186 1273 Antelmius

280 1287 465 1337 Tabula:
495 1292 536 1332 in
546 1289 675 1347 quibus
695 1290 797 1349 saepe
826 1288 936 1333 nulla
964 1289 1042 1332 alia
1070 1292 1111 1332 in
1132 1288 1225 1346 stilo
1255 1292 1495 1347 conformitas
1520 1293 1767 1351 prospicitur,
1792 1305 1932 1351 praeter
1961 1307 2069 1332 voces
2079 1289 2185 1346 quas-

274 1349 489 1397 damtunc
518 1350 695 1409 temporis
723 1350 893 1409 usurpari
912 1347 1048 1407 solitas
1067 1381 1078 1392 .
1118 1353 1201 1394 Nec
1224 1349 1342 1406 facile
1372 1353 1620 1394 invenientur
1649 1354 1810 1394 auctores
1839 1353 1909 1394 duo
1939 1352 2039 1393 idem
2077 1365 2187 1407 argu-

276 1422 445 1456 mentum
476 1410 690 1466 versantes,
719 1411 787 1466 qui
815 1425 891 1451 non
920 1407 1122 1466 aliquando
1152 1410 1297 1466 easdem
1326 1427 1434 1454 voces
1463 1412 1750 1470 usurpaverint:
1781 1410 1905 1454 multo.
1919 1412 2040 1452 minus
2050 1411 2187 1451 mirum

276 1469 377 1525 quod
404 1470 446 1511 in
468 1469 638 1526 sensibus
666 1471 920 1524 conveniant,
949 1470 998 1513 (Τ
1028 1470 1157 1526 iisdem
1185 1469 1372 1527 loquendi
1386 1468 1567 1528 formulis
1596 1485 1774 1513 utantur.
1806 1472 1852 1512 Si
1881 1472 1963 1527 quis
1992 1470 2118 1511 eadem
2128 1483 2189 1510 cu-

276 1545 321 1571 ra
349 1529 557 1588 investiget
586 1532 711 1589 Opera
741 1532 785 1574 S.
817 1531 1029 1587 Augustini
1046 1560 1060 1583 ,
1098 1546 1174 1586 qua
1203 1528 1426 1573 Antelmius
1456 1534 1499 1573 S.
1531 1531 1710 1590 Prosperi
1740 1534 1868 1590 Opera
1896 1530 2020 1572 omnia
2040 1528 2209 1585 scruta·-

275 1602 340 1631 tus
368 1589 448 1644 est3
478 1604 555 1630 non
584 1589 852 1647 desperandum
882 1590 1031 1632 omnino
1061 1592 1155 1646 quin
1175 1589 1347 1646 feliciter
1367 1591 1544 1647 succedat
1574 1607 1655 1648 quae
1675 1591 1934 1648 institueretur
1943 1602 2094 1648 operum
2105 1590 2215 1647 Au·⁴

272 1647 419 1707 gustini
447 1662 530 1689 cum
557 1645 662 1693 libris
694 1650 740 1694 de
773 1649 971 1693 Vocatione
996 1651 1169 1708 gentium
1198 1648 1371 1692 collatio:
1400 1667 1484 1692 cum
1513 1667 1649 1693 revera
1678 1657 1765 1692 non'
1770 1663 1892 1710 pauca
1921 1645 2191 1691 Antelmiano-

277 1723 363 1749 rum
388 1705 660 1765 parallelorum
689 1708 772 1750 loca
801 1725 848 1751 ex
861 1709 1072 1765 ‚fintentiis
1102 1711 1313 1768 Augustini
1339 1725 1364 1751 a
1392 1709 1577 1768 Prospero
1606 1711 1790 1768 excerptis
1818 1710 2026 1760 ducantur,
2055 1719 2120 1747 aut
2131 1705 2211 1760 iis-2

279 1767 368 1813 dem
395 1769 567 1816 terminis
589 1768 739 1828 scriptae
769 1766 946 1827 legantur
975 1771 1019 1811 in
1049 1772 1091 1812 S.
1123 1771 1296 1811 Doc‘loris
1325 1768 1508 1827 Operibus
1528 1799 1540 1810 .
1583 1770 1722 1810 Verum
1743 1768 1892 1824 frustra
1921 1767 2071 1810 omnino
2101 1761 2192 1805 talis

274 1827 496 1870 minutatim
525 1843 604 1870 com
631 1829 752 1871 aratio
781 1829 1063 1885 institueretur:
1093 1830 1269 1885 quoniam
1288 1845 1375 1870 non
1406 1827 1631 1884 obstantibus
1659 1826 1811 1884 diffusis
1840 1824 1919 1868 illis
1929 1824 2032 1868 ultra
2041 1824 2194 1866 modum

275 1883 474 1933 Antelmii
497 1899 593 1946 para
611 1886 720 1942 lelis,
749 1904 796 1930 ex
824 1885 904 1930 illis
933 1905 1024 1945 quas
1052 1889 1270 1931 deduximus
1299 1888 1503 1931 rationibus
1532 1885 1710 1930 librorum
1729 1889 1775 1930 de
1807 1887 2012 1929 Vocatione
2017 1884 2192 1944 gentium

276 1946 322 1988 ab
352 1946 536 2005 Operibus
564 1947 743 2008 Prosperi
770 1947 993 2004 differentia
1023 1948 1104 2006 ipsa
1125 1948 1171 2004 se
1198 1946 1343 2006 legenti
1379 1948 1429 1991 (9⁴
1454 1948 1684 2007 ponderanti
1708 1947 1890 2006 prodet.·1

335 2009 453 2047 Nunc
482 2022 574 2048 vero
594 2008 767 2064 superest
795 2020 839 2049 ut
867 2009 1131 2050 examinentur
1159 2009 1398 2060 conjecturae,
1427 2007 1559 2063 quibus
1587 2007 1728 2049 duetus.
1745 2003 1995 2068 ,Quesnellius
2023 2002 2193 2048 librosde
2220 2047 2222 2049 ,

277 2065 481 2105 Vocatione
506 2067 682 2120 gentium
712 2067 835 2108 Leoni
855 2066 926 2120 suo
955 2068 1213 2117 adjudicavit.
1244 2068 1506 2125 Praecipuum,
1544 2068 1655 2108 immo
1685 2081 1777 2106 vero
1808 2066 1958 2106 unicum
1987 2063 2106 2122 ipsius
2135 2079 2195 2102 ar-

269 2124 573 2182 gumentumstat
600 2122 644 2162 in
666 2119 755 2176 stili
778 2124 950 2180 paritate
970 2154 984 2177 ,
1022 2141 1135 2178 quam
1157 2127 1204 2180 se
1233 2125 1432 2183 agnoviffit
1462 2125 1595 2184 aff'erit
1618 2126 1725 2168 ,inter
1754 2121 1865 2169 libros
1901 2124 1987 2168 ilios
2024 2122 2074 2165 δ’
2103 2119 2192 2164 reli·
2226 2123 2229 2125 ’

273 2212 316 2236 ,,,
330 2196 406 2238 qua
436 2183 480 2223 S.
510 2181 651 2230 Leonis
679 2183 798 2240 Papae
827 2193 960 2241 opera.
992 2184 1144 2240 Scripta
1174 2186 1306 2225 Sancti
1334 2185 1474 2226 Leonis
1493 2184 1633 2242 sapius
1671 2181 1889 2240 relegenti,
1927 2181 2055 2236 inquit
2093 2178 2163 2222 ille
2181 2211 2195 2234 ,
2228 2182 2230 2184 ’

274 2270 303 2296 „
323 2238 629 2298 familiariffi'ma
651 2239 758 2297 fabia
786 2241 842 2297 est
865 2241 1017 2300 phrasis
1046 2243 1246 2295 Leonina,
1276 2242 1450 2297 totusque
1478 2243 1627 2284 dicendi
1657 2243 1867 2295 cbaraHer,
1896 2256 2007 2296 quem
2034 2241 2077 2281 in
2088 2237 2194 2281 libris
2218 2285 2220 2287 ,

273 2330 304 2354 „
328 2301 376 2342 de
407 2300 608 2342 Vocatione
633 2301 808 2358 gentium
839 2302 1005 2359 agnovi.
1037 2301 1180 2350 Statim
1209 2302 1469 2345 animadverti
1498 2302 1599 2359 quod
1627 2302 1672 2344 in
1700 2302 1752 2344 eis
1783 2300 1881 2343 idem
1909 2298 2089 2356 loquendi
2117 2315 2194 2340 mo-

272 2389 303 2414 „
330 2359 423 2413 dus,
450 2356 721 2402 nonnullorum
751 2360 953 2402 verborum
982 2358 1162 2418 affeffata
1184 2361 1471 2417 frequentatio,
1499 2361 1740 2416 conformatio
1765 2360 2005 2419 periodorum
2033 2358 2163 2400 eadem
2180 2389 2196 2412 ,

275 2447 305 2471 „
331 2419 460 2471 eadem
462 2418 648 2473 sermonis
657 2420 898 2475 construffio,
926 2421 1119 2478 conflifius
1128 2421 1349 2473 verborum,
1377 2420 1563 2475 crebaeque
1573 2419 1800 2471 antitheses,
1824 2417 1993 2459 diHionis
2003 2418 2195 2469 varietas,

276 2505 305 2530 „
333 2474 550 2532 elegantia„
573 2478 761 2534 dignitas,
790 2479 959 2532 ubertas,
987 2480 1190 2536 igneusque
1218 2480 1352 2534 vigor,
1379 2490 1462 2518 tota
1489 2478 1651 2530 denique
1670 2472 1761 2529 stili
1780 2473 1900 2528 facies
1918 2473 2086 2516 eumdem
2117 2489 2194 2516 om·

278 2535 371 2576 nino
401 2535 585 2575 austorem
608 2536 839 2592 praedicant.
872 2542 1048 2591 Cumque
1078 2552 1157 2577 rem
1181 2536 1350 2592 penitius
1378 2534 1646 2588 considerasset
1664 2562 1680 2584 ,
1711 2533 1864 2591 patuit.
1900 2547 1937 2575 1.
1966 2534 2190 2592 Scriptionis

279 2605 424 2652 tempus
453 2593 495 2634 in
525 2604 675 2635 aetatem
704 2595 843 2641 Leonis
871 2596 1055 2646 incidere,
1085 2609 1198 2648 quam
1228 2590 1297 2632 ille
1319 2590 1479 2647 scribere
1508 2589 1699 2649 aggressus
1727 2590 1824 2650 cffit
1852 2607 1935 2635 cum
1957 2593 2192 2643 jamdudum

273 2653 477 2710 ferverent
505 2651 661 2709 diffi'dia
688 2651 866 2706 adversus
895 2652 1217 2710 Augustinianam
1245 2650 1452 2693 doclrinam
1481 2664 1607 2693 mota..
1641 2665 1680 2693 2.
1711 2652 1886 2695 AuHoris
1908 2652 2077 2710 patriam
2097 2655 2192 2694 Leo·

279 2728 367 2755 nem
396 2727 575 2770 arguere3
606 2706 932 2766 necaeAfricanum
961 2712 1037 2754 dici
1061 2710 1191 2770 paffe,
1220 2726 1304 2752 cum
1332 2711 1379 2753 de
1409 2711 1624 2768 Augustino
1655 2726 1704 2752 ne
1721 2710 1880 2753 verbum
1907 2711 2059 2766 quidem
2069 2709 2192 2754 ullum

280 2771 440 2827 babeat;
471 2786 537 2812 nec
568 2768 729 2812 Gallum
751 2768 873 2825 facile
896 2770 1049 2828 probari
1074 2769 1206 2828 poffe,
1234 2785 1317 2811 cum
1345 2787 1369 2810 a
1400 2770 1597 2812 Gennadio
1627 2767 1697 2811 vel
1725 2770 1915 2828 ignoratus
1936 2772 1997 2828 sit
2025 2768 2094 2812 vel
2096 2783 2193 2830 pree-

280 2831 494 2888 termiffus.
526 2827 671 2872 Italum
700 2845 785 2887 ergo
810 2830 1055 2888 pronuntiari
1082 2828 1213 2871 debere
1242 2845 1289 2870 ex
1308 2827 1397 2884 stili
1425 2827 1617 2887 elegantia
1646 2829 1696 2871 Θ·
1726 2831 1873 2883 nitore,
1901 2829 1951 2873 (¹5
1978 2827 2059 2872 loco.
2080 2843 2191 2889 pecu-

281 2887 373 2933 liari
401 2890 531 2948 capitis
566 2904 635 2946 33.
664 2886 755 2935 libri
776 2889 961 2945 secundi,
986 2888 1049 2930 ubi
1078 2888 1155 2931 baec
1183 2889 1391 2932 habentur:
1422 2890 1508 2931 Alii
1539 2889 1698 2932 barbari
1728 2889 1823 2931 dum
1854 2891 2053 2933 Romanis
2082 2891 2193 2934 auxi-

282 2952 456 3002 liantur,
486 2948 591 3006 quod
621 2950 665 2991 in
698 2948 773 2990 suis
804 2949 900 2992 locis
931 2948 1036 2991 noffe
1067 2963 1149 2991 non
1181 2961 1395 3007 poterant,
1423 2950 1466 2990 in
1496 2948 1634 2991 nostris
1663 2947 1835 2991 didicere
1866 2950 2119 3006 regionibus,
2152 2951 2193 2992 8<

287 3009 338 3053 ad
377 3009 485 3052 sedes
515 3008 611 3059 suas¹
629 3023 720 3051 cum
753 3008 991 3051 Christianae
1021 3009 1226 3065 religionis
1256 3007 1504 3051 institutione
1525 3021 1777 3051 remeanmt:
1807 3008 2192 3064 quae.verbaRomam

286 3069 406 3127 ipsam
435 3069 591 3118 aub'loris
615 3069 785 3128 patriam
807 3067 930 3125 fuiffit
958 3081 1146 3126 arguunt.
1176 3069 1250 3110 His
1279 3068 1409 3121 addit,
1445 3065 1556 3110 libros
1585 3069 1669 3123 istos
1698 3084 1902 3123 numquam
1931 3070 1973 3110 in
2001 3067 2192 3124 Africana

286 3126 462 3185 Ecclesia
490 3128 623 3176 citatos
651 3125 752 3186 legi,
781 3129 822 3169 in
854 3125 1059 3169 Gallicana
1087 3144 1179 3169 vero
1210 3128 1362 3184 nonnisi
1390 3129 1522 3170 octavo
1554 3129 1590 3168 C
1594 3127 1703 3183 bristi
1725 3125 1860 3182 saeculo
1880 3157 1894 3180 ,
1931 3143 2013 3170 cum
2051 3127 2193 3169 mentio

285 3186 461 3247 expreffa
489 3188 535 3229 de
564 3188 621 3229 bis
649 3187 828 3230 habeatur
856 3204 880 3229 a
910 3185 1065 3244 Gelasio
1095 3190 1204 3245 Papa
1233 3200 1424 3244 tamquam
1453 3188 1500 3230 de
1529 3199 1639 3246 opere
1665 3189 1802 3229 Romae
1820 3200 1907 3229 noto
1936 3187 1986 3230 O*
2014 3187 2190 3246 approba-

286 3260 326 3290 to
340 3277 351 3288 .
388 3262 425 3302 3.-
452 3247 628 3305 ‘Scriptor
656 3243 725 3288 ille
754 3248 795 3289 in
823 3248 974 3289 citanda
1004 3248 1201 3305 Scriptura
1229 3248 1408 3288 convenit
1436 3263 1518 3288 cum
1548 3250 1591 3289 S.
1622 3249 1750 3290 Leone
1770 3278 1780 3289 .
1823 3250 1992 3303 Uterque
2021 3250 2064 3287 S.
2095 3248 2189 3288 Hie-

286 3306 437 3362 ronymi
446 3304 732 3359 translationem
744 3306 918 3360 adhibet,
947 3306 1074 3348 eadem
1085 3321 1240 3362 uterque
1248 3304 1351 3359 loca,
1380 3306 1542 3348 &modo
1545 3306 1624 3364 sibi
1626 3305 1812 3364 peculiari
1822 3306 1995 3365 usurpat.
2026 3321 2066 3358 4.
2079 3307 2188 3361 Istius

286 3382 308 3407 o
336 3365 407 3407 eris
416 3365 584 3407 doflrina
593 3367 688 3408 circa
700 3367 736 3407 C
740 3366 849 3422 bristi
854 3367 1018 3424 gratiam
1028 3366 1156 3408 eadem
1191 3366 1309 3422 rorsus
1318 3366 1371 3420 est
1399 3381 1482 3406 cum
1493 3365 1661 3406 doctrina
1663 3366 1790 3420 fitncti
1800 3367 1957 3408 Leonis:
1985 3366 2195 3420 cumquein

285 3377 356 3468 illo
386 3422 565 3477 nonnulli
565 3426 654 3482 fint
682 3439 762 3467 tam
792 3423 1014 3485 explicandi
1031 3442 1143 3482 quam
1153 3378 1334 3482 llbquendi-
1349 3427 1390 3467 in
1400 3425 1469 3466 bac
1479 3426 1638 3467 materia
1646 3425 1766 3478 modi,
1796 3425 1933 3481 quibus,
1943 3425 2096 3466 videtur
2110 3426 2188 3483 pri-

284 3501 345 3527 mo
375 3484 520 3526 intuitu
548 3483 594 3525 ab
616 3485 1016 3543 Augustinifi’ntentia
1025 3486 1190 3528 recedere
1201 3502 1222 3539 ,·
1252 3486 1363 3528 iidem
1375 3500 1520 3540 quoque
1528 3484 1670 3542 paffim
1679 3484 1780 3543 apud
1788 3486 1952 3525 Leonem
1972 3497 2189 3527 occurrunt.

285 3546 336 3587 In
346 3543 478 3600 quibus
499 3543 711 3601 praesertim
739 3545 792 3599 est
821 3546 922 3601 quod
930 3545 977 3587 de
1002 3543 1175 3603 generali
1185 3546 1346 3601 quadam
1352 3545 1477 3602 gratia
1487 3541 1589 3587 nulli
1599 3545 1725 3596 atati,
1755 3539 2007 3585 nullibomini
2017 3560 2089 3584 non
2121 3544 2190 3584 im-

280 3603 398 3663 pensa
419 3603 554 3661 saepius
570 3601 747 3660 differit,
773 3619 887 3659 quam
917 3605 1070 3660 quidem
1073 3607 1186 3664 ponit
1196 3607 1236 3646 in
1246 3603 1513 3646 elementorum
1522 3602 1678 3658 discordi
1688 3615 1889 3656 concentu,
1916 3604 1957 3644 in
1966 3615 2073 3644 terret
2092 3599 2189 3646 caeli-

285 3679 382 3719 que,
411 3664 722 3706 &creaturarum
733 3664 898 3706 omnium
898 3664 1113 3718 structura,
1140 3666 1267 3706 ordine
1286 3679 1328 3704 ac
1337 3661 1463 3704 veluti
1473 3659 1648 3718 loquela,
1668 3677 1757 3718 ,quae
1767 3663 1939 3704 creatoris
1958 3664 2187 3721 omnipoten-

286 3724 395 3778 tiam,
403 3722 632 3775 bonitatem,
641 3721 1385 3784 sapientiam,ineffabiliterpraedicant:
1415 3735 1570 3780 uterque
1579 3720 1764 3764 elementa
1773 3723 1845 3778 ista
1848 3723 2065 3782 paginas&
2079 3720 2187 3764 volu-

404 3785 447 3824 S.
482 3781 675 3840 Prosperi.
1008 3782 1012 3787 ’
1613 3784 1718 3840 Ppp
1783 3796 1804 3823 2
2029 3782 2131 3824 mina
