<?xml version="1.0" encoding="UTF-8"?>
<!DOCTYPE html PUBLIC "-//W3C//DTD XHTML 1.0 Transitional//EN"
    "http://www.w3.org/TR/xhtml1/DTD/xhtml1-transitional.dtd">
<html xmlns="http://www.w3.org/1999/xhtml" xml:lang="en" lang="en">
 <head>
  <title>
</title>
<meta http-equiv="Content-Type" content="text/html;charset=utf-8" />
  <meta name='ocr-system' content='tesseract 3.04.00' />
  <meta name='ocr-capabilities' content='ocr_page ocr_carea ocr_par ocr_line ocrx_word'/>
</head>
<body>
  <div class='ocr_page' id='page_1' title='image "./sanctiprosperiaq00prosuoft_0227.png"; bbox 0 0 2652 4126; ppageno 0'>
   <div class='ocr_carea' id='block_1_1' title="bbox 431 174 1835 254">
    <p class='ocr_par' dir='ltr' id='par_1_1' title="bbox 431 174 1835 254">
     <span class='ocr_line' id='line_1_1' title="bbox 431 174 1835 254; baseline -0.006 -18"><span class='ocrx_word' id='word_1_1' title='bbox 431 205 436 224; x_wconf 70' lang='grc' dir='ltr'><strong><em>ι</em></strong></span> <span class='ocrx_word' id='word_1_2' title='bbox 597 177 838 237; x_wconf 81' lang='lat' dir='ltr'><strong>LIBER</strong></span> <span class='ocrx_word' id='word_1_3' title='bbox 898 187 1209 254; x_wconf 68' lang='lat' dir='ltr'>CONTRA</span> <span class='ocrx_word' id='word_1_4' title='bbox 1272 174 1835 233; x_wconf 75' lang='lat' dir='ltr'>COLLA-ToREM.</span> 
     </span>
    </p>
   </div>
   <div class='ocr_carea' id='block_1_2' title="bbox 141 270 1178 1446">
    <p class='ocr_par' dir='ltr' id='par_1_2' title="bbox 141 270 1178 1446">
     <span class='ocr_line' id='line_1_2' title="bbox 251 270 1178 316; baseline -0.001 -4"><span class='ocrx_word' id='word_1_5' title='bbox 251 270 300 314; x_wconf 88' lang='lat' dir='ltr'>de</span> <span class='ocrx_word' id='word_1_6' title='bbox 333 271 480 315; x_wconf 87' lang='lat' dir='ltr'>sursum</span> <span class='ocrx_word' id='word_1_7' title='bbox 511 286 677 316; x_wconf 89' lang='lat' dir='ltr'>munera</span> <span class='ocrx_word' id='word_1_8' title='bbox 707 272 952 316; x_wconf 88' lang='lat' dir='ltr'>debeantur.</span> <span class='ocrx_word' id='word_1_9' title='bbox 985 271 1085 314; x_wconf 88' lang='lat' dir='ltr'>Vult</span> <span class='ocrx_word' id='word_1_10' title='bbox 1107 282 1178 312; x_wconf 87' lang='lat' dir='ltr'>nos</span> 
     </span>
     <span class='ocr_line' id='line_1_3' title="bbox 248 331 1178 390; baseline 0 -18"><span class='ocrx_word' id='word_1_11' title='bbox 248 332 422 388; x_wconf 87' lang='lat' dir='ltr'>gratiam</span> <span class='ocrx_word' id='word_1_12' title='bbox 456 333 539 376; x_wconf 90' lang='lat' dir='ltr'>Dei</span> <span class='ocrx_word' id='word_1_13' title='bbox 569 344 650 375; x_wconf 91' lang='lat' dir='ltr'>non</span> <span class='ocrx_word' id='word_1_14' title='bbox 691 331 740 374; x_wconf 90' lang='lat' dir='ltr'>ad</span> <span class='ocrx_word' id='word_1_15' title='bbox 773 332 941 390; x_wconf 80' lang='lat' dir='ltr'>singulos</span> <span class='ocrx_word' id='word_1_16' title='bbox 975 331 1087 373; x_wconf 64' lang='lat' dir='ltr'>aestus</span> <span class='ocrx_word' id='word_1_17' title='bbox 1117 342 1178 372; x_wconf 83' lang='lat' dir='ltr'>ac·</span> 
     </span>
     <span class='ocr_line' id='line_1_4' title="bbox 248 390 1173 450; baseline -0.001 -19"><span class='ocrx_word' id='word_1_18' title='bbox 248 390 405 447; x_wconf 87' lang='lat' dir='ltr'>cipere:</span> <span class='ocrx_word' id='word_1_19' title='bbox 437 406 483 434; x_wconf 92' lang='lat' dir='ltr'>ac</span> <span class='ocrx_word' id='word_1_20' title='bbox 514 405 529 424; x_wconf 80' lang='lat'>⁸</span> <span class='ocrx_word' id='word_1_21' title='bbox 559 390 727 450; x_wconf 86' lang='lat' dir='ltr'>proinde</span> <span class='ocrx_word' id='word_1_22' title='bbox 758 405 838 434; x_wconf 90' lang='lat' dir='ltr'>non</span> <span class='ocrx_word' id='word_1_23' title='bbox 870 391 1173 449; x_wconf 87' lang='lat' dir='ltr'>proomniope-</span> 
     </span>
     <span class='ocr_line' id='line_1_5' title="bbox 246 446 1172 509; baseline 0 -18"><span class='ocrx_word' id='word_1_24' title='bbox 246 463 290 492; x_wconf 89' lang='lat' dir='ltr'>re</span> <span class='ocrx_word' id='word_1_25' title='bbox 322 451 429 493; x_wconf 89' lang='lat' dir='ltr'>bono</span> <span class='ocrx_word' id='word_1_26' title='bbox 459 451 615 509; x_wconf 86' lang='lat' dir='ltr'>semper</span> <span class='ocrx_word' id='word_1_27' title='bbox 643 463 778 493; x_wconf 86' lang='lat' dir='ltr'>orare.</span> <span class='ocrx_word' id='word_1_28' title='bbox 809 446 826 474; x_wconf 46' lang='grc' dir='ltr'><strong>Β</strong></span> <span class='ocrx_word' id='word_1_29' title='bbox 857 454 992 508; x_wconf 89' lang='lat' dir='ltr'>Atque</span> <span class='ocrx_word' id='word_1_30' title='bbox 1012 450 1172 492; x_wconf 87' lang='lat' dir='ltr'>itacon-</span> 
     </span>
     <span class='ocr_line' id='line_1_6' title="bbox 245 508 1173 567; baseline -0.002 -16"><span class='ocrx_word' id='word_1_31' title='bbox 245 508 412 567; x_wconf 86' lang='lat' dir='ltr'>sequens</span> <span class='ocrx_word' id='word_1_32' title='bbox 451 511 528 554; x_wconf 87' lang='lat' dir='ltr'>erit</span> <span class='ocrx_word' id='word_1_33' title='bbox 556 522 601 552; x_wconf 93' lang='lat' dir='ltr'>ut</span> <span class='ocrx_word' id='word_1_34' title='bbox 631 510 673 552; x_wconf 93' lang='lat' dir='ltr'>in</span> <span class='ocrx_word' id='word_1_35' title='bbox 706 511 790 553; x_wconf 90' lang='lat' dir='ltr'>Dei</span> <span class='ocrx_word' id='word_1_36' title='bbox 820 509 1051 552; x_wconf 86' lang='lat' dir='ltr'>muneribus</span> <span class='ocrx_word' id='word_1_37' title='bbox 1089 508 1173 550; x_wconf 89' lang='lat' dir='ltr'>nul-</span> 
     </span>
     <span class='ocr_line' id='line_1_7' title="bbox 243 568 1172 626; baseline -0.003 -14"><span class='ocrx_word' id='word_1_38' title='bbox 243 569 330 612; x_wconf 89' lang='lat' dir='ltr'>lum</span> <span class='ocrx_word' id='word_1_39' title='bbox 360 570 551 612; x_wconf 88' lang='lat' dir='ltr'>meritum</span> <span class='ocrx_word' id='word_1_40' title='bbox 580 568 655 612; x_wconf 80' lang='lat' dir='ltr'>ess&#39;e</span> <span class='ocrx_word' id='word_1_41' title='bbox 686 568 928 612; x_wconf 86' lang='lat' dir='ltr'>credendum</span> <span class='ocrx_word' id='word_1_42' title='bbox 947 568 994 610; x_wconf 86' lang='lat' dir='ltr'>fit</span> <span class='ocrx_word' id='word_1_43' title='bbox 1004 584 1018 625; x_wconf 82' lang='lat'>3</span> <span class='ocrx_word' id='word_1_44' title='bbox 1049 581 1172 626; x_wconf 88' lang='lat' dir='ltr'>quan-</span> 
     </span>
     <span class='ocr_line' id='line_1_8' title="bbox 242 627 1166 687; baseline 0 -17"><span class='ocrx_word' id='word_1_45' title='bbox 242 627 294 670; x_wconf 93' lang='lat' dir='ltr'>do</span> <span class='ocrx_word' id='word_1_46' title='bbox 323 629 486 686; x_wconf 85' lang='lat' dir='ltr'>quidem</span> <span class='ocrx_word' id='word_1_47' title='bbox 511 628 597 671; x_wconf 82' lang='lat' dir='ltr'>-sine</span> <span class='ocrx_word' id='word_1_48' title='bbox 627 629 772 671; x_wconf 89' lang='lat' dir='ltr'>merito</span> <span class='ocrx_word' id='word_1_49' title='bbox 803 628 872 682; x_wconf 84' lang='lat' dir='ltr'>fit,</span> <span class='ocrx_word' id='word_1_50' title='bbox 901 642 1022 687; x_wconf 90' lang='lat' dir='ltr'>quem</span> <span class='ocrx_word' id='word_1_51' title='bbox 1055 630 1166 670; x_wconf 91' lang='lat' dir='ltr'>Deus</span> 
     </span>
     <span class='ocr_line' id='line_1_9' title="bbox 240 687 1163 746; baseline -0.001 -17"><span class='ocrx_word' id='word_1_52' title='bbox 240 687 400 746; x_wconf 84' lang='lat' dir='ltr'>semper</span> <span class='ocrx_word' id='word_1_53' title='bbox 438 689 482 731; x_wconf 90' lang='lat' dir='ltr'>in</span> <span class='ocrx_word' id='word_1_54' title='bbox 521 687 705 730; x_wconf 87' lang='lat' dir='ltr'>omnibus</span> <span class='ocrx_word' id='word_1_55' title='bbox 745 687 942 744; x_wconf 88' lang='lat' dir='ltr'>adjuverit</span> <span class='ocrx_word' id='word_1_56' title='bbox 972 703 981 730; x_wconf 89' lang='lat'><strong>:</strong></span> <span class='ocrx_word' id='word_1_57' title='bbox 1028 700 1096 729; x_wconf 92' lang='lat' dir='ltr'>aut</span> <span class='ocrx_word' id='word_1_58' title='bbox 1138 687 1163 728; x_wconf 76' lang='lat' dir='ltr'>si</span> 
     </span>
     <span class='ocr_line' id='line_1_10' title="bbox 239 747 1168 804; baseline -0.001 -16"><span class='ocrx_word' id='word_1_59' title='bbox 239 747 368 789; x_wconf 88' lang='lat' dir='ltr'>etiam</span> <span class='ocrx_word' id='word_1_60' title='bbox 392 749 441 790; x_wconf 89' lang='lat' dir='ltr'>-in</span> <span class='ocrx_word' id='word_1_61' title='bbox 473 747 535 789; x_wconf 86' lang='lat' dir='ltr'>his</span> <span class='ocrx_word' id='word_1_62' title='bbox 566 762 650 804; x_wconf 84' lang='lat' dir='ltr'>quae</span> <span class='ocrx_word' id='word_1_63' title='bbox 682 749 794 790; x_wconf 90' lang='lat' dir='ltr'>Deus</span> <span class='ocrx_word' id='word_1_64' title='bbox 826 748 965 789; x_wconf 82' lang='lat' dir='ltr'>tribuit</span> <span class='ocrx_word' id='word_1_65' title='bbox 984 777 997 799; x_wconf 94' lang='lat'>,</span> <span class='ocrx_word' id='word_1_66' title='bbox 1036 747 1168 803; x_wconf 84' lang='lat' dir='ltr'>aliqua</span> 
     </span>
     <span class='ocr_line' id='line_1_11' title="bbox 240 805 1168 863; baseline 0 -16"><span class='ocrx_word' id='word_1_67' title='bbox 240 807 387 849; x_wconf 86' lang='lat' dir='ltr'>merita</span> <span class='ocrx_word' id='word_1_68' title='bbox 416 807 692 859; x_wconf 84' lang='lat' dir='ltr'>collocantur,</span> <span class='ocrx_word' id='word_1_69' title='bbox 729 805 880 849; x_wconf 88' lang='lat' dir='ltr'>constet</span> <span class='ocrx_word' id='word_1_70' title='bbox 919 807 1043 848; x_wconf 88' lang='lat' dir='ltr'>etiam</span> <span class='ocrx_word' id='word_1_71' title='bbox 1085 805 1168 863; x_wconf 91' lang='lat' dir='ltr'>ipsa</span> 
     </span>
     <span class='ocr_line' id='line_1_12' title="bbox 241 864 1168 926; baseline 0 -19"><span class='ocrx_word' id='word_1_72' title='bbox 241 866 406 924; x_wconf 84' lang='lat' dir='ltr'>propria</span> <span class='ocrx_word' id='word_1_73' title='bbox 435 866 591 926; x_wconf 87' lang='lat' dir='ltr'>adquiri</span> <span class='ocrx_word' id='word_1_74' title='bbox 621 882 635 900; x_wconf 75' lang='lat' dir='ltr'>e</span> <span class='ocrx_word' id='word_1_75' title='bbox 664 866 854 909; x_wconf 84' lang='lat' dir='ltr'>facultate</span> <span class='ocrx_word' id='word_1_76' title='bbox 885 864 1053 923; x_wconf 83' lang='lat' dir='ltr'>potuiffe</span> <span class='ocrx_word' id='word_1_77' title='bbox 1077 881 1089 921; x_wconf 85' lang='lat'>;</span> <span class='ocrx_word' id='word_1_78' title='bbox 1130 867 1168 907; x_wconf 82' lang='lat'>8&lt;</span> 
     </span>
     <span class='ocr_line' id='line_1_13' title="bbox 141 923 1169 984; baseline -0.001 -17"><span class='ocrx_word' id='word_1_79' title='bbox 141 931 163 963; x_wconf 85' lang='lat' dir='ltr'>d</span> <span class='ocrx_word' id='word_1_80' title='bbox 240 923 330 968; x_wconf 90' lang='lat' dir='ltr'>ideo</span> <span class='ocrx_word' id='word_1_81' title='bbox 359 926 403 968; x_wconf 89' lang='lat' dir='ltr'>in</span> <span class='ocrx_word' id='word_1_82' title='bbox 434 926 627 984; x_wconf 82' lang='lat' dir='ltr'>aliquibus</span> <span class='ocrx_word' id='word_1_83' title='bbox 655 923 675 960; x_wconf 61' lang='lat'>¹¹</span> <span class='ocrx_word' id='word_1_84' title='bbox 704 938 889 983; x_wconf 88' lang='lat' dir='ltr'>oporteat</span> <span class='ocrx_word' id='word_1_85' title='bbox 910 939 981 968; x_wconf 83' lang='lat' dir='ltr'>nos</span> <span class='ocrx_word' id='word_1_86' title='bbox 1009 923 1169 981; x_wconf 84' lang='lat' dir='ltr'>adjuva-</span> 
     </span>
     <span class='ocr_line' id='line_1_14' title="bbox 238 984 1162 1044; baseline -0.001 -18"><span class='ocrx_word' id='word_1_87' title='bbox 238 986 298 1038; x_wconf 87' lang='lat' dir='ltr'>ri,</span> <span class='ocrx_word' id='word_1_88' title='bbox 327 998 372 1028; x_wconf 87' lang='lat' dir='ltr'>ut</span> <span class='ocrx_word' id='word_1_89' title='bbox 400 986 615 1044; x_wconf 80' lang='lat' dir='ltr'>poffibilius</span> <span class='ocrx_word' id='word_1_90' title='bbox 646 984 716 1033; x_wconf 85' lang='lat' dir='ltr'>fiat</span> <span class='ocrx_word' id='word_1_91' title='bbox 747 1000 819 1043; x_wconf 83' lang='lat' dir='ltr'>per</span> <span class='ocrx_word' id='word_1_92' title='bbox 830 987 1029 1043; x_wconf 84' lang='lat' dir='ltr'>gratiam,</span> <span class='ocrx_word' id='word_1_93' title='bbox 1058 984 1162 1042; x_wconf 91' lang='lat' dir='ltr'>quod</span> 
     </span>
     <span class='ocr_line' id='line_1_15' title="bbox 237 1045 1162 1104; baseline 0 -18"><span class='ocrx_word' id='word_1_94' title='bbox 237 1058 323 1087; x_wconf 87' lang='lat' dir='ltr'>non</span> <span class='ocrx_word' id='word_1_95' title='bbox 354 1058 439 1088; x_wconf 89' lang='lat' dir='ltr'>erat</span> <span class='ocrx_word' id='word_1_96' title='bbox 469 1045 708 1103; x_wconf 84' lang='lat' dir='ltr'>impossibile</span> <span class='ocrx_word' id='word_1_97' title='bbox 739 1059 812 1104; x_wconf 88' lang='lat' dir='ltr'>per</span> <span class='ocrx_word' id='word_1_98' title='bbox 843 1057 1052 1087; x_wconf 85' lang='lat' dir='ltr'>naturam.</span> <span class='ocrx_word' id='word_1_99' title='bbox 1088 1045 1162 1086; x_wconf 91' lang='lat' dir='ltr'>Ec-</span> 
     </span>
     <span class='ocr_line' id='line_1_16' title="bbox 238 1103 1168 1163; baseline -0.001 -18"><span class='ocrx_word' id='word_1_100' title='bbox 238 1118 284 1146; x_wconf 87' lang='lat' dir='ltr'>ce</span> <span class='ocrx_word' id='word_1_101' title='bbox 315 1103 396 1160; x_wconf 84' lang='lat' dir='ltr'>jam</span> <span class='ocrx_word' id='word_1_102' title='bbox 427 1105 573 1147; x_wconf 55' lang='lat' dir='ltr'>in&#39;ista</span> <span class='ocrx_word' id='word_1_103' title='bbox 604 1116 821 1163; x_wconf 82' lang='lat' dir='ltr'>paucorum</span> <span class='ocrx_word' id='word_1_104' title='bbox 851 1105 1050 1147; x_wconf 88' lang='lat' dir='ltr'>brevitate</span> <span class='ocrx_word' id='word_1_105' title='bbox 1082 1117 1168 1145; x_wconf 88' lang='lat' dir='ltr'>ver·</span> 
     </span>
     <span class='ocr_line' id='line_1_17' title="bbox 238 1163 1168 1218; baseline -0.001 -13"><span class='ocrx_word' id='word_1_106' title='bbox 238 1163 405 1218; x_wconf 89' lang='lat' dir='ltr'>borum,</span> <span class='ocrx_word' id='word_1_107' title='bbox 434 1179 516 1207; x_wconf 92' lang='lat' dir='ltr'>non</span> <span class='ocrx_word' id='word_1_108' title='bbox 546 1163 714 1207; x_wconf 87' lang='lat' dir='ltr'>duarum</span> <span class='ocrx_word' id='word_1_109' title='bbox 745 1177 905 1208; x_wconf 84' lang='lat' dir='ltr'>tanturn</span> <span class='ocrx_word' id='word_1_110' title='bbox 926 1195 940 1218; x_wconf 93' lang='lat'>,</span> <span class='ocrx_word' id='word_1_111' title='bbox 970 1163 1033 1206; x_wconf 90' lang='lat' dir='ltr'>sed</span> <span class='ocrx_word' id='word_1_112' title='bbox 1066 1163 1168 1205; x_wconf 88' lang='lat' dir='ltr'>mul-</span> 
     </span>
     <span class='ocr_line' id='line_1_18' title="bbox 239 1224 1162 1268; baseline 0.001 -3"><span class='ocrx_word' id='word_1_113' title='bbox 239 1235 374 1266; x_wconf 87' lang='lat' dir='ltr'>tarum</span> <span class='ocrx_word' id='word_1_114' title='bbox 412 1224 468 1267; x_wconf 90' lang='lat' dir='ltr'>im</span> <span class='ocrx_word' id='word_1_115' title='bbox 501 1225 672 1267; x_wconf 89' lang='lat' dir='ltr'>ietatum</span> <span class='ocrx_word' id='word_1_116' title='bbox 700 1224 923 1268; x_wconf 81' lang='lat' dir='ltr'>numerosa</span> <span class='ocrx_word' id='word_1_117' title='bbox 962 1224 1162 1266; x_wconf 83' lang='lat' dir='ltr'>connexio</span> 
     </span>
     <span class='ocr_line' id='line_1_19' title="bbox 239 1281 1162 1342; baseline 0 -18"><span class='ocrx_word' id='word_1_118' title='bbox 239 1281 316 1325; x_wconf 89' lang='lat' dir='ltr'>est:</span> <span class='ocrx_word' id='word_1_119' title='bbox 346 1298 430 1340; x_wconf 83' lang='lat' dir='ltr'>quae</span> <span class='ocrx_word' id='word_1_120' title='bbox 520 1284 810 1342; x_wconf 77' lang='lat' dir='ltr'>scrupulosioris</span> <span class='ocrx_word' id='word_1_121' title='bbox 841 1284 1058 1342; x_wconf 69' lang='lat' dir='ltr'>diligentia:</span> <span class='ocrx_word' id='word_1_122' title='bbox 1089 1282 1162 1325; x_wconf 91' lang='lat' dir='ltr'>dis·</span> 
     </span>
     <span class='ocr_line' id='line_1_20' title="bbox 237 1342 1163 1396; baseline -0.001 -11"><span class='ocrx_word' id='word_1_123' title='bbox 237 1343 420 1385; x_wconf 85' lang='lat' dir='ltr'>cretione</span> <span class='ocrx_word' id='word_1_124' title='bbox 449 1343 641 1387; x_wconf 59' lang='lat' dir='ltr'>trasietur</span> <span class='ocrx_word' id='word_1_125' title='bbox 659 1372 673 1396; x_wconf 93' lang='lat'>,</span> <span class='ocrx_word' id='word_1_126' title='bbox 711 1344 755 1386; x_wconf 89' lang='lat' dir='ltr'>in</span> <span class='ocrx_word' id='word_1_127' title='bbox 787 1345 897 1386; x_wconf 89' lang='lat' dir='ltr'>nullo</span> <span class='ocrx_word' id='word_1_128' title='bbox 928 1357 951 1385; x_wconf 91' lang='lat' dir='ltr'>a</span> <span class='ocrx_word' id='word_1_129' title='bbox 980 1342 1163 1385; x_wconf 88' lang='lat' dir='ltr'>damnati</span> 
     </span>
     <span class='ocr_line' id='line_1_21' title="bbox 172 1402 1095 1446; baseline 0.001 -2"><span class='ocrx_word' id='word_1_130' title='bbox 172 1420 174 1422; x_wconf 95' lang='lat'>·</span> <span class='ocrx_word' id='word_1_131' title='bbox 236 1403 380 1445; x_wconf 85' lang='lat' dir='ltr'>erroris</span> <span class='ocrx_word' id='word_1_132' title='bbox 409 1414 554 1446; x_wconf 85' lang='lat' dir='ltr'>catena</span> <span class='ocrx_word' id='word_1_133' title='bbox 583 1402 761 1446; x_wconf 87' lang='lat' dir='ltr'>absoluta</span> <span class='ocrx_word' id='word_1_134' title='bbox 791 1402 1095 1446; x_wconf 84' lang='lat' dir='ltr'>monstrabitur.</span> 
     </span>
    </p>
   </div>
   <div class='ocr_carea' id='block_1_3' title="bbox 150 427 170 489">
    <p class='ocr_par' dir='ltr' id='par_1_3' title="bbox 150 427 170 489">
     <span class='ocr_line' id='line_1_22' title="bbox 150 427 170 489; textangle 90"><span class='ocrx_word' id='word_1_135' title='bbox 150 427 170 489; x_wconf 67' lang='lat'>0¹-</span> 
     </span>
    </p>
   </div>
   <div class='ocr_carea' id='block_1_4' title="bbox 446 1553 959 1590">
    <p class='ocr_par' dir='ltr' id='par_1_4' title="bbox 446 1553 959 1590">
     <span class='ocr_line' id='line_1_23' title="bbox 446 1553 959 1590; baseline -0.002 -1"><span class='ocrx_word' id='word_1_136' title='bbox 446 1553 808 1590; x_wconf 79' lang='lat' dir='ltr'>CAPUT</span> <span class='ocrx_word' id='word_1_137' title='bbox 883 1554 959 1589; x_wconf 91' lang='lat' dir='ltr'>XII.</span> 
     </span>
    </p>
   </div>
   <div class='ocr_carea' id='block_1_5' title="bbox 0 1633 1163 2139">
    <p class='ocr_par' dir='ltr' id='par_1_5' title="bbox 0 1633 1163 2139">
     <span class='ocr_line' id='line_1_24' title="bbox 0 1633 1162 1681; baseline -0.004 -7"><span class='ocrx_word' id='word_1_138' title='bbox 0 1645 10 1674; x_wconf 40' lang='grc' dir='ltr'>ἔ*</span> <span class='ocrx_word' id='word_1_139' title='bbox 240 1634 483 1678; x_wconf 78' lang='lat' dir='ltr'>Demonstratur</span> <span class='ocrx_word' id='word_1_140' title='bbox 521 1634 654 1670; x_wconf 88' lang='lat' dir='ltr'>uberius</span> <span class='ocrx_word' id='word_1_141' title='bbox 672 1634 868 1680; x_wconf 28' lang='lat' dir='ltr'>*fintentiam</span> <span class='ocrx_word' id='word_1_142' title='bbox 905 1633 1048 1679; x_wconf 82' lang='lat' dir='ltr'>Caffiani</span> <span class='ocrx_word' id='word_1_143' title='bbox 1071 1633 1126 1681; x_wconf 81' lang='lat' dir='ltr'>effe</span> <span class='ocrx_word' id='word_1_144' title='bbox 1150 1658 1162 1678; x_wconf 88' lang='lat'>,</span> 
     </span>
     <span class='ocr_line' id='line_1_25' title="bbox 112 1684 1160 1735; baseline -0.003 -13"><span class='ocrx_word' id='word_1_145' title='bbox 112 1694 114 1696; x_wconf 79' lang='grc'>’</span> <span class='ocrx_word' id='word_1_146' title='bbox 286 1685 493 1734; x_wconf 80' lang='lat' dir='ltr'>cogitationes</span> <span class='ocrx_word' id='word_1_147' title='bbox 518 1685 592 1735; x_wconf 82' lang='lat' dir='ltr'>pias</span> <span class='ocrx_word' id='word_1_148' title='bbox 611 1686 653 1720; x_wconf 72' lang='grc' dir='ltr'>Θ·</span> <span class='ocrx_word' id='word_1_149' title='bbox 665 1684 780 1731; x_wconf 68' lang='grc' dir='ltr'><em>[αηὲὶα</em></span> <span class='ocrx_word' id='word_1_150' title='bbox 807 1684 939 1732; x_wconf 66' lang='lat' dir='ltr'>consilia</span> <span class='ocrx_word' id='word_1_151' title='bbox 968 1686 1088 1732; x_wconf 78' lang='lat' dir='ltr'>absque</span> <span class='ocrx_word' id='word_1_152' title='bbox 1113 1684 1160 1719; x_wconf 82' lang='lat' dir='ltr'>in·</span> 
     </span>
     <span class='ocr_line' id='line_1_26' title="bbox 279 1734 1159 1786; baseline -0.002 -16"><span class='ocrx_word' id='word_1_153' title='bbox 279 1735 461 1786; x_wconf 69' lang='lat' dir='ltr'>spiratione</span> <span class='ocrx_word' id='word_1_154' title='bbox 480 1735 547 1770; x_wconf 83' lang='lat' dir='ltr'>Dei</span> <span class='ocrx_word' id='word_1_155' title='bbox 564 1744 734 1783; x_wconf 77' lang='lat' dir='ltr'>concepta,</span> <span class='ocrx_word' id='word_1_156' title='bbox 759 1734 800 1773; x_wconf 80' lang='lat' dir='ltr'>de</span> <span class='ocrx_word' id='word_1_157' title='bbox 816 1734 962 1772; x_wconf 80' lang='lat' dir='ltr'>naturali</span> <span class='ocrx_word' id='word_1_158' title='bbox 989 1735 1070 1782; x_wconf 75' lang='lat' dir='ltr'>poffe</span> <span class='ocrx_word' id='word_1_159' title='bbox 1086 1744 1159 1782; x_wconf 82' lang='lat' dir='ltr'>pro-</span> 
     </span>
     <span class='ocr_line' id='line_1_27' title="bbox 286 1784 1160 1838; baseline -0.003 -15"><span class='ocrx_word' id='word_1_160' title='bbox 286 1787 360 1823; x_wconf 79' lang='lat' dir='ltr'>dire</span> <span class='ocrx_word' id='word_1_161' title='bbox 371 1784 534 1838; x_wconf 74' lang='lat' dir='ltr'>sapientia</span> <span class='ocrx_word' id='word_1_162' title='bbox 546 1811 555 1820; x_wconf 87' lang='lat'><em>.</em></span> <span class='ocrx_word' id='word_1_163' title='bbox 582 1784 755 1831; x_wconf 68' lang='lat' dir='ltr'>Adversias</span> <span class='ocrx_word' id='word_1_164' title='bbox 771 1798 866 1833; x_wconf 83' lang='lat' dir='ltr'>quem</span> <span class='ocrx_word' id='word_1_165' title='bbox 877 1812 888 1829; x_wconf 88' lang='lat'>,</span> <span class='ocrx_word' id='word_1_166' title='bbox 914 1784 973 1829; x_wconf 81' lang='lat' dir='ltr'>loci</span> <span class='ocrx_word' id='word_1_167' title='bbox 981 1798 1040 1832; x_wconf 85' lang='lat' dir='ltr'>quo</span> <span class='ocrx_word' id='word_1_168' title='bbox 1052 1784 1160 1820; x_wconf 82' lang='lat' dir='ltr'>abute-</span> 
     </span>
     <span class='ocr_line' id='line_1_28' title="bbox 286 1833 1163 1882; baseline -0.006 -9"><span class='ocrx_word' id='word_1_169' title='bbox 286 1836 388 1872; x_wconf 78' lang='lat' dir='ltr'>batur</span> <span class='ocrx_word' id='word_1_170' title='bbox 395 1834 583 1882; x_wconf 72' lang='lat' dir='ltr'>expositione</span> <span class='ocrx_word' id='word_1_171' title='bbox 594 1861 605 1879; x_wconf 89' lang='lat'>,</span> <span class='ocrx_word' id='word_1_172' title='bbox 631 1835 675 1870; x_wconf 62' lang='lat' dir='ltr'>O!</span> <span class='ocrx_word' id='word_1_173' title='bbox 683 1835 822 1871; x_wconf 78' lang='lat' dir='ltr'>aliorum</span> <span class='ocrx_word' id='word_1_174' title='bbox 838 1834 1018 1881; x_wconf 55' lang='lat' dir='ltr'>adjectione</span> <span class='ocrx_word' id='word_1_175' title='bbox 1027 1833 1163 1878; x_wconf 76' lang='lat' dir='ltr'>ostendi.</span> 
     </span>
     <span class='ocr_line' id='line_1_29' title="bbox 285 1884 1163 1934; baseline -0.005 -11"><span class='ocrx_word' id='word_1_176' title='bbox 285 1896 364 1932; x_wconf 68' lang='lat' dir='ltr'>tur,</span> <span class='ocrx_word' id='word_1_177' title='bbox 387 1886 597 1934; x_wconf 72' lang='lat' dir='ltr'>cogitationes</span> <span class='ocrx_word' id='word_1_178' title='bbox 611 1885 688 1933; x_wconf 84' lang='lat' dir='ltr'>pias</span> <span class='ocrx_word' id='word_1_179' title='bbox 706 1896 744 1921; x_wconf 68' lang='lat' dir='ltr'>ex</span> <span class='ocrx_word' id='word_1_180' title='bbox 763 1886 864 1921; x_wconf 79' lang='lat' dir='ltr'>libero</span> <span class='ocrx_word' id='word_1_181' title='bbox 892 1884 1029 1921; x_wconf 78' lang='lat' dir='ltr'>arbitrio</span> <span class='ocrx_word' id='word_1_182' title='bbox 1047 1912 1060 1930; x_wconf 89' lang='lat'><strong>‚</strong></span> <span class='ocrx_word' id='word_1_183' title='bbox 1089 1884 1163 1927; x_wconf 77' lang='lat' dir='ltr'>fine</span> 
     </span>
     <span class='ocr_line' id='line_1_30' title="bbox 284 1934 1160 1983; baseline 0.001 -11"><span class='ocrx_word' id='word_1_184' title='bbox 284 1937 354 1973; x_wconf 86' lang='lat' dir='ltr'>Dei</span> <span class='ocrx_word' id='word_1_185' title='bbox 371 1935 578 1983; x_wconf 72' lang='lat' dir='ltr'>inspiratione</span> <span class='ocrx_word' id='word_1_186' title='bbox 597 1948 659 1972; x_wconf 72' lang='lat' dir='ltr'>nou</span> <span class='ocrx_word' id='word_1_187' title='bbox 675 1934 772 1972; x_wconf 80' lang='lat' dir='ltr'>oriri.</span> <span class='ocrx_word' id='word_1_188' title='bbox 797 1943 885 1978; x_wconf 77' lang='lat' dir='ltr'>Bona</span> <span class='ocrx_word' id='word_1_189' title='bbox 920 1936 1079 1973; x_wconf 76' lang='lat' dir='ltr'>voluntas</span> <span class='ocrx_word' id='word_1_190' title='bbox 1106 1935 1160 1973; x_wconf 89' lang='lat' dir='ltr'>ho-</span> 
     </span>
     <span class='ocr_line' id='line_1_31' title="bbox 285 1985 1158 2033; baseline 0.002 -13"><span class='ocrx_word' id='word_1_191' title='bbox 285 1986 381 2021; x_wconf 80' lang='lat' dir='ltr'>minis</span> <span class='ocrx_word' id='word_1_192' title='bbox 389 1985 527 2029; x_wconf 74' lang='lat' dir='ltr'>sic-ejus</span> <span class='ocrx_word' id='word_1_193' title='bbox 541 1987 680 2033; x_wconf 81' lang='lat' dir='ltr'>propria</span> <span class='ocrx_word' id='word_1_194' title='bbox 697 1986 760 2030; x_wconf 74' lang='lat' dir='ltr'>est,</span> <span class='ocrx_word' id='word_1_195' title='bbox 785 1996 822 2022; x_wconf 82' lang='lat' dir='ltr'>ut</span> <span class='ocrx_word' id='word_1_196' title='bbox 842 1999 903 2021; x_wconf 73' lang='lat' dir='ltr'>non</span> <span class='ocrx_word' id='word_1_197' title='bbox 919 1985 982 2028; x_wconf 70' lang='lat' dir='ltr'>nist</span> <span class='ocrx_word' id='word_1_198' title='bbox 1002 1987 1082 2029; x_wconf 79' lang='lat' dir='ltr'>¹Deo</span> <span class='ocrx_word' id='word_1_199' title='bbox 1111 1987 1158 2026; x_wconf 69' lang='lat' dir='ltr'>iu-</span> 
     </span>
     <span class='ocr_line' id='line_1_32' title="bbox 281 2034 1158 2091; baseline 0.002 -22"><span class='ocrx_word' id='word_1_200' title='bbox 281 2034 428 2081; x_wconf 73' lang='lat' dir='ltr'>spirante</span> <span class='ocrx_word' id='word_1_201' title='bbox 447 2034 662 2083; x_wconf 69' lang='lat' dir='ltr'>concipiatur.</span> <span class='ocrx_word' id='word_1_202' title='bbox 688 2035 862 2078; x_wconf 72' lang='lat' dir='ltr'>Conversio</span> <span class='ocrx_word' id='word_1_203' title='bbox 905 2049 1006 2091; x_wconf 78' lang='lat' dir='ltr'>uoque</span> <span class='ocrx_word' id='word_1_204' title='bbox 1023 2035 1158 2075; x_wconf 80' lang='lat' dir='ltr'>hominis</span> 
     </span>
     <span class='ocr_line' id='line_1_33' title="bbox 285 2050 1133 2139; baseline 0.004 -20"><span class='ocrx_word' id='word_1_205' title='bbox 285 2083 358 2121; x_wconf 76' lang='lat' dir='ltr'>licet</span> <span class='ocrx_word' id='word_1_206' title='bbox 377 2095 438 2120; x_wconf 78' lang='lat' dir='ltr'>non</span> <span class='ocrx_word' id='word_1_207' title='bbox 447 2082 521 2126; x_wconf 82' lang='lat' dir='ltr'>sine</span> <span class='ocrx_word' id='word_1_208' title='bbox 538 2084 603 2134; x_wconf 71' lang='lat' dir='ltr'>ipfi»</span> <span class='ocrx_word' id='word_1_209' title='bbox 615 2110 626 2129; x_wconf 96' lang='lat'>,</span> <span class='ocrx_word' id='word_1_210' title='bbox 652 2097 712 2120; x_wconf 77' lang='lat' dir='ltr'>non</span> <span class='ocrx_word' id='word_1_211' title='bbox 732 2094 840 2124; x_wconf 80' lang='lat' dir='ltr'>tamen</span> <span class='ocrx_word' id='word_1_212' title='bbox 857 2050 902 2122; x_wconf 67' lang='grc' dir='ltr'>ΔΞ</span> <span class='ocrx_word' id='word_1_213' title='bbox 919 2087 984 2139; x_wconf 55' lang='lat' dir='ltr'><em>&#39;&#39;Pl‘’</em></span> <span class='ocrx_word' id='word_1_214' title='bbox 1001 2085 1133 2139; x_wconf 81' lang='lat' dir='ltr'>incipit.</span> 
     </span>
    </p>
   </div>
   <div class='ocr_carea' id='block_1_6' title="bbox 0 2171 1169 3603">
    <p class='ocr_par' dir='ltr' id='par_1_6' title="bbox 0 2171 1168 2538">
     <span class='ocr_line' id='line_1_34' title="bbox 0 2171 1168 2261; baseline 0.006 -44"><span class='ocrx_word' id='word_1_215' title='bbox 0 2171 25 2261; x_wconf 47' lang='grc' dir='ltr'>ᾖ</span> <span class='ocrx_word' id='word_1_216' title='bbox 91 2197 109 2217; x_wconf 73' lang='grc' dir='ltr'>ι</span> <span class='ocrx_word' id='word_1_217' title='bbox 138 2199 216 2232; x_wconf 72' lang='lat' dir='ltr'>alias</span> <span class='ocrx_word' id='word_1_218' title='bbox 241 2178 266 2204; x_wconf 88' lang='lat'><strong>*</strong></span> <span class='ocrx_word' id='word_1_219' title='bbox 297 2199 299 2202; x_wconf 96' lang='lat'>·</span> <span class='ocrx_word' id='word_1_220' title='bbox 381 2175 444 2219; x_wconf 90' lang='lat' dir='ltr'>Ed</span> <span class='ocrx_word' id='word_1_221' title='bbox 475 2191 526 2221; x_wconf 87' lang='lat' dir='ltr'>ne</span> <span class='ocrx_word' id='word_1_222' title='bbox 557 2176 840 2237; x_wconf 86' lang='lat' dir='ltr'>suspicionibus</span> <span class='ocrx_word' id='word_1_223' title='bbox 879 2194 997 2238; x_wconf 88' lang='lat' dir='ltr'>agere</span> <span class='ocrx_word' id='word_1_224' title='bbox 1030 2180 1168 2224; x_wconf 79' lang='lat' dir='ltr'>videa-1</span> 
     </span>
     <span class='ocr_line' id='line_1_35' title="bbox 2 2239 1168 2317; baseline 0 -35"><span class='ocrx_word' id='word_1_225' title='bbox 2 2241 196 2317; x_wconf 44' lang='lat' dir='ltr'>{ew-‚²5-</span> <span class='ocrx_word' id='word_1_226' title='bbox 405 2251 497 2279; x_wconf 90' lang='lat' dir='ltr'>mur</span> <span class='ocrx_word' id='word_1_227' title='bbox 514 2267 529 2291; x_wconf 87' lang='lat'>,</span> <span class='ocrx_word' id='word_1_228' title='bbox 567 2239 607 2280; x_wconf 82' lang='grc' dir='ltr'>δε</span> <span class='ocrx_word' id='word_1_229' title='bbox 635 2239 807 2282; x_wconf 87' lang='lat' dir='ltr'>latebras</span> <span class='ocrx_word' id='word_1_230' title='bbox 837 2239 1018 2283; x_wconf 88' lang='lat' dir='ltr'>sensuum</span> <span class='ocrx_word' id='word_1_231' title='bbox 1058 2242 1168 2284; x_wconf 86' lang='lat' dir='ltr'>ultra·</span> 
     </span>
     <span class='ocr_line' id='line_1_36' title="bbox 233 2297 1164 2359; baseline 0.003 -20.213"><span class='ocrx_word' id='word_1_232' title='bbox 233 2297 359 2340; x_wconf 88' lang='lat' dir='ltr'>verba</span> <span class='ocrx_word' id='word_1_233' title='bbox 388 2298 527 2339; x_wconf 89' lang='lat' dir='ltr'>rimari</span> <span class='ocrx_word' id='word_1_234' title='bbox 545 2328 560 2350; x_wconf 94' lang='lat'>,</span> <span class='ocrx_word' id='word_1_235' title='bbox 597 2297 693 2356; x_wconf 88' lang='lat' dir='ltr'>quid</span> <span class='ocrx_word' id='word_1_236' title='bbox 723 2298 922 2343; x_wconf 89' lang='lat' dir='ltr'>adcrescat</span> <span class='ocrx_word' id='word_1_237' title='bbox 959 2301 1131 2359; x_wconf 90' lang='lat' dir='ltr'>cognitis</span> <span class='ocrx_word' id='word_1_238' title='bbox 1150 2330 1164 2354; x_wconf 89' lang='lat'>‚</span> 
     </span>
     <span class='ocr_line' id='line_1_37' title="bbox 5 2354 1164 2419; baseline 0.003 -21"><span class='ocrx_word' id='word_1_239' title='bbox 5 2358 8 2363; x_wconf 87' lang='grc'><strong>’</strong></span> <span class='ocrx_word' id='word_1_240' title='bbox 43 2384 45 2386; x_wconf 83' lang='lat'>·</span> <span class='ocrx_word' id='word_1_241' title='bbox 230 2354 519 2415; x_wconf 79' lang='lat' dir='ltr'>doceantquae</span> <span class='ocrx_word' id='word_1_242' title='bbox 549 2357 786 2416; x_wconf 83' lang='lat' dir='ltr'>sequuntur.</span> <span class='ocrx_word' id='word_1_243' title='bbox 821 2361 908 2419; x_wconf 80' lang='lat' dir='ltr'>Qui</span> <span class='ocrx_word' id='word_1_244' title='bbox 927 2374 1024 2418; x_wconf 88' lang='lat' dir='ltr'>ergo</span> <span class='ocrx_word' id='word_1_245' title='bbox 1055 2362 1164 2402; x_wconf 89' lang='lat' dir='ltr'>inter</span> 
     </span>
     <span class='ocr_line' id='line_1_38' title="bbox 233 2417 1165 2476; baseline 0.004 -20"><span class='ocrx_word' id='word_1_246' title='bbox 233 2417 438 2474; x_wconf 85' lang='lat' dir='ltr'>principia</span> <span class='ocrx_word' id='word_1_247' title='bbox 466 2417 748 2476; x_wconf 85' lang='lat' dir='ltr'>disputationis</span> <span class='ocrx_word' id='word_1_248' title='bbox 777 2418 852 2462; x_wconf 80' lang='lat' dir='ltr'>suae</span> <span class='ocrx_word' id='word_1_249' title='bbox 860 2419 1042 2473; x_wconf 83' lang='lat' dir='ltr'>dixerat,</span> <span class='ocrx_word' id='word_1_250' title='bbox 1071 2422 1165 2461; x_wconf 84' lang='lat' dir='ltr'>Non</span> 
     </span>
     <span class='ocr_line' id='line_1_39' title="bbox 16 2471 1166 2538; baseline 0.004 -26"><span class='ocrx_word' id='word_1_251' title='bbox 16 2480 18 2482; x_wconf 78' lang='grc'>’</span> <span class='ocrx_word' id='word_1_252' title='bbox 226 2471 530 2531; x_wconf 55' lang='grc' dir='ltr'>[οἱκηινιιᾶκωη</span> <span class='ocrx_word' id='word_1_253' title='bbox 546 2505 562 2530; x_wconf 86' lang='lat'>,</span> <span class='ocrx_word' id='word_1_254' title='bbox 591 2490 727 2519; x_wconf 80' lang='lat' dir='ltr'>verum</span> <span class='ocrx_word' id='word_1_255' title='bbox 754 2479 870 2519; x_wconf 87' lang='lat' dir='ltr'>etiam</span> <span class='ocrx_word' id='word_1_256' title='bbox 898 2480 1166 2538; x_wconf 74' lang='lat' dir='ltr'>cogitationum</span> 
     </span>
    </p>

    <p class='ocr_par' dir='ltr' id='par_1_7' title="bbox 235 2533 1169 2596">
     <span class='ocr_line' id='line_1_40' title="bbox 235 2533 1169 2596; baseline -0.002 -20"><span class='ocrx_word' id='word_1_257' title='bbox 235 2533 414 2576; x_wconf 78' lang='lat' dir='ltr'>bonarum</span> <span class='ocrx_word' id='word_1_258' title='bbox 441 2549 491 2575; x_wconf 72' lang='lat' dir='ltr'>ex</span> <span class='ocrx_word' id='word_1_259' title='bbox 519 2538 603 2577; x_wconf 85' lang='lat' dir='ltr'>Deo</span> <span class='ocrx_word' id='word_1_260' title='bbox 633 2535 711 2592; x_wconf 78' lang='lat' dir='ltr'>effi.-</span> <span class='ocrx_word' id='word_1_261' title='bbox 735 2537 966 2596; x_wconf 84' lang='lat' dir='ltr'>principium</span> <span class='ocrx_word' id='word_1_262' title='bbox 975 2553 997 2589; x_wconf 88' lang='lat'><em>;</em></span> <span class='ocrx_word' id='word_1_263' title='bbox 1027 2538 1094 2591; x_wconf 86' lang='lat' dir='ltr'>qui</span> <span class='ocrx_word' id='word_1_264' title='bbox 1104 2550 1169 2574; x_wconf 86' lang='lat' dir='ltr'>no-</span> 
     </span>
    </p>

    <p class='ocr_par' dir='ltr' id='par_1_8' title="bbox 236 2592 1168 2652">
     <span class='ocr_line' id='line_1_41' title="bbox 236 2592 1168 2652; baseline -0.002 -18"><span class='ocrx_word' id='word_1_265' title='bbox 236 2592 293 2634; x_wconf 77' lang='lat' dir='ltr'>bis</span> <span class='ocrx_word' id='word_1_266' title='bbox 330 2593 380 2636; x_wconf 58' lang='grc' dir='ltr'><em>Θ</em></span> <span class='ocrx_word' id='word_1_267' title='bbox 418 2592 532 2634; x_wconf 72' lang='lat' dir='ltr'>initia</span> <span class='ocrx_word' id='word_1_268' title='bbox 551 2594 695 2650; x_wconf 59' lang='lat' dir='ltr'>senaa</span> <span class='ocrx_word' id='word_1_269' title='bbox 724 2592 938 2636; x_wconf 79' lang='lat' dir='ltr'>voluntatis</span> <span class='ocrx_word' id='word_1_270' title='bbox 975 2594 1136 2652; x_wconf 76' lang='lat' dir='ltr'>inspirat</span> <span class='ocrx_word' id='word_1_271' title='bbox 1154 2621 1168 2646; x_wconf 87' lang='lat'>‚</span> 
     </span>
    </p>

    <p class='ocr_par' dir='ltr' id='par_1_9' title="bbox 237 2651 1167 2713">
     <span class='ocr_line' id='line_1_42' title="bbox 237 2651 1167 2713; baseline -0.002 -18"><span class='ocrx_word' id='word_1_272' title='bbox 237 2651 289 2695; x_wconf 63' lang='grc' dir='ltr'>δ’</span> <span class='ocrx_word' id='word_1_273' title='bbox 318 2652 504 2694; x_wconf 79' lang='lat' dir='ltr'>virtutem</span> <span class='ocrx_word' id='word_1_274' title='bbox 540 2665 658 2709; x_wconf 86' lang='lat' dir='ltr'>atque</span> <span class='ocrx_word' id='word_1_275' title='bbox 686 2652 1005 2713; x_wconf 76' lang='lat' dir='ltr'>opportunitatem</span> <span class='ocrx_word' id='word_1_276' title='bbox 1042 2667 1167 2693; x_wconf 89' lang='lat' dir='ltr'>eorum</span> 
     </span>
    </p>

    <p class='ocr_par' dir='ltr' id='par_1_10' title="bbox 238 2710 1168 2771">
     <span class='ocr_line' id='line_1_43' title="bbox 238 2710 1168 2771; baseline 0.002 -19"><span class='ocrx_word' id='word_1_277' title='bbox 238 2726 321 2767; x_wconf 74' lang='lat' dir='ltr'>que</span> <span class='ocrx_word' id='word_1_278' title='bbox 329 2713 425 2753; x_wconf 68' lang='lat' dir='ltr'>reeh</span> <span class='ocrx_word' id='word_1_279' title='bbox 433 2712 622 2771; x_wconf 83' lang='lat' dir='ltr'>cupimus,</span> <span class='ocrx_word' id='word_1_280' title='bbox 649 2711 785 2754; x_wconf 79' lang='lat' dir='ltr'>tribuit</span> <span class='ocrx_word' id='word_1_281' title='bbox 797 2710 1026 2771; x_wconf 81' lang='lat' dir='ltr'>peragendi:</span> <span class='ocrx_word' id='word_1_282' title='bbox 1057 2723 1168 2754; x_wconf 86' lang='lat' dir='ltr'>nuno</span> 
     </span>
    </p>

    <p class='ocr_par' dir='ltr' id='par_1_11' title="bbox 182 2771 1168 3191">
     <span class='ocr_line' id='line_1_44' title="bbox 239 2771 1168 2829; baseline 0.001 -17"><span class='ocrx_word' id='word_1_283' title='bbox 239 2771 393 2821; x_wconf 55' lang='lat' dir='ltr'>volens,</span> <span class='ocrx_word' id='word_1_284' title='bbox 410 2771 581 2828; x_wconf 87' lang='lat' dir='ltr'>probare</span> <span class='ocrx_word' id='word_1_285' title='bbox 601 2801 615 2825; x_wconf 95' lang='lat'>,</span> <span class='ocrx_word' id='word_1_286' title='bbox 653 2771 758 2829; x_wconf 90' lang='lat' dir='ltr'>quod</span> <span class='ocrx_word' id='word_1_287' title='bbox 789 2771 980 2829; x_wconf 80' lang='lat' dir='ltr'>religiosa:</span> <span class='ocrx_word' id='word_1_288' title='bbox 1019 2772 1168 2828; x_wconf 90' lang='lat' dir='ltr'>cogita-</span> 
     </span>
     <span class='ocr_line' id='line_1_45' title="bbox 182 2830 1168 2884; baseline -0.002 -9"><span class='ocrx_word' id='word_1_289' title='bbox 182 2872 186 2875; x_wconf 91' lang='lat'>.</span> <span class='ocrx_word' id='word_1_290' title='bbox 235 2831 369 2873; x_wconf 84' lang='lat' dir='ltr'>tiones</span> <span class='ocrx_word' id='word_1_291' title='bbox 398 2831 437 2872; x_wconf 74' lang='lat'>8&lt;</span> <span class='ocrx_word' id='word_1_292' title='bbox 467 2830 602 2872; x_wconf 66' lang='lat' dir='ltr'>sanista</span> <span class='ocrx_word' id='word_1_293' title='bbox 630 2831 791 2873; x_wconf 82' lang='lat' dir='ltr'>consilia</span> <span class='ocrx_word' id='word_1_294' title='bbox 809 2861 823 2884; x_wconf 87' lang='lat'>,</span> <span class='ocrx_word' id='word_1_295' title='bbox 853 2832 963 2873; x_wconf 88' lang='lat' dir='ltr'>nulla</span> <span class='ocrx_word' id='word_1_296' title='bbox 994 2831 1077 2874; x_wconf 89' lang='lat' dir='ltr'>Dei</span> <span class='ocrx_word' id='word_1_297' title='bbox 1108 2830 1168 2873; x_wconf 90' lang='lat' dir='ltr'>in-</span> 
     </span>
     <span class='ocr_line' id='line_1_46' title="bbox 235 2888 1167 2950; baseline 0.002 -18"><span class='ocrx_word' id='word_1_298' title='bbox 235 2889 455 2950; x_wconf 86' lang='lat' dir='ltr'>spiratione</span> <span class='ocrx_word' id='word_1_299' title='bbox 485 2902 705 2949; x_wconf 89' lang='lat' dir='ltr'>concepta‚</span> <span class='ocrx_word' id='word_1_300' title='bbox 734 2888 783 2933; x_wconf 86' lang='lat' dir='ltr'>de</span> <span class='ocrx_word' id='word_1_301' title='bbox 814 2891 990 2933; x_wconf 89' lang='lat' dir='ltr'>naturali</span> <span class='ocrx_word' id='word_1_302' title='bbox 1019 2891 1167 2949; x_wconf 75' lang='lat' dir='ltr'>possint</span> 
     </span>
     <span class='ocr_line' id='line_1_47' title="bbox 235 2947 1166 3008; baseline 0.001 -17"><span class='ocrx_word' id='word_1_303' title='bbox 235 2947 397 3008; x_wconf 86' lang='lat' dir='ltr'>prodire</span> <span class='ocrx_word' id='word_1_304' title='bbox 429 2949 627 3008; x_wconf 87' lang='lat' dir='ltr'>sapientia</span> <span class='ocrx_word' id='word_1_305' title='bbox 645 2981 660 3003; x_wconf 95' lang='lat'>,</span> <span class='ocrx_word' id='word_1_306' title='bbox 688 2951 806 3007; x_wconf 85' lang='lat' dir='ltr'>ponit</span> <span class='ocrx_word' id='word_1_307' title='bbox 836 2951 961 2994; x_wconf 87' lang='lat' dir='ltr'>verba</span> <span class='ocrx_word' id='word_1_308' title='bbox 990 2952 1166 2994; x_wconf 89' lang='lat' dir='ltr'>Salomo-</span> 
     </span>
     <span class='ocr_line' id='line_1_48' title="bbox 237 3007 1166 3070; baseline -0.002 -17"><span class='ocrx_word' id='word_1_309' title='bbox 237 3011 324 3065; x_wconf 81' lang='lat' dir='ltr'>nis,</span> <span class='ocrx_word' id='word_1_310' title='bbox 353 3008 546 3053; x_wconf 88' lang='lat' dir='ltr'>dicentis:</span> <span class='ocrx_word' id='word_1_311' title='bbox 579 3007 783 3066; x_wconf 80' lang='lat' dir='ltr'>Voluitque</span> <span class='ocrx_word' id='word_1_312' title='bbox 802 3011 942 3053; x_wconf 82' lang='lat' dir='ltr'>David</span> <span class='ocrx_word' id='word_1_313' title='bbox 943 3022 1057 3070; x_wconf 87' lang='lat' dir='ltr'>pater</span> <span class='ocrx_word' id='word_1_314' title='bbox 1066 3027 1166 3052; x_wconf 87' lang='lat' dir='ltr'>meus</span> 
     </span>
     <span class='ocr_line' id='line_1_49' title="bbox 237 3068 1165 3127; baseline 0 -14"><span class='ocrx_word' id='word_1_315' title='bbox 237 3068 421 3127; x_wconf 64' lang='lat' dir='ltr'>aedificare</span> <span class='ocrx_word' id='word_1_316' title='bbox 449 3070 600 3113; x_wconf 80' lang='lat' dir='ltr'>domum</span> <span class='ocrx_word' id='word_1_317' title='bbox 630 3069 775 3111; x_wconf 72' lang='lat' dir='ltr'>nomin‘i</span> <span class='ocrx_word' id='word_1_318' title='bbox 804 3071 963 3112; x_wconf 79' lang='lat' dir='ltr'>Domini</span> <span class='ocrx_word' id='word_1_319' title='bbox 993 3071 1071 3112; x_wconf 85' lang='lat' dir='ltr'>Dei</span> <span class='ocrx_word' id='word_1_320' title='bbox 1107 3071 1165 3127; x_wconf 90' lang='lat' dir='ltr'>Is·</span> 
     </span>
     <span class='ocr_line' id='line_1_50' title="bbox 235 3128 1158 3191; baseline 0 -19"><span class='ocrx_word' id='word_1_321' title='bbox 235 3128 318 3172; x_wconf 83' lang='lat' dir='ltr'>rael</span> <span class='ocrx_word' id='word_1_322' title='bbox 338 3146 349 3175; x_wconf 85' lang='lat'><strong>:</strong></span> <span class='ocrx_word' id='word_1_323' title='bbox 388 3131 438 3173; x_wconf 64' lang='lat'>&lt;5⁴</span> <span class='ocrx_word' id='word_1_324' title='bbox 467 3131 524 3172; x_wconf 86' lang='lat' dir='ltr'>ait</span> <span class='ocrx_word' id='word_1_325' title='bbox 552 3131 741 3172; x_wconf 77' lang='lat' dir='ltr'>Dominus</span> <span class='ocrx_word' id='word_1_326' title='bbox 767 3131 818 3173; x_wconf 86' lang='lat' dir='ltr'>ad</span> <span class='ocrx_word' id='word_1_327' title='bbox 846 3131 986 3174; x_wconf 83' lang='lat' dir='ltr'>David</span> <span class='ocrx_word' id='word_1_328' title='bbox 1006 3143 1158 3191; x_wconf 84' lang='lat' dir='ltr'>patrem</span> 
     </span>
    </p>

    <p class='ocr_par' dir='ltr' id='par_1_12' title="bbox 355 3189 627 3251">
     <span class='ocr_line' id='line_1_51' title="bbox 355 3189 627 3251; baseline 0.011 -19"><span class='ocrx_word' id='word_1_329' title='bbox 355 3192 399 3233; x_wconf 85' lang='lat' dir='ltr'>S.</span> <span class='ocrx_word' id='word_1_330' title='bbox 429 3189 627 3251; x_wconf 74' lang='lat' dir='ltr'>Prosperi-</span> 
     </span>
    </p>

    <p class='ocr_par' dir='ltr' id='par_1_13' title="bbox 237 3270 1166 3470">
     <span class='ocr_line' id='line_1_52' title="bbox 279 3270 1164 3351; baseline 0.001 -39"><span class='ocrx_word' id='word_1_331' title='bbox 279 3270 503 3351; x_wconf 47' lang='lat' dir='ltr'>Qsffifliscorb.</span> <span class='ocrx_word' id='word_1_332' title='bbox 528 3282 560 3315; x_wconf 77' lang='grc' dir='ltr'>δι</span> <span class='ocrx_word' id='word_1_333' title='bbox 587 3283 706 3325; x_wconf 84' lang='lat' dir='ltr'>Remig.</span> <span class='ocrx_word' id='word_1_334' title='bbox 735 3293 768 3315; x_wconf 82' lang='lat' dir='ltr'>ac</span> <span class='ocrx_word' id='word_1_335' title='bbox 795 3283 936 3324; x_wconf 75' lang='lat' dir='ltr'>Mogunt.</span> <span class='ocrx_word' id='word_1_336' title='bbox 970 3285 1064 3316; x_wconf 86' lang='lat' dir='ltr'>editio</span> <span class='ocrx_word' id='word_1_337' title='bbox 1085 3305 1095 3321; x_wconf 91' lang='lat'>‚</span> <span class='ocrx_word' id='word_1_338' title='bbox 1129 3294 1164 3314; x_wconf 85' lang='lat' dir='ltr'>ae</span> 
     </span>
     <span class='ocr_line' id='line_1_53' title="bbox 237 3328 1163 3404; baseline 0.003 -13"><span class='ocrx_word' id='word_1_339' title='bbox 237 3328 405 3393; x_wconf 24' lang='lat' dir='ltr'>pegam&amp;</span> <span class='ocrx_word' id='word_1_340' title='bbox 423 3361 517 3403; x_wconf 80' lang='lat' dir='ltr'>Lugd.</span> <span class='ocrx_word' id='word_1_341' title='bbox 535 3366 631 3404; x_wconf 73' lang='lat' dir='ltr'>Atque</span> <span class='ocrx_word' id='word_1_342' title='bbox 651 3364 695 3394; x_wconf 74' lang='lat' dir='ltr'>ita</span> <span class='ocrx_word' id='word_1_343' title='bbox 707 3363 816 3402; x_wconf 81' lang='lat' dir='ltr'>sentit,</span> <span class='ocrx_word' id='word_1_344' title='bbox 835 3373 868 3394; x_wconf 75' lang='lat' dir='ltr'>ut</span> <span class='ocrx_word' id='word_1_345' title='bbox 885 3350 919 3395; x_wconf 65' lang='lat' dir='ltr'>in</span> <span class='ocrx_word' id='word_1_346' title='bbox 927 3366 987 3396; x_wconf 79' lang='lat' dir='ltr'>Dei</span> <span class='ocrx_word' id='word_1_347' title='bbox 1003 3364 1163 3396; x_wconf 81' lang='lat' dir='ltr'>muneribus</span> 
     </span>
     <span class='ocr_line' id='line_1_54' title="bbox 241 3399 1166 3470; baseline 0.001 -36"><span class='ocrx_word' id='word_1_348' title='bbox 241 3399 376 3470; x_wconf 43' lang='lat' dir='ltr'>:Sl-1⁸:²23</span> <span class='ocrx_word' id='word_1_349' title='bbox 374 3410 503 3469; x_wconf 59' lang='lat' dir='ltr'>:uticam</span> <span class='ocrx_word' id='word_1_350' title='bbox 521 3403 571 3443; x_wconf 74' lang='lat' dir='ltr'>effe</span> <span class='ocrx_word' id='word_1_351' title='bbox 589 3403 754 3435; x_wconf 77' lang='lat' dir='ltr'>credendum</span> <span class='ocrx_word' id='word_1_352' title='bbox 770 3403 810 3442; x_wconf 83' lang='lat' dir='ltr'>sit</span> <span class='ocrx_word' id='word_1_353' title='bbox 826 3424 837 3441; x_wconf 94' lang='lat'>,</span> <span class='ocrx_word' id='word_1_354' title='bbox 864 3415 947 3446; x_wconf 78' lang='lat' dir='ltr'>quem</span> <span class='ocrx_word' id='word_1_355' title='bbox 965 3407 1044 3436; x_wconf 77' lang='lat' dir='ltr'>Deus</span> <span class='ocrx_word' id='word_1_356' title='bbox 1061 3407 1166 3446; x_wconf 81' lang='lat' dir='ltr'>semper</span> 
     </span>
    </p>

    <p class='ocr_par' dir='ltr' id='par_1_14' title="bbox 242 3449 1166 3603">
     <span class='ocr_line' id='line_1_55' title="bbox 277 3449 1166 3525; baseline 0.009 -16"><span class='ocrx_word' id='word_1_357' title='bbox 277 3449 379 3510; x_wconf 59' lang='grc' dir='ltr'>’ζ’Μι.</span> <span class='ocrx_word' id='word_1_358' title='bbox 398 3461 454 3516; x_wconf 72' lang='lat' dir='ltr'>iol.</span> <span class='ocrx_word' id='word_1_359' title='bbox 467 3489 534 3521; x_wconf 73' lang='lat' dir='ltr'>pm</span> <span class='ocrx_word' id='word_1_360' title='bbox 586 3493 620 3512; x_wconf 72' lang='lat' dir='ltr'>e.</span> <span class='ocrx_word' id='word_1_361' title='bbox 638 3483 744 3515; x_wconf 80' lang='lat' dir='ltr'>Editio</span> <span class='ocrx_word' id='word_1_362' title='bbox 765 3484 860 3525; x_wconf 86' lang='lat' dir='ltr'>Lugd.</span> <span class='ocrx_word' id='word_1_363' title='bbox 881 3493 978 3517; x_wconf 68' lang='lat' dir='ltr'>comm</span> <span class='ocrx_word' id='word_1_364' title='bbox 998 3485 1095 3517; x_wconf 81' lang='lat' dir='ltr'>locum</span> <span class='ocrx_word' id='word_1_365' title='bbox 1115 3485 1166 3517; x_wconf 72' lang='lat'>211-</span> 
     </span>
     <span class='ocr_line' id='line_1_56' title="bbox 244 3518 1166 3565; baseline 0.009 -15"><span class='ocrx_word' id='word_1_366' title='bbox 244 3527 288 3551; x_wconf 78' lang='lat' dir='ltr'>ter</span> <span class='ocrx_word' id='word_1_367' title='bbox 308 3518 398 3565; x_wconf 74' lang='lat' dir='ltr'>habet</span> <span class='ocrx_word' id='word_1_368' title='bbox 417 3531 431 3551; x_wconf 91' lang='lat'>.·</span> <span class='ocrx_word' id='word_1_369' title='bbox 449 3529 501 3551; x_wconf 70' lang='lat' dir='ltr'>aaa</span> <span class='ocrx_word' id='word_1_370' title='bbox 559 3522 647 3555; x_wconf 68' lang='lat' dir='ltr'>etism</span> <span class='ocrx_word' id='word_1_371' title='bbox 665 3525 702 3557; x_wconf 68' lang='lat' dir='ltr'>ia·</span> <span class='ocrx_word' id='word_1_372' title='bbox 717 3524 764 3555; x_wconf 79' lang='lat' dir='ltr'>his</span> <span class='ocrx_word' id='word_1_373' title='bbox 783 3536 845 3565; x_wconf 79' lang='lat' dir='ltr'>que</span> <span class='ocrx_word' id='word_1_374' title='bbox 863 3526 943 3556; x_wconf 77' lang='lat' dir='ltr'>Deus</span> <span class='ocrx_word' id='word_1_375' title='bbox 962 3525 1065 3557; x_wconf 70' lang='lat' dir='ltr'>tribuit·</span> <span class='ocrx_word' id='word_1_376' title='bbox 1080 3548 1089 3564; x_wconf 94' lang='lat'>‚</span> <span class='ocrx_word' id='word_1_377' title='bbox 1111 3527 1166 3558; x_wconf 80' lang='lat' dir='ltr'>ali·</span> 
     </span>
     <span class='ocr_line' id='line_1_57' title="bbox 242 3560 990 3603; baseline 0.013 -15"><span class='ocrx_word' id='word_1_378' title='bbox 242 3570 301 3600; x_wconf 77' lang='lat' dir='ltr'>qua</span> <span class='ocrx_word' id='word_1_379' title='bbox 321 3568 423 3589; x_wconf 74' lang='lat' dir='ltr'>menta</span> <span class='ocrx_word' id='word_1_380' title='bbox 441 3560 489 3599; x_wconf 77' lang='lat' dir='ltr'>effe</span> <span class='ocrx_word' id='word_1_381' title='bbox 508 3560 675 3602; x_wconf 76' lang='lat' dir='ltr'>loquantur,</span> <span class='ocrx_word' id='word_1_382' title='bbox 694 3565 796 3603; x_wconf 76' lang='lat' dir='ltr'>conflet</span> <span class='ocrx_word' id='word_1_383' title='bbox 815 3566 902 3595; x_wconf 84' lang='lat' dir='ltr'>etiam</span> <span class='ocrx_word' id='word_1_384' title='bbox 925 3566 990 3598; x_wconf 76' lang='lat' dir='ltr'>&amp;c-</span> 
     </span>
    </p>
   </div>
   <div class='ocr_carea' id='block_1_7' title="bbox 237 3599 1168 3848">
    <p class='ocr_par' dir='ltr' id='par_1_15' title="bbox 237 3599 1168 3714">
     <span class='ocr_line' id='line_1_58' title="bbox 284 3599 1164 3646; baseline 0.008 -15"><span class='ocrx_word' id='word_1_385' title='bbox 284 3600 303 3631; x_wconf 88' lang='lat' dir='ltr'>d</span> <span class='ocrx_word' id='word_1_386' title='bbox 323 3600 405 3646; x_wconf 56' lang='lat' dir='ltr'>Edit.</span> <span class='ocrx_word' id='word_1_387' title='bbox 424 3599 520 3640; x_wconf 85' lang='lat' dir='ltr'>Lugd.</span> <span class='ocrx_word' id='word_1_388' title='bbox 538 3610 644 3641; x_wconf 74' lang='lat' dir='ltr'>oportet</span> <span class='ocrx_word' id='word_1_389' title='bbox 663 3614 712 3634; x_wconf 79' lang='lat' dir='ltr'>nos</span> <span class='ocrx_word' id='word_1_390' title='bbox 727 3605 845 3643; x_wconf 73' lang='lat' dir='ltr'>juvari.</span> <span class='ocrx_word' id='word_1_391' title='bbox 864 3627 874 3637; x_wconf 84' lang='lat'><strong><em>.</em></strong></span> <span class='ocrx_word' id='word_1_392' title='bbox 894 3628 902 3635; x_wconf 94' lang='lat'><strong>.</strong></span> <span class='ocrx_word' id='word_1_393' title='bbox 924 3607 1018 3646; x_wconf 46' lang='lat' dir='ltr'>tquod</span> <span class='ocrx_word' id='word_1_394' title='bbox 1035 3618 1090 3638; x_wconf 75' lang='lat' dir='ltr'>non</span> <span class='ocrx_word' id='word_1_395' title='bbox 1104 3618 1164 3638; x_wconf 79' lang='lat' dir='ltr'>erat</span> 
     </span>
     <span class='ocr_line' id='line_1_59' title="bbox 237 3638 1168 3684; baseline 0.011 -13"><span class='ocrx_word' id='word_1_396' title='bbox 237 3638 452 3684; x_wconf 43' lang='lat' dir='ltr'>poffib11048ed</span> <span class='ocrx_word' id='word_1_397' title='bbox 473 3648 576 3671; x_wconf 81' lang='lat' dir='ltr'>contra</span> <span class='ocrx_word' id='word_1_398' title='bbox 593 3643 707 3674; x_wconf 76' lang='lat' dir='ltr'>sensum</span> <span class='ocrx_word' id='word_1_399' title='bbox 725 3645 854 3678; x_wconf 63' lang='lat' dir='ltr'>austeris</span> <span class='ocrx_word' id='word_1_400' title='bbox 874 3646 964 3678; x_wconf 82' lang='lat' dir='ltr'>nostri</span> <span class='ocrx_word' id='word_1_401' title='bbox 977 3667 987 3684; x_wconf 88' lang='lat'>,</span> <span class='ocrx_word' id='word_1_402' title='bbox 1007 3645 1040 3677; x_wconf 82' lang='grc' dir='ltr'>δι</span> <span class='ocrx_word' id='word_1_403' title='bbox 1058 3657 1168 3681; x_wconf 83' lang='lat' dir='ltr'>cetero-</span> 
     </span>
     <span class='ocr_line' id='line_1_60' title="bbox 241 3679 794 3714; baseline 0.007 -4"><span class='ocrx_word' id='word_1_404' title='bbox 241 3689 306 3711; x_wconf 76' lang='lat' dir='ltr'>rum</span> <span class='ocrx_word' id='word_1_405' title='bbox 326 3680 460 3711; x_wconf 83' lang='lat' dir='ltr'>codicum</span> <span class='ocrx_word' id='word_1_406' title='bbox 480 3679 701 3714; x_wconf 67' lang='lat' dir='ltr'>auRotitatem.</span> <span class='ocrx_word' id='word_1_407' title='bbox 780 3711 794 3714; x_wconf 73' lang='grc'>,,</span> 
     </span>
    </p>

    <p class='ocr_par' dir='ltr' id='par_1_16' title="bbox 246 3719 1123 3848">
     <span class='ocr_line' id='line_1_61' title="bbox 246 3719 1043 3763; baseline 0.008 -10"><span class='ocrx_word' id='word_1_408' title='bbox 246 3741 250 3753; x_wconf 75' lang='grc'>;</span> <span class='ocrx_word' id='word_1_409' title='bbox 279 3730 297 3753; x_wconf 75' lang='lat' dir='ltr'>e</span> <span class='ocrx_word' id='word_1_410' title='bbox 315 3720 375 3753; x_wconf 78' lang='lat' dir='ltr'>Ms-</span> <span class='ocrx_word' id='word_1_411' title='bbox 398 3720 456 3757; x_wconf 86' lang='lat' dir='ltr'>Jol.</span> <span class='ocrx_word' id='word_1_412' title='bbox 476 3729 536 3751; x_wconf 85' lang='lat' dir='ltr'>nou</span> <span class='ocrx_word' id='word_1_413' title='bbox 557 3719 740 3763; x_wconf 45' lang='lat' dir='ltr'>habetoipfe</span> <span class='ocrx_word' id='word_1_414' title='bbox 757 3726 929 3761; x_wconf 53' lang='lat' dir='ltr'>tradamu-</span> <span class='ocrx_word' id='word_1_415' title='bbox 974 3747 976 3750; x_wconf 32' lang='grc' dir='ltr'><em>ψ</em></span> <span class='ocrx_word' id='word_1_416' title='bbox 996 3732 1003 3747; x_wconf 64' lang='lat'>²</span> <span class='ocrx_word' id='word_1_417' title='bbox 1041 3754 1043 3756; x_wconf 90' lang='lat'>.</span> 
     </span>
     <span class='ocr_line' id='line_1_62' title="bbox 277 3759 1092 3801; baseline 0.009 -11"><span class='ocrx_word' id='word_1_418' title='bbox 277 3759 296 3790; x_wconf 81' lang='lat' dir='ltr'>s</span> <span class='ocrx_word' id='word_1_419' title='bbox 311 3759 395 3792; x_wconf 83' lang='lat' dir='ltr'>Edit.</span> <span class='ocrx_word' id='word_1_420' title='bbox 422 3761 508 3801; x_wconf 89' lang='lat' dir='ltr'>Mog.</span> <span class='ocrx_word' id='word_1_421' title='bbox 528 3760 559 3792; x_wconf 86' lang='lat'>&amp;</span> <span class='ocrx_word' id='word_1_422' title='bbox 580 3762 658 3794; x_wconf 86' lang='lat' dir='ltr'>Ven.</span> <span class='ocrx_word' id='word_1_423' title='bbox 677 3774 712 3793; x_wconf 78' lang='lat' dir='ltr'>ne</span> <span class='ocrx_word' id='word_1_424' title='bbox 729 3762 830 3796; x_wconf 85' lang='lat' dir='ltr'>bonum</span> <span class='ocrx_word' id='word_1_425' title='bbox 849 3778 897 3796; x_wconf 86' lang='lat' dir='ltr'>um</span> <span class='ocrx_word' id='word_1_426' title='bbox 918 3777 1009 3797; x_wconf 81' lang='lat' dir='ltr'>uam..</span> <span class='ocrx_word' id='word_1_427' title='bbox 1088 3791 1092 3797; x_wconf 91' lang='lat'>.</span> 
     </span>
     <span class='ocr_line' id='line_1_63' title="bbox 279 3778 1123 3848; baseline 0.012 -18"><span class='ocrx_word' id='word_1_428' title='bbox 279 3809 304 3840; x_wconf 77' lang='lat' dir='ltr'><strong>g</strong></span> <span class='ocrx_word' id='word_1_429' title='bbox 322 3800 406 3832; x_wconf 79' lang='lat' dir='ltr'>Edit.</span> <span class='ocrx_word' id='word_1_430' title='bbox 425 3800 520 3842; x_wconf 84' lang='lat' dir='ltr'>Lugd.</span> <span class='ocrx_word' id='word_1_431' title='bbox 541 3799 573 3833; x_wconf 90' lang='lat'>&amp;</span> <span class='ocrx_word' id='word_1_432' title='bbox 593 3812 629 3835; x_wconf 85' lang='lat' dir='ltr'>eo</span> <span class='ocrx_word' id='word_1_433' title='bbox 645 3802 831 3844; x_wconf 57' lang='lat' dir='ltr'>posteriores,</span> <span class='ocrx_word' id='word_1_434' title='bbox 846 3778 966 3846; x_wconf 53' lang='lat' dir='ltr'>probaro</span> <span class='ocrx_word' id='word_1_435' title='bbox 975 3806 1087 3848; x_wconf 55' lang='lat' dir='ltr'>paoli.</span> <span class='ocrx_word' id='word_1_436' title='bbox 1118 3835 1123 3839; x_wconf 88' lang='lat'><strong><em>.</em></strong></span> 
     </span>
    </p>
   </div>
   <div class='ocr_carea' id='block_1_8' title="bbox 0 2697 76 4126">
    <p class='ocr_par' dir='ltr' id='par_1_17' title="bbox 0 2697 76 4126">
     <span class='ocr_line' id='line_1_64' title="bbox 0 2697 76 4126; baseline 0 0"><span class='ocrx_word' id='word_1_437' title='bbox 0 2697 76 4126; x_wconf 95' lang='lat' dir='ltr'> </span> 
     </span>
    </p>
   </div>
   <div class='ocr_carea' id='block_1_9' title="bbox 31 3010 218 3083">
    <p class='ocr_par' dir='ltr' id='par_1_18' title="bbox 31 3010 218 3083">
     <span class='ocr_line' id='line_1_65' title="bbox 31 3010 218 3083; baseline -0.005 -8"><span class='ocrx_word' id='word_1_438' title='bbox 31 3010 218 3083; x_wconf 44' lang='lat' dir='ltr'>‘agnssmssfl</span> 
     </span>
    </p>
   </div>
   <div class='ocr_carea' id='block_1_10' title="bbox 1214 200 2337 3238">
    <p class='ocr_par' dir='ltr' id='par_1_19' title="bbox 2060 200 2159 251">
     <span class='ocr_line' id='line_1_66' title="bbox 2060 200 2159 251; baseline 0.02 -2"><span class='ocrx_word' id='word_1_439' title='bbox 2060 201 2077 233; x_wconf 88' lang='lat'>¹</span> <span class='ocrx_word' id='word_1_440' title='bbox 2093 200 2159 251; x_wconf 83' lang='lat'>93</span> 
     </span>
    </p>

    <p class='ocr_par' dir='ltr' id='par_1_20' title="bbox 1238 266 2165 330">
     <span class='ocr_line' id='line_1_67' title="bbox 1238 266 2165 330; baseline 0.001 -21"><span class='ocrx_word' id='word_1_441' title='bbox 1238 283 1360 310; x_wconf 88' lang='lat' dir='ltr'>meum</span> <span class='ocrx_word' id='word_1_442' title='bbox 1381 285 1394 326; x_wconf 86' lang='lat'>;</span> <span class='ocrx_word' id='word_1_443' title='bbox 1432 268 1556 330; x_wconf 59' lang='lat' dir='ltr'>Quod</span> <span class='ocrx_word' id='word_1_444' title='bbox 1582 266 1754 326; x_wconf 83' lang='lat' dir='ltr'>cogitasti</span> <span class='ocrx_word' id='word_1_445' title='bbox 1781 267 1824 308; x_wconf 86' lang='lat' dir='ltr'>in</span> <span class='ocrx_word' id='word_1_446' title='bbox 1853 266 1960 308; x_wconf 84' lang='lat' dir='ltr'>corde</span> <span class='ocrx_word' id='word_1_447' title='bbox 1989 279 2051 308; x_wconf 86' lang='lat' dir='ltr'>tuo</span> <span class='ocrx_word' id='word_1_448' title='bbox 2082 270 2165 310; x_wconf 84' lang='lat' dir='ltr'>aedi-</span> 
     </span>
    </p>

    <p class='ocr_par' dir='ltr' id='par_1_21' title="bbox 1228 325 2165 385">
     <span class='ocr_line' id='line_1_68' title="bbox 1228 325 2165 385; baseline -0.002 -17"><span class='ocrx_word' id='word_1_449' title='bbox 1228 328 1350 385; x_wconf 83' lang='lat' dir='ltr'>ficare</span> <span class='ocrx_word' id='word_1_450' title='bbox 1378 329 1528 370; x_wconf 88' lang='lat' dir='ltr'>domum</span> <span class='ocrx_word' id='word_1_451' title='bbox 1566 328 1710 370; x_wconf 80' lang='lat' dir='ltr'>nomini</span> <span class='ocrx_word' id='word_1_452' title='bbox 1739 342 1818 368; x_wconf 86' lang='lat' dir='ltr'>meo</span> <span class='ocrx_word' id='word_1_453' title='bbox 1836 357 1851 380; x_wconf 89' lang='lat'>,</span> <span class='ocrx_word' id='word_1_454' title='bbox 1888 325 1979 367; x_wconf 80' lang='lat' dir='ltr'>bene</span> <span class='ocrx_word' id='word_1_455' title='bbox 2006 326 2133 382; x_wconf 80' lang='lat' dir='ltr'>fecisti</span> <span class='ocrx_word' id='word_1_456' title='bbox 2151 358 2165 380; x_wconf 84' lang='lat'>,</span> 
     </span>
    </p>

    <p class='ocr_par' dir='ltr' id='par_1_22' title="bbox 1233 387 2163 447">
     <span class='ocr_line' id='line_1_69' title="bbox 1233 387 2163 447; baseline -0.001 -19"><span class='ocrx_word' id='word_1_457' title='bbox 1233 387 1299 429; x_wconf 89' lang='lat' dir='ltr'>boc</span> <span class='ocrx_word' id='word_1_458' title='bbox 1329 388 1449 446; x_wconf 88' lang='lat' dir='ltr'>ipsum</span> <span class='ocrx_word' id='word_1_459' title='bbox 1480 388 1870 447; x_wconf 62' lang='lat' dir='ltr'>mentepertraflans3</span> <span class='ocrx_word' id='word_1_460' title='bbox 1901 400 2163 428; x_wconf 78' lang='lat' dir='ltr'>verumtamen</span> 
     </span>
    </p>

    <p class='ocr_par' dir='ltr' id='par_1_23' title="bbox 1233 446 2162 503">
     <span class='ocr_line' id='line_1_70' title="bbox 1233 446 2162 503; baseline 0.001 -16"><span class='ocrx_word' id='word_1_461' title='bbox 1233 462 1307 487; x_wconf 86' lang='lat' dir='ltr'>non</span> <span class='ocrx_word' id='word_1_462' title='bbox 1338 459 1380 487; x_wconf 89' lang='lat' dir='ltr'>tu</span> <span class='ocrx_word' id='word_1_463' title='bbox 1411 447 1763 503; x_wconf 85' lang='lat' dir='ltr'>aedificabisdomum</span> <span class='ocrx_word' id='word_1_464' title='bbox 1773 446 1917 488; x_wconf 85' lang='lat' dir='ltr'>nomini</span> <span class='ocrx_word' id='word_1_465' title='bbox 1945 461 2047 488; x_wconf 83' lang='lat' dir='ltr'>meo.</span> <span class='ocrx_word' id='word_1_466' title='bbox 2079 447 2162 488; x_wconf 88' lang='lat' dir='ltr'>De·</span> 
     </span>
    </p>

    <p class='ocr_par' dir='ltr' id='par_1_24' title="bbox 1226 505 2337 739">
     <span class='ocr_line' id='line_1_71' title="bbox 1232 505 2162 565; baseline -0.001 -18"><span class='ocrx_word' id='word_1_467' title='bbox 1232 505 1326 547; x_wconf 92' lang='lat' dir='ltr'>inde</span> <span class='ocrx_word' id='word_1_468' title='bbox 1346 535 1360 558; x_wconf 96' lang='lat'>,</span> <span class='ocrx_word' id='word_1_469' title='bbox 1390 517 1434 547; x_wconf 93' lang='lat' dir='ltr'>ut</span> <span class='ocrx_word' id='word_1_470' title='bbox 1463 505 1644 550; x_wconf 82' lang='lat' dir='ltr'>ostendat</span> <span class='ocrx_word' id='word_1_471' title='bbox 1674 506 1874 565; x_wconf 86' lang='lat' dir='ltr'>quomodo</span> <span class='ocrx_word' id='word_1_472' title='bbox 1906 506 1983 548; x_wconf 92' lang='lat' dir='ltr'>hoc</span> <span class='ocrx_word' id='word_1_473' title='bbox 2012 506 2162 549; x_wconf 89' lang='lat' dir='ltr'>intelli-</span> 
     </span>
     <span class='ocr_line' id='line_1_72' title="bbox 1232 563 2253 624; baseline 0.001 -18"><span class='ocrx_word' id='word_1_474' title='bbox 1232 563 1407 623; x_wconf 88' lang='lat' dir='ltr'>gendum</span> <span class='ocrx_word' id='word_1_475' title='bbox 1439 565 1509 619; x_wconf 87' lang='lat' dir='ltr'>fit,</span> <span class='ocrx_word' id='word_1_476' title='bbox 1539 567 1662 609; x_wconf 88' lang='lat' dir='ltr'>infert</span> <span class='ocrx_word' id='word_1_477' title='bbox 1692 566 1801 624; x_wconf 81' lang='lat' dir='ltr'>‘ipse</span> <span class='ocrx_word' id='word_1_478' title='bbox 1822 565 2038 609; x_wconf 61' lang='lat' dir='ltr'>trafiator:</span> <span class='ocrx_word' id='word_1_479' title='bbox 2069 568 2161 607; x_wconf 87' lang='lat' dir='ltr'>Haec</span> <span class='ocrx_word' id='word_1_480' title='bbox 2236 578 2253 599; x_wconf 62' lang='lat' dir='ltr'>t</span> 
     </span>
     <span class='ocr_line' id='line_1_73' title="bbox 1227 607 2337 691; baseline 0.003 -26"><span class='ocrx_word' id='word_1_481' title='bbox 1227 639 1312 682; x_wconf 86' lang='lat' dir='ltr'>ergo</span> <span class='ocrx_word' id='word_1_482' title='bbox 1344 625 1518 683; x_wconf 84' lang='lat' dir='ltr'>cogitatio</span> <span class='ocrx_word' id='word_1_483' title='bbox 1541 656 1555 678; x_wconf 87' lang='lat'>,</span> <span class='ocrx_word' id='word_1_484' title='bbox 1595 639 1709 682; x_wconf 83' lang='lat' dir='ltr'>atque</span> <span class='ocrx_word' id='word_1_485' title='bbox 1738 627 1808 680; x_wconf 86' lang='lat' dir='ltr'>iste</span> <span class='ocrx_word' id='word_1_486' title='bbox 1848 628 2028 668; x_wconf 60' lang='lat' dir='ltr'>tractatus</span> <span class='ocrx_word' id='word_1_487' title='bbox 2066 626 2161 685; x_wconf 89' lang='lat' dir='ltr'>regis</span> <span class='ocrx_word' id='word_1_488' title='bbox 2173 607 2337 691; x_wconf 41' lang='lat'>22311&#39;2&#39;3&#39;</span> 
     </span>
     <span class='ocr_line' id='line_1_74' title="bbox 1226 685 2162 739; baseline 0.002 -15"><span class='ocrx_word' id='word_1_489' title='bbox 1226 685 1387 738; x_wconf 80' lang='lat' dir='ltr'>David,</span> <span class='ocrx_word' id='word_1_490' title='bbox 1415 698 1589 726; x_wconf 86' lang='lat' dir='ltr'>utrumne</span> <span class='ocrx_word' id='word_1_491' title='bbox 1599 685 1711 726; x_wconf 86' lang='lat' dir='ltr'>bonus</span> <span class='ocrx_word' id='word_1_492' title='bbox 1740 686 1789 728; x_wconf 64' lang='grc' dir='ltr'>Θ·</span> <span class='ocrx_word' id='word_1_493' title='bbox 1819 702 1866 726; x_wconf 80' lang='lat' dir='ltr'>ex</span> <span class='ocrx_word' id='word_1_494' title='bbox 1889 687 1994 739; x_wconf 88' lang='lat' dir='ltr'>Deo,</span> <span class='ocrx_word' id='word_1_495' title='bbox 2023 701 2072 727; x_wconf 88' lang='lat' dir='ltr'>an</span> <span class='ocrx_word' id='word_1_496' title='bbox 2083 701 2162 726; x_wconf 82' lang='lat' dir='ltr'>ma-</span> 
     </span>
    </p>

    <p class='ocr_par' dir='ltr' id='par_1_25' title="bbox 1229 741 2160 803">
     <span class='ocr_line' id='line_1_75' title="bbox 1229 741 2160 803; baseline 0.005 -20"><span class='ocrx_word' id='word_1_497' title='bbox 1229 741 1288 784; x_wconf 86' lang='lat' dir='ltr'>lus</span> <span class='ocrx_word' id='word_1_498' title='bbox 1317 743 1367 786; x_wconf 68' lang='lat'>(5¹</span> <span class='ocrx_word' id='word_1_499' title='bbox 1395 743 1441 785; x_wconf 90' lang='lat' dir='ltr'>ab</span> <span class='ocrx_word' id='word_1_500' title='bbox 1470 744 1616 786; x_wconf 84' lang='lat' dir='ltr'>bomine</span> <span class='ocrx_word' id='word_1_501' title='bbox 1637 744 1758 803; x_wconf 80' lang='lat' dir='ltr'>futffe</span> <span class='ocrx_word' id='word_1_502' title='bbox 1787 745 1961 788; x_wconf 84' lang='lat' dir='ltr'>dicendus</span> <span class='ocrx_word' id='word_1_503' title='bbox 1988 745 2076 802; x_wconf 75' lang='lat' dir='ltr'>est?</span> <span class='ocrx_word' id='word_1_504' title='bbox 2115 748 2160 788; x_wconf 83' lang='lat' dir='ltr'>Si</span> 
     </span>
    </p>

    <p class='ocr_par' dir='ltr' id='par_1_26' title="bbox 1229 803 2159 861">
     <span class='ocr_line' id='line_1_76' title="bbox 1229 803 2159 861; baseline 0.002 -17"><span class='ocrx_word' id='word_1_505' title='bbox 1229 803 1331 844; x_wconf 85' lang='lat' dir='ltr'>enim</span> <span class='ocrx_word' id='word_1_506' title='bbox 1361 803 1454 845; x_wconf 89' lang='lat' dir='ltr'>bona</span> <span class='ocrx_word' id='word_1_507' title='bbox 1483 803 1534 847; x_wconf 62' lang='grc' dir='ltr'><em>Θ</em></span> <span class='ocrx_word' id='word_1_508' title='bbox 1562 819 1610 845; x_wconf 84' lang='lat' dir='ltr'>ex</span> <span class='ocrx_word' id='word_1_509' title='bbox 1641 807 1724 846; x_wconf 82' lang='lat' dir='ltr'>Deo</span> <span class='ocrx_word' id='word_1_510' title='bbox 1748 803 1831 861; x_wconf 84' lang='lat' dir='ltr'>suit</span> <span class='ocrx_word' id='word_1_511' title='bbox 1859 803 1933 846; x_wconf 84' lang='lat' dir='ltr'>illa</span> <span class='ocrx_word' id='word_1_512' title='bbox 1958 820 1999 846; x_wconf 88' lang='lat' dir='ltr'>co</span> <span class='ocrx_word' id='word_1_513' title='bbox 2026 806 2159 860; x_wconf 62' lang='lat' dir='ltr'>natio,</span> 
     </span>
    </p>

    <p class='ocr_par' dir='ltr' id='par_1_27' title="bbox 1215 822 2158 980">
     <span class='ocr_line' id='line_1_77' title="bbox 1229 822 2158 922; baseline 0.004 -19"><span class='ocrx_word' id='word_1_514' title='bbox 1229 878 1292 903; x_wconf 90' lang='lat' dir='ltr'>cur</span> <span class='ocrx_word' id='word_1_515' title='bbox 1321 862 1368 903; x_wconf 86' lang='lat' dir='ltr'>ab</span> <span class='ocrx_word' id='word_1_516' title='bbox 1395 879 1435 903; x_wconf 84' lang='lat' dir='ltr'>eo</span> <span class='ocrx_word' id='word_1_517' title='bbox 1466 878 1489 903; x_wconf 91' lang='lat' dir='ltr'>a</span> <span class='ocrx_word' id='word_1_518' title='bbox 1517 878 1589 918; x_wconf 88' lang='lat' dir='ltr'>quo</span> <span class='ocrx_word' id='word_1_519' title='bbox 1619 864 1804 922; x_wconf 81' lang='lat' dir='ltr'>inspirata</span> <span class='ocrx_word' id='word_1_520' title='bbox 1832 866 1886 920; x_wconf 89' lang='lat' dir='ltr'>est</span> <span class='ocrx_word' id='word_1_521' title='bbox 1904 896 1917 918; x_wconf 89' lang='lat'>,</span> <span class='ocrx_word' id='word_1_522' title='bbox 1945 822 2066 907; x_wconf 52' lang='lat' dir='ltr'>eid‘igem</span> <span class='ocrx_word' id='word_1_523' title='bbox 2096 876 2158 906; x_wconf 84' lang='lat' dir='ltr'>ne·</span> 
     </span>
     <span class='ocr_line' id='line_1_78' title="bbox 1215 920 2158 980; baseline 0.003 -18"><span class='ocrx_word' id='word_1_524' title='bbox 1215 935 1342 980; x_wconf 45' lang='lat' dir='ltr'>v&lt;gotm-</span> <span class='ocrx_word' id='word_1_525' title='bbox 1370 920 1558 978; x_wconf 71' lang='lat' dir='ltr'>effeHus?</span> <span class='ocrx_word' id='word_1_526' title='bbox 1587 923 1631 962; x_wconf 83' lang='lat' dir='ltr'>Si</span> <span class='ocrx_word' id='word_1_527' title='bbox 1660 937 1785 964; x_wconf 90' lang='lat' dir='ltr'>autem</span> <span class='ocrx_word' id='word_1_528' title='bbox 1803 922 1927 976; x_wconf 86' lang='lat' dir='ltr'>mala,</span> <span class='ocrx_word' id='word_1_529' title='bbox 1957 924 2008 966; x_wconf 53' lang='grc' dir='ltr'>(θ’</span> <span class='ocrx_word' id='word_1_530' title='bbox 2037 923 2158 965; x_wconf 76' lang='lat' dir='ltr'>exbo-</span> 
     </span>
    </p>

    <p class='ocr_par' dir='ltr' id='par_1_28' title="bbox 1214 978 2159 1100">
     <span class='ocr_line' id='line_1_79' title="bbox 1221 978 2157 1037; baseline 0.003 -15"><span class='ocrx_word' id='word_1_531' title='bbox 1221 983 1326 1022; x_wconf 85' lang='lat' dir='ltr'>mine</span> <span class='ocrx_word' id='word_1_532' title='bbox 1346 979 1452 1037; x_wconf 84' lang='lat' dir='ltr'>fuit,</span> <span class='ocrx_word' id='word_1_533' title='bbox 1481 995 1546 1022; x_wconf 90' lang='lat' dir='ltr'>cur</span> <span class='ocrx_word' id='word_1_534' title='bbox 1574 978 1754 1022; x_wconf 84' lang='lat' dir='ltr'>laudatur</span> <span class='ocrx_word' id='word_1_535' title='bbox 1782 982 1828 1021; x_wconf 88' lang='lat' dir='ltr'>ab</span> <span class='ocrx_word' id='word_1_536' title='bbox 1848 981 2043 1025; x_wconf 82' lang='lat' dir='ltr'>Domino?</span> <span class='ocrx_word' id='word_1_537' title='bbox 2073 985 2157 1025; x_wconf 84' lang='lat' dir='ltr'>Re-</span> 
     </span>
     <span class='ocr_line' id='line_1_80' title="bbox 1214 1040 2159 1100; baseline 0.003 -19"><span class='ocrx_word' id='word_1_538' title='bbox 1214 1042 1300 1099; x_wconf 84' lang='lat' dir='ltr'>stat</span> <span class='ocrx_word' id='word_1_539' title='bbox 1328 1056 1414 1100; x_wconf 83' lang='lat' dir='ltr'>ergo</span> <span class='ocrx_word' id='word_1_540' title='bbox 1445 1053 1489 1082; x_wconf 86' lang='lat' dir='ltr'>ut</span> <span class='ocrx_word' id='word_1_541' title='bbox 1517 1040 1567 1083; x_wconf 55' lang='grc' dir='ltr'>(θ’</span> <span class='ocrx_word' id='word_1_542' title='bbox 1597 1040 1713 1094; x_wconf 86' lang='lat' dir='ltr'>bona,</span> <span class='ocrx_word' id='word_1_543' title='bbox 1743 1041 1792 1084; x_wconf 63' lang='grc' dir='ltr'><em>Θ</em></span> <span class='ocrx_word' id='word_1_544' title='bbox 1822 1057 1870 1083; x_wconf 76' lang='lat' dir='ltr'>ex</span> <span class='ocrx_word' id='word_1_545' title='bbox 1899 1042 2048 1084; x_wconf 86' lang='lat' dir='ltr'>homine</span> <span class='ocrx_word' id='word_1_546' title='bbox 2058 1041 2159 1098; x_wconf 71' lang='lat' dir='ltr'>suifi-</span> 
     </span>
    </p>

    <p class='ocr_par' dir='ltr' id='par_1_29' title="bbox 1217 1100 2157 1222">
     <span class='ocr_line' id='line_1_81' title="bbox 1219 1100 2157 1157; baseline 0.003 -16"><span class='ocrx_word' id='word_1_547' title='bbox 1219 1100 1265 1156; x_wconf 79' lang='lat' dir='ltr'>fi:</span> <span class='ocrx_word' id='word_1_548' title='bbox 1293 1101 1466 1142; x_wconf 81' lang='lat' dir='ltr'>credatur</span> <span class='ocrx_word' id='word_1_549' title='bbox 1486 1131 1497 1142; x_wconf 93' lang='lat'><strong>.</strong></span> <span class='ocrx_word' id='word_1_550' title='bbox 1537 1102 1586 1142; x_wconf 83' lang='lat' dir='ltr'>In</span> <span class='ocrx_word' id='word_1_551' title='bbox 1617 1116 1727 1157; x_wconf 88' lang='lat' dir='ltr'>quem</span> <span class='ocrx_word' id='word_1_552' title='bbox 1757 1101 1906 1144; x_wconf 83' lang='lat' dir='ltr'>modum</span> <span class='ocrx_word' id='word_1_553' title='bbox 1946 1103 2060 1144; x_wconf 83' lang='lat' dir='ltr'>etiam</span> <span class='ocrx_word' id='word_1_554' title='bbox 2092 1118 2157 1144; x_wconf 90' lang='lat' dir='ltr'>no-</span> 
     </span>
     <span class='ocr_line' id='line_1_82' title="bbox 1217 1159 2155 1222; baseline 0.003 -21"><span class='ocrx_word' id='word_1_555' title='bbox 1217 1160 1319 1216; x_wconf 86' lang='lat' dir='ltr'>stras</span> <span class='ocrx_word' id='word_1_556' title='bbox 1356 1161 1524 1216; x_wconf 84' lang='lat' dir='ltr'>quotidie</span> <span class='ocrx_word' id='word_1_557' title='bbox 1551 1159 1792 1219; x_wconf 67' lang='lat' dir='ltr'>cogitationes</span> <span class='ocrx_word' id='word_1_558' title='bbox 1824 1161 2019 1222; x_wconf 84' lang='lat' dir='ltr'>poffumus</span> <span class='ocrx_word' id='word_1_559' title='bbox 2048 1163 2155 1212; x_wconf 80' lang='lat' dir='ltr'>judi-</span> 
     </span>
    </p>

    <p class='ocr_par' dir='ltr' id='par_1_30' title="bbox 1226 1218 2155 1277">
     <span class='ocr_line' id='line_1_83' title="bbox 1226 1218 2155 1277; baseline 0.003 -17"><span class='ocrx_word' id='word_1_560' title='bbox 1226 1225 1329 1261; x_wconf 83' lang='lat' dir='ltr'>care.</span> <span class='ocrx_word' id='word_1_561' title='bbox 1345 1219 1498 1276; x_wconf 55' lang='lat' dir='ltr'>*Neque</span> <span class='ocrx_word' id='word_1_562' title='bbox 1526 1221 1627 1262; x_wconf 86' lang='lat' dir='ltr'>enim</span> <span class='ocrx_word' id='word_1_563' title='bbox 1656 1234 1722 1262; x_wconf 88' lang='lat' dir='ltr'>aut</span> <span class='ocrx_word' id='word_1_564' title='bbox 1744 1218 1821 1277; x_wconf 75' lang='lat' dir='ltr'>fhli</span> <span class='ocrx_word' id='word_1_565' title='bbox 1852 1221 1988 1263; x_wconf 77' lang='lat' dir='ltr'>David</span> <span class='ocrx_word' id='word_1_566' title='bbox 2016 1221 2155 1263; x_wconf 82' lang='lat' dir='ltr'>bonum</span> 
     </span>
    </p>

    <p class='ocr_par' dir='ltr' id='par_1_31' title="bbox 1221 1279 2154 1339">
     <span class='ocr_line' id='line_1_84' title="bbox 1221 1279 2154 1339; baseline 0.004 -19"><span class='ocrx_word' id='word_1_567' title='bbox 1221 1295 1268 1320; x_wconf 75' lang='lat' dir='ltr'>ex</span> <span class='ocrx_word' id='word_1_568' title='bbox 1299 1279 1498 1338; x_wconf 76' lang='lat' dir='ltr'>semetipso</span> <span class='ocrx_word' id='word_1_569' title='bbox 1528 1281 1689 1339; x_wconf 84' lang='lat' dir='ltr'>cogitare</span> <span class='ocrx_word' id='word_1_570' title='bbox 1716 1280 1931 1338; x_wconf 67' lang='lat' dir='ltr'>conceff&#39;um</span> <span class='ocrx_word' id='word_1_571' title='bbox 1960 1282 2016 1339; x_wconf 78' lang='lat' dir='ltr'>est</span> <span class='ocrx_word' id='word_1_572' title='bbox 2035 1312 2048 1335; x_wconf 94' lang='lat'>,</span> <span class='ocrx_word' id='word_1_573' title='bbox 2081 1295 2154 1324; x_wconf 80' lang='lat' dir='ltr'>aut</span> 
     </span>
    </p>

    <p class='ocr_par' dir='ltr' id='par_1_32' title="bbox 1224 1335 2253 1460">
     <span class='ocr_line' id='line_1_85' title="bbox 1225 1335 2253 1401; baseline 0.006 -22"><span class='ocrx_word' id='word_1_574' title='bbox 1225 1338 1350 1392; x_wconf 81' lang='lat' dir='ltr'>nobis,</span> <span class='ocrx_word' id='word_1_575' title='bbox 1379 1335 1395 1362; x_wconf 73' lang='lat' dir='ltr'>f</span> <span class='ocrx_word' id='word_1_576' title='bbox 1423 1355 1470 1380; x_wconf 85' lang='lat' dir='ltr'>ne</span> <span class='ocrx_word' id='word_1_577' title='bbox 1499 1340 1591 1395; x_wconf 83' lang='lat' dir='ltr'>quid</span> <span class='ocrx_word' id='word_1_578' title='bbox 1619 1339 1704 1381; x_wconf 81' lang='lat' dir='ltr'>bom·</span> <span class='ocrx_word' id='word_1_579' title='bbox 1714 1355 1889 1396; x_wconf 87' lang='lat' dir='ltr'>umquam</span> <span class='ocrx_word' id='word_1_580' title='bbox 1900 1343 2056 1401; x_wconf 85' lang='lat' dir='ltr'>sapere,</span> <span class='ocrx_word' id='word_1_581' title='bbox 2087 1353 2155 1384; x_wconf 85' lang='lat' dir='ltr'>aut</span> <span class='ocrx_word' id='word_1_582' title='bbox 2185 1370 2209 1386; x_wconf 54' lang='grc' dir='ltr'>ψ.</span> <span class='ocrx_word' id='word_1_583' title='bbox 2237 1363 2253 1394; x_wconf 82' lang='lat' dir='ltr'>s</span> 
     </span>
     <span class='ocr_line' id='line_1_86' title="bbox 1224 1398 2207 1460; baseline 0.006 -22"><span class='ocrx_word' id='word_1_584' title='bbox 1224 1399 1384 1457; x_wconf 80' lang='lat' dir='ltr'>cogitare</span> <span class='ocrx_word' id='word_1_585' title='bbox 1407 1398 1610 1457; x_wconf 84' lang='lat' dir='ltr'>poffimus‚</span> <span class='ocrx_word' id='word_1_586' title='bbox 1641 1398 1887 1454; x_wconf 86' lang='lat' dir='ltr'>naturaliter,</span> <span class='ocrx_word' id='word_1_587' title='bbox 1925 1402 2153 1460; x_wconf 55' lang='lat' dir='ltr'>denegatur,</span> <span class='ocrx_word' id='word_1_588' title='bbox 2194 1398 2207 1402; x_wconf 47' lang='lat'><strong><em>⁴</em></strong></span> 
     </span>
    </p>

    <p class='ocr_par' dir='ltr' id='par_1_33' title="bbox 1287 1458 2331 1525">
     <span class='ocr_line' id='line_1_87' title="bbox 1287 1458 2331 1525; baseline 0.007 -26"><span class='ocrx_word' id='word_1_589' title='bbox 1287 1472 1324 1500; x_wconf 87' lang='lat'>2.</span> <span class='ocrx_word' id='word_1_590' title='bbox 1357 1459 1486 1500; x_wconf 89' lang='lat' dir='ltr'>Nullo</span> <span class='ocrx_word' id='word_1_591' title='bbox 1517 1458 1635 1501; x_wconf 90' lang='lat' dir='ltr'>modo</span> <span class='ocrx_word' id='word_1_592' title='bbox 1666 1461 1743 1502; x_wconf 93' lang='lat' dir='ltr'>hoc</span> <span class='ocrx_word' id='word_1_593' title='bbox 1773 1460 2003 1504; x_wconf 88' lang='lat' dir='ltr'>testimonio</span> <span class='ocrx_word' id='word_1_594' title='bbox 2033 1474 2154 1520; x_wconf 88' lang='lat' dir='ltr'>atque</span> <span class='ocrx_word' id='word_1_595' title='bbox 2171 1483 2331 1525; x_wconf 65' lang='lat' dir='ltr'>{Cogita-</span> 
     </span>
    </p>

    <p class='ocr_par' dir='ltr' id='par_1_34' title="bbox 1217 1519 2332 2302">
     <span class='ocr_line' id='line_1_88' title="bbox 1222 1519 2316 1580; baseline 0.005 -21"><span class='ocrx_word' id='word_1_596' title='bbox 1222 1530 1462 1576; x_wconf 85' lang='lat' dir='ltr'>argumento</span> <span class='ocrx_word' id='word_1_597' title='bbox 1491 1532 1509 1559; x_wconf 74' lang='grc' dir='ltr'>ι</span> <span class='ocrx_word' id='word_1_598' title='bbox 1541 1520 1701 1576; x_wconf 87' lang='lat' dir='ltr'>probari</span> <span class='ocrx_word' id='word_1_599' title='bbox 1732 1520 1892 1578; x_wconf 81' lang='lat' dir='ltr'>potest3</span> <span class='ocrx_word' id='word_1_600' title='bbox 1932 1519 2037 1578; x_wconf 89' lang='lat' dir='ltr'>quod</span> <span class='ocrx_word' id='word_1_601' title='bbox 2077 1522 2153 1580; x_wconf 84' lang='lat' dir='ltr'>piae</span> <span class='ocrx_word' id='word_1_602' title='bbox 2174 1524 2269 1570; x_wconf 52' lang='lat' dir='ltr'>tion&amp;</span> <span class='ocrx_word' id='word_1_603' title='bbox 2311 1564 2316 1569; x_wconf 80' lang='grc'><strong>,</strong></span> 
     </span>
     <span class='ocr_line' id='line_1_89' title="bbox 1222 1564 2332 1635; baseline 0.005 -16"><span class='ocrx_word' id='word_1_604' title='bbox 1222 1578 1490 1635; x_wconf 83' lang='lat' dir='ltr'>cogitationes</span> <span class='ocrx_word' id='word_1_605' title='bbox 1521 1592 1572 1620; x_wconf 86' lang='lat' dir='ltr'>ex</span> <span class='ocrx_word' id='word_1_606' title='bbox 1605 1578 1685 1620; x_wconf 89' lang='lat' dir='ltr'>solo</span> <span class='ocrx_word' id='word_1_607' title='bbox 1715 1581 1842 1623; x_wconf 91' lang='lat' dir='ltr'>libero</span> <span class='ocrx_word' id='word_1_608' title='bbox 1873 1581 2040 1623; x_wconf 90' lang='lat' dir='ltr'>arbitrio</span> <span class='ocrx_word' id='word_1_609' title='bbox 2061 1611 2076 1635; x_wconf 92' lang='lat'>,</span> <span class='ocrx_word' id='word_1_610' title='bbox 2114 1582 2153 1623; x_wconf 84' lang='lat'>8&lt;</span> <span class='ocrx_word' id='word_1_611' title='bbox 2171 1574 2239 1634; x_wconf 59' lang='grc' dir='ltr'><strong><em>ξζῗῗ,</em></strong></span> <span class='ocrx_word' id='word_1_612' title='bbox 2255 1564 2332 1635; x_wconf 61' lang='grc' dir='ltr'><em>ζξὲξ·</em></span> 
     </span>
     <span class='ocr_line' id='line_1_90' title="bbox 1223 1637 2331 1694; baseline 0.004 -15"><span class='ocrx_word' id='word_1_613' title='bbox 1223 1652 1305 1679; x_wconf 91' lang='lat' dir='ltr'>non</span> <span class='ocrx_word' id='word_1_614' title='bbox 1337 1651 1388 1680; x_wconf 85' lang='lat' dir='ltr'>ex</span> <span class='ocrx_word' id='word_1_615' title='bbox 1411 1637 1767 1694; x_wconf 87' lang='lat' dir='ltr'>Deiinspiratione</span> <span class='ocrx_word' id='word_1_616' title='bbox 1778 1640 2014 1684; x_wconf 87' lang='lat' dir='ltr'>nascantur.</span> <span class='ocrx_word' id='word_1_617' title='bbox 2047 1642 2150 1683; x_wconf 91' lang='lat' dir='ltr'>Non</span> <span class='ocrx_word' id='word_1_618' title='bbox 2174 1644 2249 1691; x_wconf 53' lang='grc' dir='ltr'>τῆς,</span> <span class='ocrx_word' id='word_1_619' title='bbox 2272 1645 2331 1690; x_wconf 58' lang='lat' dir='ltr'>flue</span> 
     </span>
     <span class='ocr_line' id='line_1_91' title="bbox 1219 1685 2329 1759; baseline 0.004 -19"><span class='ocrx_word' id='word_1_620' title='bbox 1219 1698 1332 1740; x_wconf 88' lang='lat' dir='ltr'>enirn</span> <span class='ocrx_word' id='word_1_621' title='bbox 1363 1694 1453 1738; x_wconf 89' lang='lat' dir='ltr'>ideo</span> <span class='ocrx_word' id='word_1_622' title='bbox 1485 1698 1668 1740; x_wconf 89' lang='lat' dir='ltr'>voluntas</span> <span class='ocrx_word' id='word_1_623' title='bbox 1701 1699 1867 1754; x_wconf 88' lang='lat' dir='ltr'>David,</span> <span class='ocrx_word' id='word_1_624' title='bbox 1896 1715 1980 1758; x_wconf 87' lang='lat' dir='ltr'>quae</span> <span class='ocrx_word' id='word_1_625' title='bbox 2010 1685 2329 1759; x_wconf 42' lang='lat' dir='ltr'>utiquerssssffgssgffi‘</span> 
     </span>
     <span class='ocr_line' id='line_1_92' title="bbox 1219 1757 2327 1810; baseline 0.004 -10"><span class='ocrx_word' id='word_1_626' title='bbox 1219 1757 1326 1800; x_wconf 86' lang='lat' dir='ltr'>bona</span> <span class='ocrx_word' id='word_1_627' title='bbox 1355 1768 1467 1810; x_wconf 85' lang='lat' dir='ltr'>erat,</span> <span class='ocrx_word' id='word_1_628' title='bbox 1498 1770 1579 1799; x_wconf 89' lang='lat' dir='ltr'>non</span> <span class='ocrx_word' id='word_1_629' title='bbox 1611 1773 1664 1800; x_wconf 84' lang='lat' dir='ltr'>ex</span> <span class='ocrx_word' id='word_1_630' title='bbox 1696 1761 1790 1802; x_wconf 90' lang='lat' dir='ltr'>Deo</span> <span class='ocrx_word' id='word_1_631' title='bbox 1821 1759 1930 1803; x_wconf 79' lang='lat' dir='ltr'>fuisse</span> <span class='ocrx_word' id='word_1_632' title='bbox 1950 1760 2149 1803; x_wconf 89' lang='lat' dir='ltr'>credenda</span> <span class='ocrx_word' id='word_1_633' title='bbox 2171 1765 2327 1796; x_wconf 78' lang='lat' dir='ltr'>nonoriri.</span> 
     </span>
     <span class='ocr_line' id='line_1_93' title="bbox 1224 1815 2273 1876; baseline 0.002 -15"><span class='ocrx_word' id='word_1_634' title='bbox 1224 1816 1303 1871; x_wconf 87' lang='lat' dir='ltr'>est,</span> <span class='ocrx_word' id='word_1_635' title='bbox 1331 1817 1425 1874; x_wconf 87' lang='lat' dir='ltr'>quia</span> <span class='ocrx_word' id='word_1_636' title='bbox 1456 1818 1656 1876; x_wconf 85' lang='lat' dir='ltr'>templum</span> <span class='ocrx_word' id='word_1_637' title='bbox 1686 1818 1757 1861; x_wconf 86' lang='lat' dir='ltr'>fibi</span> <span class='ocrx_word' id='word_1_638' title='bbox 1790 1819 2086 1863; x_wconf 90' lang='lat' dir='ltr'>Dominusnon</span> <span class='ocrx_word' id='word_1_639' title='bbox 2099 1821 2152 1863; x_wconf 92' lang='lat' dir='ltr'>ab</span> <span class='ocrx_word' id='word_1_640' title='bbox 2252 1815 2273 1845; x_wconf 54' lang='grc' dir='ltr'>ἕ</span> 
     </span>
     <span class='ocr_line' id='line_1_94' title="bbox 1224 1876 2150 1938; baseline 0.001 -17"><span class='ocrx_word' id='word_1_641' title='bbox 1224 1891 1272 1921; x_wconf 88' lang='lat' dir='ltr'>eo</span> <span class='ocrx_word' id='word_1_642' title='bbox 1314 1876 1497 1920; x_wconf 84' lang='lat' dir='ltr'>aedificari</span> <span class='ocrx_word' id='word_1_643' title='bbox 1516 1908 1531 1933; x_wconf 93' lang='lat'>,</span> <span class='ocrx_word' id='word_1_644' title='bbox 1570 1876 1688 1921; x_wconf 83' lang='lat' dir='ltr'>seda</span> <span class='ocrx_word' id='word_1_645' title='bbox 1720 1878 1802 1922; x_wconf 88' lang='lat' dir='ltr'>filio</span> <span class='ocrx_word' id='word_1_646' title='bbox 1834 1880 1951 1938; x_wconf 81' lang='lat' dir='ltr'>ipsius</span> <span class='ocrx_word' id='word_1_647' title='bbox 1990 1881 2119 1924; x_wconf 89' lang='lat' dir='ltr'>voluit</span> <span class='ocrx_word' id='word_1_648' title='bbox 2139 1912 2150 1922; x_wconf 91' lang='lat'>.</span> 
     </span>
     <span class='ocr_line' id='line_1_95' title="bbox 1219 1938 2154 2000; baseline 0.004 -20"><span class='ocrx_word' id='word_1_649' title='bbox 1219 1938 1492 1999; x_wconf 74' lang='lat' dir='ltr'>Quaerendum</span> <span class='ocrx_word' id='word_1_650' title='bbox 1523 1938 1707 1996; x_wconf 87' lang='lat' dir='ltr'>ergoest,</span> <span class='ocrx_word' id='word_1_651' title='bbox 1737 1939 1876 1998; x_wconf 90' lang='lat' dir='ltr'>dequo</span> <span class='ocrx_word' id='word_1_652' title='bbox 1909 1941 2050 1999; x_wconf 91' lang='lat' dir='ltr'>spiritu</span> <span class='ocrx_word' id='word_1_653' title='bbox 2062 1956 2154 2000; x_wconf 91' lang='lat' dir='ltr'>pro-</span> 
     </span>
     <span class='ocr_line' id='line_1_96' title="bbox 1217 1996 2252 2056; baseline 0 -12"><span class='ocrx_word' id='word_1_654' title='bbox 1217 1998 1372 2045; x_wconf 78' lang='lat' dir='ltr'>cefferit</span> <span class='ocrx_word' id='word_1_655' title='bbox 1402 1998 1561 2042; x_wconf 69' lang='lat' dir='ltr'>affe-&amp;us</span> <span class='ocrx_word' id='word_1_656' title='bbox 1593 1996 1611 2022; x_wconf 81' lang='lat'>¹²</span> <span class='ocrx_word' id='word_1_657' title='bbox 1642 1997 1748 2042; x_wconf 90' lang='lat' dir='ltr'>istius</span> <span class='ocrx_word' id='word_1_658' title='bbox 1769 2002 2007 2056; x_wconf 85' lang='lat' dir='ltr'>voluntatis,</span> <span class='ocrx_word' id='word_1_659' title='bbox 2041 2017 2154 2046; x_wconf 89' lang='lat' dir='ltr'>nem·</span> <span class='ocrx_word' id='word_1_660' title='bbox 2231 2008 2252 2038; x_wconf 85' lang='lat' dir='ltr'><strong>h</strong></span> 
     </span>
     <span class='ocr_line' id='line_1_97' title="bbox 1221 2058 2250 2121; baseline 0.001 -19"><span class='ocrx_word' id='word_1_661' title='bbox 1221 2074 1272 2118; x_wconf 86' lang='lat' dir='ltr'>pe</span> <span class='ocrx_word' id='word_1_662' title='bbox 1301 2059 1350 2103; x_wconf 86' lang='lat' dir='ltr'>de</span> <span class='ocrx_word' id='word_1_663' title='bbox 1382 2059 1451 2102; x_wconf 90' lang='lat' dir='ltr'>illo</span> <span class='ocrx_word' id='word_1_664' title='bbox 1482 2060 1491 2088; x_wconf 78' lang='lat'><em>¹</em></span> <span class='ocrx_word' id='word_1_665' title='bbox 1522 2058 1607 2104; x_wconf 89' lang='lat' dir='ltr'>Dei</span> <span class='ocrx_word' id='word_1_666' title='bbox 1635 2091 1648 2115; x_wconf 94' lang='lat'>,</span> <span class='ocrx_word' id='word_1_667' title='bbox 1685 2063 1730 2104; x_wconf 89' lang='lat' dir='ltr'>in</span> <span class='ocrx_word' id='word_1_668' title='bbox 1761 2078 1839 2121; x_wconf 91' lang='lat' dir='ltr'>quo</span> <span class='ocrx_word' id='word_1_669' title='bbox 1878 2062 2036 2106; x_wconf 85' lang='lat' dir='ltr'>dicebat</span> <span class='ocrx_word' id='word_1_670' title='bbox 2056 2095 2069 2118; x_wconf 89' lang='lat'>,</span> <span class='ocrx_word' id='word_1_671' title='bbox 2108 2063 2153 2103; x_wconf 82' lang='lat' dir='ltr'>Si</span> <span class='ocrx_word' id='word_1_672' title='bbox 2240 2087 2250 2118; x_wconf 88' lang='lat' dir='ltr'>i</span> 
     </span>
     <span class='ocr_line' id='line_1_98' title="bbox 1221 2119 2331 2181; baseline 0.005 -20"><span class='ocrx_word' id='word_1_673' title='bbox 1221 2121 1398 2162; x_wconf 79' lang='lat' dir='ltr'>introiero</span> <span class='ocrx_word' id='word_1_674' title='bbox 1429 2121 1471 2162; x_wconf 85' lang='lat' dir='ltr'>in</span> <span class='ocrx_word' id='word_1_675' title='bbox 1482 2119 1764 2164; x_wconf 81' lang='lat' dir='ltr'>tabernaculum</span> <span class='ocrx_word' id='word_1_676' title='bbox 1795 2125 1924 2165; x_wconf 83' lang='lat' dir='ltr'>domus</span> <span class='ocrx_word' id='word_1_677' title='bbox 1954 2140 2043 2167; x_wconf 85' lang='lat' dir='ltr'>meae</span> <span class='ocrx_word' id='word_1_678' title='bbox 2067 2154 2080 2179; x_wconf 87' lang='lat'>,</span> <span class='ocrx_word' id='word_1_679' title='bbox 2112 2123 2156 2181; x_wconf 82' lang='lat' dir='ltr'>si</span> <span class='ocrx_word' id='word_1_680' title='bbox 2174 2129 2331 2168; x_wconf 85' lang='lat' dir='ltr'><em>PJ·¹3¹·3·</em></span> 
     </span>
     <span class='ocr_line' id='line_1_99' title="bbox 1226 2178 2255 2240; baseline 0.002 -17"><span class='ocrx_word' id='word_1_681' title='bbox 1226 2178 1445 2238; x_wconf 81' lang='lat' dir='ltr'>adscendero</span> <span class='ocrx_word' id='word_1_682' title='bbox 1475 2181 1517 2222; x_wconf 85' lang='lat' dir='ltr'>in</span> <span class='ocrx_word' id='word_1_683' title='bbox 1545 2178 1683 2223; x_wconf 61' lang='lat' dir='ltr'>leffum</span> <span class='ocrx_word' id='word_1_684' title='bbox 1713 2179 1732 2206; x_wconf 80' lang='lat'>¹‘</span> <span class='ocrx_word' id='word_1_685' title='bbox 1750 2184 1897 2239; x_wconf 82' lang='lat' dir='ltr'>stratus</span> <span class='ocrx_word' id='word_1_686' title='bbox 1925 2185 1999 2224; x_wconf 84' lang='lat' dir='ltr'>mei</span> <span class='ocrx_word' id='word_1_687' title='bbox 2008 2200 2022 2240; x_wconf 76' lang='lat'>3</span> <span class='ocrx_word' id='word_1_688' title='bbox 2044 2184 2157 2240; x_wconf 85' lang='lat' dir='ltr'>side-</span> <span class='ocrx_word' id='word_1_689' title='bbox 2234 2209 2255 2239; x_wconf 88' lang='lat' dir='ltr'>k</span> 
     </span>
     <span class='ocr_line' id='line_1_100' title="bbox 1224 2239 2159 2302; baseline 0 -19"><span class='ocrx_word' id='word_1_690' title='bbox 1224 2243 1310 2283; x_wconf 83' lang='lat' dir='ltr'>dero</span> <span class='ocrx_word' id='word_1_691' title='bbox 1339 2241 1516 2297; x_wconf 88' lang='lat' dir='ltr'>somnum</span> <span class='ocrx_word' id='word_1_692' title='bbox 1557 2239 1671 2282; x_wconf 89' lang='lat' dir='ltr'>oculis</span> <span class='ocrx_word' id='word_1_693' title='bbox 1707 2243 1797 2284; x_wconf 86' lang='lat' dir='ltr'>meis</span> <span class='ocrx_word' id='word_1_694' title='bbox 1815 2273 1829 2296; x_wconf 89' lang='lat'>‚</span> <span class='ocrx_word' id='word_1_695' title='bbox 1866 2257 1934 2284; x_wconf 86' lang='lat' dir='ltr'>aut</span> <span class='ocrx_word' id='word_1_696' title='bbox 1966 2240 2159 2302; x_wconf 78' lang='lat' dir='ltr'>palpebris</span> 
     </span>
    </p>

    <p class='ocr_par' dir='ltr' id='par_1_35' title="bbox 1225 2300 2160 2362">
     <span class='ocr_line' id='line_1_101' title="bbox 1225 2300 2160 2362; baseline 0.002 -20"><span class='ocrx_word' id='word_1_697' title='bbox 1225 2302 1314 2342; x_wconf 84' lang='lat' dir='ltr'>meis</span> <span class='ocrx_word' id='word_1_698' title='bbox 1342 2300 1664 2355; x_wconf 80' lang='lat' dir='ltr'>dormitationem,</span> <span class='ocrx_word' id='word_1_699' title='bbox 1693 2316 1761 2343; x_wconf 90' lang='lat' dir='ltr'>aut</span> <span class='ocrx_word' id='word_1_700' title='bbox 1789 2319 1830 2344; x_wconf 88' lang='lat' dir='ltr'>re</span> <span class='ocrx_word' id='word_1_701' title='bbox 1857 2303 1954 2344; x_wconf 76' lang='lat' dir='ltr'>uiem</span> <span class='ocrx_word' id='word_1_702' title='bbox 1983 2305 2160 2362; x_wconf 83' lang='lat' dir='ltr'>tempori-</span> 
     </span>
    </p>

    <p class='ocr_par' dir='ltr' id='par_1_36' title="bbox 1225 2319 2160 2478">
     <span class='ocr_line' id='line_1_102' title="bbox 1225 2319 2160 2414; baseline -0.001 -12"><span class='ocrx_word' id='word_1_703' title='bbox 1225 2360 1290 2402; x_wconf 83' lang='lat' dir='ltr'>bus</span> <span class='ocrx_word' id='word_1_704' title='bbox 1318 2361 1430 2413; x_wconf 81' lang='lat' dir='ltr'>meis,</span> <span class='ocrx_word' id='word_1_705' title='bbox 1457 2360 1574 2402; x_wconf 77' lang='lat' dir='ltr'>donec</span> <span class='ocrx_word' id='word_1_706' title='bbox 1602 2362 1799 2403; x_wconf 83' lang='lat' dir='ltr'>inveniam</span> <span class='ocrx_word' id='word_1_707' title='bbox 1827 2319 1949 2403; x_wconf 52' lang='lat' dir='ltr'>jocum</span> <span class='ocrx_word' id='word_1_708' title='bbox 1979 2363 2160 2414; x_wconf 87' lang='lat' dir='ltr'>Domino,</span> 
     </span>
     <span class='ocr_line' id='line_1_103' title="bbox 1226 2416 2160 2478; baseline 0 -18"><span class='ocrx_word' id='word_1_709' title='bbox 1226 2416 1509 2461; x_wconf 79' lang='lat' dir='ltr'>tabernaculum</span> <span class='ocrx_word' id='word_1_710' title='bbox 1541 2421 1622 2460; x_wconf 88' lang='lat' dir='ltr'>Deo</span> <span class='ocrx_word' id='word_1_711' title='bbox 1644 2419 1790 2474; x_wconf 88' lang='lat' dir='ltr'>Jacob.</span> <span class='ocrx_word' id='word_1_712' title='bbox 1825 2421 1947 2478; x_wconf 82' lang='lat' dir='ltr'>Quod</span> <span class='ocrx_word' id='word_1_713' title='bbox 1959 2434 2052 2461; x_wconf 89' lang='lat' dir='ltr'>curn</span> <span class='ocrx_word' id='word_1_714' title='bbox 2065 2422 2160 2460; x_wconf 91' lang='lat' dir='ltr'>Pro-</span> 
     </span>
    </p>

    <p class='ocr_par' dir='ltr' id='par_1_37' title="bbox 1227 2477 2158 2535">
     <span class='ocr_line' id='line_1_104' title="bbox 1227 2477 2158 2535; baseline 0.006 -19"><span class='ocrx_word' id='word_1_715' title='bbox 1227 2477 1355 2532; x_wconf 68' lang='lat' dir='ltr'>phem</span> <span class='ocrx_word' id='word_1_716' title='bbox 1383 2477 1703 2532; x_wconf 89' lang='lat' dir='ltr'>concupisceret,</span> <span class='ocrx_word' id='word_1_717' title='bbox 1733 2492 1815 2519; x_wconf 90' lang='lat' dir='ltr'>non</span> <span class='ocrx_word' id='word_1_718' title='bbox 1847 2478 2060 2535; x_wconf 87' lang='lat' dir='ltr'>ignorabat</span> <span class='ocrx_word' id='word_1_719' title='bbox 2092 2493 2158 2522; x_wconf 87' lang='lat' dir='ltr'>ve·</span> 
     </span>
    </p>

    <p class='ocr_par' dir='ltr' id='par_1_38' title="bbox 1227 2533 2159 2594">
     <span class='ocr_line' id='line_1_105' title="bbox 1227 2533 2159 2594; baseline 0.006 -20"><span class='ocrx_word' id='word_1_720' title='bbox 1227 2547 1318 2574; x_wconf 87' lang='lat' dir='ltr'>rum</span> <span class='ocrx_word' id='word_1_721' title='bbox 1348 2533 1446 2575; x_wconf 87' lang='lat' dir='ltr'>illud</span> <span class='ocrx_word' id='word_1_722' title='bbox 1475 2535 1778 2592; x_wconf 63' lang='lat' dir='ltr'>perfessumque</span> <span class='ocrx_word' id='word_1_723' title='bbox 1808 2538 2008 2594; x_wconf 86' lang='lat' dir='ltr'>templum</span> <span class='ocrx_word' id='word_1_724' title='bbox 2038 2538 2089 2580; x_wconf 90' lang='lat' dir='ltr'>ab</span> <span class='ocrx_word' id='word_1_725' title='bbox 2110 2539 2159 2581; x_wconf 88' lang='lat' dir='ltr'>il-</span> 
     </span>
    </p>

    <p class='ocr_par' dir='ltr' id='par_1_39' title="bbox 1227 2590 2156 2652">
     <span class='ocr_line' id='line_1_106' title="bbox 1227 2590 2156 2652; baseline 0.005 -17"><span class='ocrx_word' id='word_1_726' title='bbox 1227 2593 1268 2635; x_wconf 94' lang='lat' dir='ltr'>lo</span> <span class='ocrx_word' id='word_1_727' title='bbox 1297 2590 1373 2634; x_wconf 82' lang='lat' dir='ltr'>esse</span> <span class='ocrx_word' id='word_1_728' title='bbox 1403 2590 1682 2648; x_wconf 87' lang='lat' dir='ltr'>condendum,</span> <span class='ocrx_word' id='word_1_729' title='bbox 1710 2596 1880 2652; x_wconf 90' lang='lat' dir='ltr'>quicum</span> <span class='ocrx_word' id='word_1_730' title='bbox 1901 2597 1995 2639; x_wconf 88' lang='lat' dir='ltr'>eflet</span> <span class='ocrx_word' id='word_1_731' title='bbox 2028 2598 2156 2640; x_wconf 88' lang='lat' dir='ltr'>Filius</span> 
     </span>
    </p>

    <p class='ocr_par' dir='ltr' id='par_1_40' title="bbox 1225 2651 2247 2772">
     <span class='ocr_line' id='line_1_107' title="bbox 1227 2651 2247 2716; baseline 0.005 -21"><span class='ocrx_word' id='word_1_732' title='bbox 1227 2652 1344 2704; x_wconf 90' lang='lat' dir='ltr'>Dei,</span> <span class='ocrx_word' id='word_1_733' title='bbox 1383 2651 1507 2694; x_wconf 64' lang='lat' dir='ltr'>fafiius</span> <span class='ocrx_word' id='word_1_734' title='bbox 1547 2651 1602 2695; x_wconf 90' lang='lat' dir='ltr'>est</span> <span class='ocrx_word' id='word_1_735' title='bbox 1631 2655 1756 2697; x_wconf 88' lang='lat' dir='ltr'>etiam</span> <span class='ocrx_word' id='word_1_736' title='bbox 1786 2654 1888 2698; x_wconf 90' lang='lat' dir='ltr'>filius</span> <span class='ocrx_word' id='word_1_737' title='bbox 1920 2656 2060 2699; x_wconf 86' lang='lat' dir='ltr'>David</span> <span class='ocrx_word' id='word_1_738' title='bbox 2091 2672 2106 2713; x_wconf 80' lang='lat'><em>3</em></span> <span class='ocrx_word' id='word_1_739' title='bbox 2143 2661 2156 2688; x_wconf 83' lang='lat'><strong>¹</strong></span> <span class='ocrx_word' id='word_1_740' title='bbox 2237 2685 2247 2716; x_wconf 90' lang='lat'><em>1</em></span> 
     </span>
     <span class='ocr_line' id='line_1_108' title="bbox 1225 2710 2155 2772; baseline 0.008 -20"><span class='ocrx_word' id='word_1_741' title='bbox 1225 2712 1370 2769; x_wconf 89' lang='lat' dir='ltr'>quique</span> <span class='ocrx_word' id='word_1_742' title='bbox 1400 2726 1493 2754; x_wconf 89' lang='lat' dir='ltr'>cum</span> <span class='ocrx_word' id='word_1_743' title='bbox 1523 2710 1680 2756; x_wconf 90' lang='lat' dir='ltr'>videret</span> <span class='ocrx_word' id='word_1_744' title='bbox 1710 2716 1944 2772; x_wconf 87' lang='lat' dir='ltr'>ternpluma</span> <span class='ocrx_word' id='word_1_745' title='bbox 1976 2717 2155 2759; x_wconf 89' lang='lat' dir='ltr'>Salomo-</span> 
     </span>
    </p>

    <p class='ocr_par' dir='ltr' id='par_1_41' title="bbox 1220 2770 2330 2954">
     <span class='ocr_line' id='line_1_109' title="bbox 1227 2770 2330 2828; baseline 0.005 -14"><span class='ocrx_word' id='word_1_746' title='bbox 1227 2786 1279 2814; x_wconf 89' lang='lat' dir='ltr'>ne</span> <span class='ocrx_word' id='word_1_747' title='bbox 1309 2770 1575 2814; x_wconf 65' lang='lat' dir='ltr'>construe‘ium</span> <span class='ocrx_word' id='word_1_748' title='bbox 1600 2802 1614 2825; x_wconf 87' lang='lat'>,</span> <span class='ocrx_word' id='word_1_749' title='bbox 1651 2772 1809 2817; x_wconf 87' lang='lat' dir='ltr'>dicebat</span> <span class='ocrx_word' id='word_1_750' title='bbox 1827 2805 1840 2828; x_wconf 89' lang='lat'>‚</span> <span class='ocrx_word' id='word_1_751' title='bbox 1879 2774 2034 2818; x_wconf 82' lang='lat' dir='ltr'>Solvite</span> <span class='ocrx_word' id='word_1_752' title='bbox 2062 2770 2330 2819; x_wconf 48' lang='lat' dir='ltr'>tem-Joaeimao·</span> 
     </span>
     <span class='ocr_line' id='line_1_110' title="bbox 1220 2822 2280 2891; baseline 0.008 -20"><span class='ocrx_word' id='word_1_753' title='bbox 1220 2829 1335 2891; x_wconf 85' lang='lat' dir='ltr'>plum</span> <span class='ocrx_word' id='word_1_754' title='bbox 1365 2831 1435 2872; x_wconf 85' lang='lat' dir='ltr'>boc</span> <span class='ocrx_word' id='word_1_755' title='bbox 1452 2862 1466 2886; x_wconf 85' lang='lat'>‚</span> <span class='ocrx_word' id='word_1_756' title='bbox 1505 2831 1556 2874; x_wconf 66' lang='grc' dir='ltr'>(Τ</span> <span class='ocrx_word' id='word_1_757' title='bbox 1584 2833 1626 2874; x_wconf 84' lang='lat' dir='ltr'>in</span> <span class='ocrx_word' id='word_1_758' title='bbox 1654 2834 1780 2875; x_wconf 78' lang='lat' dir='ltr'>triduo</span> <span class='ocrx_word' id='word_1_759' title='bbox 1810 2834 1995 2891; x_wconf 88' lang='lat' dir='ltr'>suscitabo</span> <span class='ocrx_word' id='word_1_760' title='bbox 2024 2834 2124 2878; x_wconf 78' lang='lat' dir='ltr'>illud</span> <span class='ocrx_word' id='word_1_761' title='bbox 2144 2867 2156 2877; x_wconf 88' lang='lat'><strong>.</strong></span> <span class='ocrx_word' id='word_1_762' title='bbox 2172 2822 2211 2854; x_wconf 60' lang='lat'>&lt;⁹</span> <span class='ocrx_word' id='word_1_763' title='bbox 2232 2832 2280 2854; x_wconf 78' lang='lat'>²¹⁸</span> 
     </span>
     <span class='ocr_line' id='line_1_111' title="bbox 1223 2891 2157 2954; baseline 0.005 -20"><span class='ocrx_word' id='word_1_764' title='bbox 1223 2891 1386 2934; x_wconf 85' lang='lat' dir='ltr'>Dicebat</span> <span class='ocrx_word' id='word_1_765' title='bbox 1414 2905 1545 2932; x_wconf 87' lang='lat' dir='ltr'>autem</span> <span class='ocrx_word' id='word_1_766' title='bbox 1571 2891 1619 2933; x_wconf 84' lang='lat' dir='ltr'>de</span> <span class='ocrx_word' id='word_1_767' title='bbox 1646 2892 1789 2952; x_wconf 84' lang='lat' dir='ltr'>templo</span> <span class='ocrx_word' id='word_1_768' title='bbox 1798 2897 1957 2954; x_wconf 85' lang='lat' dir='ltr'>corporis</span> <span class='ocrx_word' id='word_1_769' title='bbox 1968 2894 2032 2952; x_wconf 90' lang='lat' dir='ltr'>sui</span> <span class='ocrx_word' id='word_1_770' title='bbox 2047 2927 2058 2938; x_wconf 87' lang='lat'><strong>.</strong></span> <span class='ocrx_word' id='word_1_771' title='bbox 2090 2898 2157 2950; x_wconf 89' lang='lat' dir='ltr'>Ut</span> 
     </span>
    </p>

    <p class='ocr_par' dir='ltr' id='par_1_42' title="bbox 1225 2951 2158 3013">
     <span class='ocr_line' id='line_1_112' title="bbox 1225 2951 2158 3013; baseline 0.004 -19"><span class='ocrx_word' id='word_1_772' title='bbox 1225 2966 1322 3009; x_wconf 88' lang='lat' dir='ltr'>ergo</span> <span class='ocrx_word' id='word_1_773' title='bbox 1335 2992 1339 2995; x_wconf 92' lang='grc'><em>,</em></span> <span class='ocrx_word' id='word_1_774' title='bbox 1353 2952 1431 2995; x_wconf 88' lang='lat' dir='ltr'>hoc</span> <span class='ocrx_word' id='word_1_775' title='bbox 1461 2951 1662 3009; x_wconf 82' lang='lat' dir='ltr'>templum</span> <span class='ocrx_word' id='word_1_776' title='bbox 1692 2953 2022 3012; x_wconf 64' lang='lat' dir='ltr'>praefiguraretur,</span> <span class='ocrx_word' id='word_1_777' title='bbox 2051 2955 2158 3013; x_wconf 90' lang='lat' dir='ltr'>quod</span> 
     </span>
    </p>

    <p class='ocr_par' dir='ltr' id='par_1_43' title="bbox 1219 3009 2251 3193">
     <span class='ocr_line' id='line_1_113' title="bbox 1225 3009 2158 3074; baseline 0.006 -22"><span class='ocrx_word' id='word_1_778' title='bbox 1225 3011 1269 3053; x_wconf 93' lang='lat' dir='ltr'>in</span> <span class='ocrx_word' id='word_1_779' title='bbox 1303 3009 1466 3054; x_wconf 88' lang='lat' dir='ltr'>Christo</span> <span class='ocrx_word' id='word_1_780' title='bbox 1497 3013 1535 3054; x_wconf 91' lang='lat'>&amp;</span> <span class='ocrx_word' id='word_1_781' title='bbox 1566 3013 1609 3053; x_wconf 93' lang='lat' dir='ltr'>in</span> <span class='ocrx_word' id='word_1_782' title='bbox 1643 3014 1819 3057; x_wconf 81' lang='lat' dir='ltr'>Ecclesia</span> <span class='ocrx_word' id='word_1_783' title='bbox 1850 3014 2158 3074; x_wconf 87' lang='lat' dir='ltr'>disponebatur,</span> 
     </span>
     <span class='ocr_line' id='line_1_114' title="bbox 1223 3069 2251 3132; baseline 0.006 -19"><span class='ocrx_word' id='word_1_784' title='bbox 1223 3071 1371 3113; x_wconf 89' lang='lat' dir='ltr'>merito</span> <span class='ocrx_word' id='word_1_785' title='bbox 1406 3069 1456 3112; x_wconf 93' lang='lat' dir='ltr'>ad</span> <span class='ocrx_word' id='word_1_786' title='bbox 1486 3074 1514 3093; x_wconf 81' lang='lat'>¹¹³</span> <span class='ocrx_word' id='word_1_787' title='bbox 1542 3071 1844 3116; x_wconf 72' lang='lat' dir='ltr'>instruffionem</span> <span class='ocrx_word' id='word_1_788' title='bbox 1873 3076 1955 3132; x_wconf 87' lang='lat' dir='ltr'>ejus</span> <span class='ocrx_word' id='word_1_789' title='bbox 1975 3090 2058 3117; x_wconf 91' lang='lat' dir='ltr'>non</span> <span class='ocrx_word' id='word_1_790' title='bbox 2070 3077 2158 3118; x_wconf 87' lang='lat' dir='ltr'>Da-</span> <span class='ocrx_word' id='word_1_791' title='bbox 2221 3109 2251 3129; x_wconf 86' lang='lat' dir='ltr'>m</span> 
     </span>
     <span class='ocr_line' id='line_1_115' title="bbox 1219 3129 2157 3193; baseline 0.006 -21"><span class='ocrx_word' id='word_1_792' title='bbox 1219 3129 1289 3172; x_wconf 88' lang='lat' dir='ltr'>vid</span> <span class='ocrx_word' id='word_1_793' title='bbox 1319 3132 1505 3190; x_wconf 85' lang='lat' dir='ltr'>eligitur,</span> <span class='ocrx_word' id='word_1_794' title='bbox 1535 3131 1600 3175; x_wconf 90' lang='lat' dir='ltr'>sed</span> <span class='ocrx_word' id='word_1_795' title='bbox 1630 3132 1731 3175; x_wconf 86' lang='lat' dir='ltr'>filius</span> <span class='ocrx_word' id='word_1_796' title='bbox 1765 3134 1936 3177; x_wconf 86' lang='lat' dir='ltr'>David:</span> <span class='ocrx_word' id='word_1_797' title='bbox 1966 3148 2011 3178; x_wconf 92' lang='lat' dir='ltr'>ut</span> <span class='ocrx_word' id='word_1_798' title='bbox 2032 3150 2104 3193; x_wconf 86' lang='lat' dir='ltr'>per</span> <span class='ocrx_word' id='word_1_799' title='bbox 2115 3135 2157 3178; x_wconf 85' lang='lat' dir='ltr'>fi-</span> 
     </span>
    </p>

    <p class='ocr_par' dir='ltr' id='par_1_44' title="bbox 1260 3194 2097 3238">
     <span class='ocr_line' id='line_1_116' title="bbox 1260 3194 2097 3238; baseline 0.005 -4"><span class='ocrx_word' id='word_1_800' title='bbox 1260 3224 1262 3226; x_wconf 60' lang='grc'><em>»</em></span> <span class='ocrx_word' id='word_1_801' title='bbox 1511 3223 1513 3225; x_wconf 80' lang='lat'>·</span> <span class='ocrx_word' id='word_1_802' title='bbox 1690 3194 1762 3236; x_wconf 92' lang='lat' dir='ltr'>Bb</span> <span class='ocrx_word' id='word_1_803' title='bbox 1997 3196 2097 3238; x_wconf 87' lang='lat' dir='ltr'>lium</span> 
     </span>
    </p>
   </div>
   <div class='ocr_carea' id='block_1_11' title="bbox 1224 3283 2157 3807">
    <p class='ocr_par' dir='ltr' id='par_1_45' title="bbox 1224 3283 2155 3396">
     <span class='ocr_line' id='line_1_117' title="bbox 1263 3283 2153 3328; baseline 0.003 -13"><span class='ocrx_word' id='word_1_804' title='bbox 1263 3283 1283 3314; x_wconf 84' lang='lat' dir='ltr'>h</span> <span class='ocrx_word' id='word_1_805' title='bbox 1303 3284 1438 3316; x_wconf 75' lang='lat' dir='ltr'>sieMff.</span> <span class='ocrx_word' id='word_1_806' title='bbox 1457 3285 1547 3317; x_wconf 82' lang='lat' dir='ltr'>Cotb.</span> <span class='ocrx_word' id='word_1_807' title='bbox 1565 3286 1685 3326; x_wconf 85' lang='lat' dir='ltr'>Remig.</span> <span class='ocrx_word' id='word_1_808' title='bbox 1711 3286 1743 3318; x_wconf 75' lang='grc' dir='ltr'>δι</span> <span class='ocrx_word' id='word_1_809' title='bbox 1769 3288 1829 3325; x_wconf 84' lang='lat' dir='ltr'>Jol.</span> <span class='ocrx_word' id='word_1_810' title='bbox 1853 3298 1920 3318; x_wconf 85' lang='lat' dir='ltr'>cum</span> <span class='ocrx_word' id='word_1_811' title='bbox 1953 3288 2090 3328; x_wconf 83' lang='lat' dir='ltr'>Mogunt.</span> <span class='ocrx_word' id='word_1_812' title='bbox 2122 3288 2153 3318; x_wconf 73' lang='grc' dir='ltr'>δε</span> 
     </span>
     <span class='ocr_line' id='line_1_118' title="bbox 1229 3323 2155 3370; baseline 0.001 -15"><span class='ocrx_word' id='word_1_813' title='bbox 1229 3323 1306 3370; x_wconf 60' lang='lat' dir='ltr'>ven.</span> <span class='ocrx_word' id='word_1_814' title='bbox 1328 3325 1465 3365; x_wconf 83' lang='lat' dir='ltr'>Lugdun.</span> <span class='ocrx_word' id='word_1_815' title='bbox 1486 3327 1604 3357; x_wconf 84' lang='lat' dir='ltr'>Lovan.</span> <span class='ocrx_word' id='word_1_816' title='bbox 1625 3327 1718 3358; x_wconf 79' lang='lat' dir='ltr'>Duae.</span> <span class='ocrx_word' id='word_1_817' title='bbox 1737 3326 1769 3358; x_wconf 74' lang='grc' dir='ltr'>ἃ</span> <span class='ocrx_word' id='word_1_818' title='bbox 1787 3328 1896 3360; x_wconf 87' lang='lat' dir='ltr'>Colon.</span> <span class='ocrx_word' id='word_1_819' title='bbox 1920 3328 2004 3368; x_wconf 80' lang='lat' dir='ltr'>iinus</span> <span class='ocrx_word' id='word_1_820' title='bbox 2022 3328 2155 3357; x_wconf 79' lang='lat' dir='ltr'>volunta-</span> 
     </span>
     <span class='ocr_line' id='line_1_119' title="bbox 1224 3374 1280 3396; baseline 0.036 -2"><span class='ocrx_word' id='word_1_821' title='bbox 1224 3374 1280 3396; x_wconf 80' lang='lat' dir='ltr'>m.</span> 
     </span>
    </p>

    <p class='ocr_par' dir='ltr' id='par_1_46' title="bbox 1227 3405 2155 3525">
     <span class='ocr_line' id='line_1_120' title="bbox 1264 3405 2155 3448; baseline 0.003 -12"><span class='ocrx_word' id='word_1_822' title='bbox 1264 3406 1273 3434; x_wconf 88' lang='lat' dir='ltr'>i</span> <span class='ocrx_word' id='word_1_823' title='bbox 1293 3405 1363 3437; x_wconf 83' lang='lat' dir='ltr'>vox</span> <span class='ocrx_word' id='word_1_824' title='bbox 1383 3406 1445 3437; x_wconf 78' lang='lat' dir='ltr'>haec</span> <span class='ocrx_word' id='word_1_825' title='bbox 1459 3426 1469 3442; x_wconf 87' lang='lat'>‚</span> <span class='ocrx_word' id='word_1_826' title='bbox 1488 3407 1564 3441; x_wconf 81' lang='lat' dir='ltr'>Dei,</span> <span class='ocrx_word' id='word_1_827' title='bbox 1583 3406 1704 3438; x_wconf 73' lang='lat' dir='ltr'>habetur</span> <span class='ocrx_word' id='word_1_828' title='bbox 1725 3407 1756 3437; x_wconf 85' lang='lat' dir='ltr'>in</span> <span class='ocrx_word' id='word_1_829' title='bbox 1780 3406 1844 3438; x_wconf 70' lang='lat' dir='ltr'>Mis.</span> <span class='ocrx_word' id='word_1_830' title='bbox 1864 3407 1954 3439; x_wconf 87' lang='lat' dir='ltr'>Cotb.</span> <span class='ocrx_word' id='word_1_831' title='bbox 1975 3406 2005 3439; x_wconf 87' lang='lat'>&amp;</span> <span class='ocrx_word' id='word_1_832' title='bbox 2037 3407 2155 3448; x_wconf 75' lang='lat' dir='ltr'>Remig-</span> 
     </span>
     <span class='ocr_line' id='line_1_121' title="bbox 1227 3445 1836 3479; baseline -0.003 0"><span class='ocrx_word' id='word_1_833' title='bbox 1227 3447 1260 3479; x_wconf 84' lang='lat'>&amp;</span> <span class='ocrx_word' id='word_1_834' title='bbox 1277 3455 1312 3476; x_wconf 81' lang='lat' dir='ltr'>ex</span> <span class='ocrx_word' id='word_1_835' title='bbox 1331 3446 1387 3477; x_wconf 87' lang='lat' dir='ltr'>Mo</span> <span class='ocrx_word' id='word_1_836' title='bbox 1410 3454 1472 3476; x_wconf 84' lang='lat' dir='ltr'>unt.</span> <span class='ocrx_word' id='word_1_837' title='bbox 1493 3445 1525 3477; x_wconf 72' lang='grc' dir='ltr'>ἃ</span> <span class='ocrx_word' id='word_1_838' title='bbox 1545 3445 1622 3478; x_wconf 85' lang='lat' dir='ltr'>Veri.</span> <span class='ocrx_word' id='word_1_839' title='bbox 1642 3447 1836 3478; x_wconf 81' lang='lat' dir='ltr'>editionibus.</span> 
     </span>
     <span class='ocr_line' id='line_1_122' title="bbox 1265 3485 1795 3525; baseline 0.006 -9"><span class='ocrx_word' id='word_1_840' title='bbox 1265 3497 1285 3517; x_wconf 79' lang='lat' dir='ltr'>x</span> <span class='ocrx_word' id='word_1_841' title='bbox 1304 3485 1372 3516; x_wconf 84' lang='lat' dir='ltr'>Sola.</span> <span class='ocrx_word' id='word_1_842' title='bbox 1424 3496 1471 3516; x_wconf 83' lang='lat' dir='ltr'>en.</span> <span class='ocrx_word' id='word_1_843' title='bbox 1490 3485 1603 3522; x_wconf 85' lang='lat' dir='ltr'>editio,</span> <span class='ocrx_word' id='word_1_844' title='bbox 1618 3486 1704 3525; x_wconf 71' lang='lat' dir='ltr'>fimi</span> <span class='ocrx_word' id='word_1_845' title='bbox 1722 3489 1795 3519; x_wconf 87' lang='lat' dir='ltr'>mei.</span> 
     </span>
    </p>

    <p class='ocr_par' dir='ltr' id='par_1_47' title="bbox 1227 3526 2157 3648">
     <span class='ocr_line' id='line_1_123' title="bbox 1266 3526 2157 3567; baseline 0.001 -10"><span class='ocrx_word' id='word_1_846' title='bbox 1266 3527 1275 3557; x_wconf 92' lang='lat' dir='ltr'>l</span> <span class='ocrx_word' id='word_1_847' title='bbox 1296 3528 1332 3558; x_wconf 82' lang='lat' dir='ltr'>In</span> <span class='ocrx_word' id='word_1_848' title='bbox 1361 3526 1418 3556; x_wconf 91' lang='lat' dir='ltr'>Ms.</span> <span class='ocrx_word' id='word_1_849' title='bbox 1437 3526 1556 3562; x_wconf 81' lang='lat' dir='ltr'>Jolienfi</span> <span class='ocrx_word' id='word_1_850' title='bbox 1577 3527 1638 3558; x_wconf 91' lang='lat' dir='ltr'>solo</span> <span class='ocrx_word' id='word_1_851' title='bbox 1657 3527 1720 3567; x_wconf 85' lang='lat' dir='ltr'>post</span> <span class='ocrx_word' id='word_1_852' title='bbox 1741 3528 1818 3563; x_wconf 88' lang='lat' dir='ltr'>haec‚</span> <span class='ocrx_word' id='word_1_853' title='bbox 1835 3527 2044 3566; x_wconf 77' lang='lat' dir='ltr'>filius-David,</span> <span class='ocrx_word' id='word_1_854' title='bbox 2065 3527 2157 3558; x_wconf 83' lang='lat' dir='ltr'>omis-</span> 
     </span>
     <span class='ocr_line' id='line_1_124' title="bbox 1227 3566 2151 3608; baseline 0 -10"><span class='ocrx_word' id='word_1_855' title='bbox 1227 3567 1263 3598; x_wconf 76' lang='lat' dir='ltr'>sis</span> <span class='ocrx_word' id='word_1_856' title='bbox 1282 3575 1346 3606; x_wconf 77' lang='lat' dir='ltr'>quae</span> <span class='ocrx_word' id='word_1_857' title='bbox 1366 3567 1557 3601; x_wconf 83' lang='lat' dir='ltr'>interjacent,</span> <span class='ocrx_word' id='word_1_858' title='bbox 1574 3566 1676 3598; x_wconf 72' lang='lat' dir='ltr'>statim</span> <span class='ocrx_word' id='word_1_859' title='bbox 1697 3566 1813 3597; x_wconf 80' lang='lat' dir='ltr'>additur</span> <span class='ocrx_word' id='word_1_860' title='bbox 1828 3588 1838 3603; x_wconf 88' lang='lat'><strong>‚</strong></span> <span class='ocrx_word' id='word_1_861' title='bbox 1859 3569 1941 3599; x_wconf 77' lang='lat' dir='ltr'>Unde</span> <span class='ocrx_word' id='word_1_862' title='bbox 1953 3569 2005 3598; x_wconf 59' lang='lat' dir='ltr'>&gt;ait</span> <span class='ocrx_word' id='word_1_863' title='bbox 2023 3570 2151 3608; x_wconf 77' lang='lat' dir='ltr'>Evange-</span> 
     </span>
     <span class='ocr_line' id='line_1_125' title="bbox 1227 3604 1963 3648; baseline 0 -10"><span class='ocrx_word' id='word_1_864' title='bbox 1227 3607 1310 3646; x_wconf 76' lang='lat' dir='ltr'>Iifia,</span> <span class='ocrx_word' id='word_1_865' title='bbox 1332 3604 1453 3636; x_wconf 80' lang='lat' dir='ltr'>Dicebat</span> <span class='ocrx_word' id='word_1_866' title='bbox 1470 3615 1565 3636; x_wconf 79' lang='lat' dir='ltr'>autem</span> <span class='ocrx_word' id='word_1_867' title='bbox 1583 3609 1618 3637; x_wconf 81' lang='lat' dir='ltr'>de</span> <span class='ocrx_word' id='word_1_868' title='bbox 1636 3607 1740 3646; x_wconf 79' lang='lat' dir='ltr'>templo</span> <span class='ocrx_word' id='word_1_869' title='bbox 1759 3609 1881 3648; x_wconf 81' lang='lat' dir='ltr'>corporis</span> <span class='ocrx_word' id='word_1_870' title='bbox 1893 3609 1963 3647; x_wconf 77' lang='lat' dir='ltr'>sui.</span> 
     </span>
    </p>

    <p class='ocr_par' dir='ltr' id='par_1_48' title="bbox 1228 3646 2153 3807">
     <span class='ocr_line' id='line_1_126' title="bbox 1268 3646 2152 3685; baseline 0.001 -8"><span class='ocrx_word' id='word_1_871' title='bbox 1268 3656 1298 3676; x_wconf 91' lang='lat' dir='ltr'>m</span> <span class='ocrx_word' id='word_1_872' title='bbox 1319 3646 1591 3685; x_wconf 83' lang='lat' dir='ltr'>EditioncsLugd.</span> <span class='ocrx_word' id='word_1_873' title='bbox 1610 3648 1723 3678; x_wconf 84' lang='lat' dir='ltr'>Lovan.</span> <span class='ocrx_word' id='word_1_874' title='bbox 1745 3648 1836 3679; x_wconf 81' lang='lat' dir='ltr'>Duae.</span> <span class='ocrx_word' id='word_1_875' title='bbox 1855 3647 1887 3679; x_wconf 78' lang='grc' dir='ltr'>ἃ</span> <span class='ocrx_word' id='word_1_876' title='bbox 1915 3648 2023 3679; x_wconf 87' lang='lat' dir='ltr'>Colon.</span> <span class='ocrx_word' id='word_1_877' title='bbox 2048 3649 2152 3678; x_wconf 75' lang='lat' dir='ltr'>adex-</span> 
     </span>
     <span class='ocr_line' id='line_1_127' title="bbox 1229 3685 2152 3727; baseline 0.002 -10"><span class='ocrx_word' id='word_1_878' title='bbox 1229 3687 1408 3718; x_wconf 67' lang='lat' dir='ltr'>trufiionem.</span> <span class='ocrx_word' id='word_1_879' title='bbox 1426 3687 1609 3721; x_wconf 72' lang='lat' dir='ltr'>Cotbejensis</span> <span class='ocrx_word' id='word_1_880' title='bbox 1628 3685 1660 3717; x_wconf 75' lang='grc' dir='ltr'><strong>ἃ</strong></span> <span class='ocrx_word' id='word_1_881' title='bbox 1679 3687 1875 3727; x_wconf 80' lang='lat' dir='ltr'>Remigianus</span> <span class='ocrx_word' id='word_1_882' title='bbox 1897 3689 1962 3720; x_wconf 74' lang='grc' dir='ltr'>ΜΗ.</span> <span class='ocrx_word' id='word_1_883' title='bbox 1989 3698 2056 3718; x_wconf 86' lang='lat' dir='ltr'>cum</span> <span class='ocrx_word' id='word_1_884' title='bbox 2083 3690 2152 3721; x_wconf 77' lang='lat' dir='ltr'>edit.</span> 
     </span>
     <span class='ocr_line' id='line_1_128' title="bbox 1228 3726 2153 3767; baseline 0.002 -10"><span class='ocrx_word' id='word_1_885' title='bbox 1228 3726 1409 3767; x_wconf 82' lang='lat' dir='ltr'>Mogunt.&amp;</span> <span class='ocrx_word' id='word_1_886' title='bbox 1431 3727 1567 3757; x_wconf 54' lang='lat' dir='ltr'>ven-ad</span> <span class='ocrx_word' id='word_1_887' title='bbox 1583 3726 1800 3765; x_wconf 72' lang='lat' dir='ltr'>instruflianem.</span> <span class='ocrx_word' id='word_1_888' title='bbox 1819 3729 1952 3766; x_wconf 68' lang='lat' dir='ltr'>jossanus</span> <span class='ocrx_word' id='word_1_889' title='bbox 1970 3738 2042 3762; x_wconf 79' lang='lat' dir='ltr'>vero</span> <span class='ocrx_word' id='word_1_890' title='bbox 2060 3731 2153 3762; x_wconf 81' lang='lat' dir='ltr'>codex</span> 
     </span>
     <span class='ocr_line' id='line_1_129' title="bbox 1231 3766 2150 3807; baseline 0.003 -8"><span class='ocrx_word' id='word_1_891' title='bbox 1231 3777 1323 3799; x_wconf 85' lang='lat' dir='ltr'>manu</span> <span class='ocrx_word' id='word_1_892' title='bbox 1344 3775 1493 3805; x_wconf 70' lang='lat' dir='ltr'>exaratus,</span> <span class='ocrx_word' id='word_1_893' title='bbox 1513 3769 1553 3798; x_wconf 73' lang='lat' dir='ltr'>nd</span> <span class='ocrx_word' id='word_1_894' title='bbox 1570 3766 1807 3807; x_wconf 67' lang='lat' dir='ltr'>confiruflionm·</span> <span class='ocrx_word' id='word_1_895' title='bbox 2147 3789 2150 3791; x_wconf 61' lang='lat'>&gt;</span> 
     </span>
    </p>
   </div>
  </div>
 </body>
</html>
