2652 4126
0 3676 10 3708 *=·‚
0 3627 10 3654 vv*
0 3554 9 3607 ι·--
0 3436 12 3537 >arram

0 3796 8 3859 -υ-ν

0 3959 10 4012 ’φιν

96 591 251 631 Feci-330.

92 942 247 977 2.Cor.tz.7

90 2065 182 2095 ².Cor.
193 2071 204 2092 ι
212 2072 238 2092 2·

89 2113 118 2138 7.
127 2104 189 2136 (96,

102 3184 191 3214 Matr.
199 3181 256 3217 ς.8.

101 3453 259 3489 Luc.10.17-

106 3677 179 3707 lhid.
194 3686 241 3707 20.

513 222 591 267 ET
637 208 905 267 HisToR.
947 207 1233 266 Samira.
1275 221 1493 268 LUCEM
1538 222 1902 267 AFFERUNT.

269 316 332 350 que
357 303 391 338 in
418 303 620 338 mirabilibus
639 303 738 349 super
763 315 831 340 me.
860 303 964 350 Quod
991 307 1079 339 enim
1101 303 1205 339 exces-

270 355 308 392 sit
335 357 420 391 vires
446 367 531 391 meas
557 379 567 395 ,
593 357 636 390 ait
653 378 665 395 ,
691 366 758 389 non
784 353 916 402 quaefivi
939 365 952 393 ‚·
985 366 1051 389 non
1079 352 1122 389 ibi
1149 365 1204 389 me

269 405 420 446 extendi,
447 404 538 440 nolui
566 402 611 439 ibi
639 403 858 450 magnificari.
886 407 976 440 Nam
1003 403 1060 439 ista
1085 402 1204 438 exalta·

269 458 329 498 tioj
343 454 384 490 de
409 453 605 491 abundantia
639 456 815 498 gratiarum
841 465 942 501 quam
978 452 1016 488 fit
1042 453 1202 494 timenda,

269 516 312 541 ne
335 508 409 552 quis
434 505 476 540 de
502 503 595 539 dono
619 505 684 539 Dei
712 502 872 550 superbiat
890 527 902 545 ‚
937 501 990 537 sed
1018 505 1116 549 magis
1141 502 1203 537 ser-

269 565 326 590 vet
352 553 574 591 humilitatem
593 576 606 595 ,
639 557 672 588 &
700 551 793 588 faciat
830 552 922 600 quod
951 552 1108 599 scriptum
1131 549 1203 595 est,

269 607 410 649 Quanto
434 614 570 650 magnus
593 614 626 637 es
644 626 656 644 ,
690 613 784 637 tanto
809 601 946 638 humilia
981 611 1014 636 te
1040 606 1070 637 in
1096 605 1204 637 omni-

269 653 352 698 bus,
374 657 409 690 δι
432 664 544 689 coram
569 655 647 689 Deo
674 654 818 688 invenies
844 654 996 698 gratiam·
1022 655 1134 697 Quam
1153 664 1203 686 er.-

268 716 313 752 go
338 702 485 741 timenda
509 701 548 737 fit
574 700 720 748 superbia
745 701 787 737 de
812 701 906 737 dono
926 703 1012 742 Dei,
1039 703 1136 737 etiam
1157 712 1202 737 at·

267 767 334 801 que
359 757 457 790 etiam
482 751 779 788 commendandum
798 750 843 786 est
867 749 1031 787 Charitati
1056 749 1168 786 vestrae
1193 778 1201 787 .

268 803 388 841 Paulus
421 800 588 849 apostolus
613 804 761 849 quamvis
795 812 835 837 ex
871 799 1077 848 persecutore
1101 799 1202 836 faetus

268 853 306 890 fit
332 852 526 901 praedicator
544 876 554 892 ‚
589 850 862 887 abundantiorem
890 853 1024 896 gratiam
1049 849 1201 885 consecu-

268 914 320 940 tus
347 902 395 939 est
421 906 452 938 in
478 903 572 938 omni
599 899 710 936 labore
736 899 957 947 Apostolico‚
982 911 1080 946 quam
1101 903 1200 935 ceteri

267 951 423 1001 Apostoli
444 966 454 987 ε
488 963 525 988 ut
551 953 652 996 magis
678 953 769 986 Deus
802 949 987 985 ostenderet
1022 948 1114 985 suum
1140 947 1201 985 effe

266 1003 361 1052 quod
385 1003 439 1039 dat
461 1028 474 1045 ,
507 1012 573 1036 non
611 999 860 1035 hominis....'.
894 1003 985 1035 Cum
1021 1010 1102 1045 ergo
1126 997 1201 1036 esset

267 1064 393 1099 magnae
417 1054 551 1097 gratiae,
577 1054 611 1086 δε
637 1060 749 1095 magna
774 1049 861 1084 dona
887 1046 1049 1084 meruiffet
1073 1052 1202 1091 aDeo,

267 1103 350 1152 quid
374 1101 457 1138 dicit
482 1100 629 1148 quodam
654 1097 754 1134 loco?
779 1102 919 1144 Propter
945 1098 1202 1144 magnitudinem

266 1179 293 1198 „
318 1150 555 1189 revelationum
583 1162 624 1184 ne
649 1148 807 1184 extollar·
832 1147 1020 1190 intendite,
1047 1159 1115 1184 rem
1137 1159 1202 1183 trec

265 1228 290 1247 „
314 1201 465 1238 mendam
491 1198 587 1236 vobis
613 1198 690 1234 dieo
708 1213 725 1233 -=
753 1202 894 1244 Propter
919 1198 1201 1244 magnitudinem,

263 1277 288 1296 „
316 1254 424 1299 inquit
450 1275 461 1292 ,
497 1249 735 1286 revelationum
762 1245 966 1283 nevextoliar
992 1271 1017 1289 ,-
1037 1248 1130 1283 datus
1155 1247 1201 1284 est

263 1327 290 1348 ‚‚
312 1300 394 1338 mihi
430 1299 577 1336 stimulus
602 1301 706 1334 carnis
740 1309 819 1333 meae
846 1321 858 1339 ,
890 1296 1021 1343 angelus
1054 1298 1163 1334 satanae
1187 1324 1201 1342 ‚

262 1377 288 1395 ‚‚
313 1354 370 1400 qui
398 1364 450 1386 me
476 1347 662 1397 colaphizet
688 1373 696 1382 .
723 1345 816 1392 Quid
843 1344 887 1381 est
907 1344 1019 1388 h'o}','
1037 1346 1162 1383 Fratres
1188 1358 1200 1384 ἒ

262 1404 319 1442 Ne
344 1400 561 1437 extolleretur
586 1410 765 1445 tamquam,
781 1399 955 1441 juvenis&
972 1396 1198 1444 colaphizaba-

263 1463 318 1489 tur
343 1462 512 1498 tamquam
540 1461 638 1496 puer.
665 1449 751 1493 Ξῖ]
777 1449 876 1493 quo?
898 1445 956 1484 ,Ab
981 1447 1097 1492 angelo
1122 1447 1198 1483 fita-

264 1515 314 1538 nae
324 1526 415 1538 .....
443 1503 495 1536 Sic
521 1511 601 1545 ergo
626 1497 680 1534 ille
706 1496 836 1542 angelus
863 1496 973 1532 satanae
998 1495 1197 1544 quasiliben-

264 1562 314 1588 ter
349 1548 514 1600 permiss‘us
545 1547 592 1584 est
626 1545 852 1593 colaphizare·
871 1545 1071 1593 Apostolum
1098 1572 1110 1590 ‚
1143 1546 1196 1582 sed

262 1607 370 1638 tam'en
396 1598 578 1648 Apostolus
602 1596 796 1634 curabatur·
825 1598 869 1631 Et
894 1599 969 1643 quia
996 1595 1076 1631 illud
1103 1597 1197 1643 quod

262 1651 410 1688 medicus
435 1648 629 1697 apposuerat
656 1646 827 1683 molestum
850 1657 920 1681 erat
947 1646 1080 1682 infirmo
1099 1659 1111 1684 ε
1144 1659 1196 1682 ro-

261 1704 351 1749 gavit
372 1700 547 1736 medicum<
565 1709 607 1735 ut<
627 1697 789 1733 auferret.
819 1696 1006 1741 Quomodo
1031 1709 1108 1732 cum
1129 1709 1197 1732 me·

262 1752 356 1788 dicus
388 1752 528 1797 apponit
552 1747 728 1783 visceribus
761 1745 896 1796 aliquod
923 1745 1008 1782 sorte
1034 1745 1198 1793 epithema

263 1799 440 1838 molestum
459 1802 509 1835 ¹&
533 1798 648 1834 ardens
668 1822 680 1838 ,
714 1797 801 1832 unde
835 1802 942 1832 tamen
967 1796 1128 1832 curandus
1152 1794 1199 1832 est

260 1850 321 1889 ille
344 1852 438 1895 eujus
463 1847 582 1884 viscera
610 1845 797 1884 tumebants
820 1858 896 1882 cum
923 1844 976 1881 ille
1001 1845 1114 1881 ardere
1132 1858 1198 1882 coe·

263 1903 350 1948 perit
374 1903 410 1936 δε
434 1900 572 1935 cruciari
608 1897 848 1933 medicamento
866 1920 876 1935 ,
913 1907 1007 1941 rogat
1034 1895 1198 1932 medicum

262 1961 301 1986 ut
325 1949 474 1985 auferat:
513 1947 660 1983 medicus
692 1957 801 1982 autem
826 1944 1051 1987 consolatur,
1085 1956 1199 1982 monet

260 2011 337 2036 eum
364 2001 578 2046 patientiam,
603 1999 680 2045 quia
705 1999 800 2032 novit
813 2008 911 2046 quam
937 1994 1016 2031 utile
1039 1994 1079 2030 {it
1104 1995 1196 2043 quod

263 2074 287 2093 „
311 2047 483 2096 apposuit.
507 2051 557 2084 Ita
582 2051 618 2083 &
645 2044 827 2093 Apostolus
852 2045 997 2093 sequitur
1021 2048 1057 2080 δε
1079 2044 1160 2081 dicit
1188 2070 1198 2086 ‚

263 2119 289 2143 ,-‚
313 2109 390 2134 eum
415 2094 540 2132 dixisset
555 2119 574 2136 l,
607 2099 714 2133 Datus
738 2094 784 2130 est
809 2093 895 2132 mihi
922 2094 1069 2131 stimulus
1094 2097 1198 2130 carnis

262 2171 292 2192 „
316 2159 419 2187 mea,
444 2142 577 2188 angelus
604 2142 718 2177 satana·
734 2166 747 2183 ,
773 2146 831 2187 qui
858 2156 909 2178 me
933 2142 1201 2190 colaphizet....

263 2222 296 2242 „v
319 2191 818 2242 PmpterquodterDominum
837 2194 985 2234 rogavit,
1010 2195 1076 2230 ait,
1102 2204 1201 2228 utau-

263 2268 292 2288 „
314 2244 411 2280 ferret
438 2252 626 2278 eumame.
651 2242 729 2278 Hoc
747 2237 932 2279 elidit-ere,
958 2240 1087 2284 Rogavi
1100 2239 1201 2274 medi·

263 2304 341 2332 eum
366 2302 404 2328 ut
428 2289 570 2327 auferret
593 2301 612 2324 a
631 2301 686 2325 me
711 2286 886 2324 molestum
897 2285 1081 2334 epithema,
1107 2287 1200 2336 quod

265 2367 290 2387 ‚‚
317 2340 401 2379 mihi
427 2337 647 2387 apposuerat.⁴
663 2337 726 2374 Sed
743 2336 817 2372 audi
844 2348 964 2372 vocem
990 2336 1128 2372 medici:
1154 2340 1201 2373 Et

264 2417 292 2438 ,‚
315 2392 397 2429 dixit
422 2388 527 2431 mihi,
552 2387 680 2424 Sufficit
705 2385 764 2423 tibi
790 2389 890 2432 gratia
916 2398 1009 2421 mea.-
1037 2397 1110 2419 nam
1138 2389 1203 2420 vir-

265 2468 292 2487 „
314 2453 368 2478 tus
392 2443 426 2477 in
452 2437 657 2484 infirmitate
677 2434 844 2484 perficitur
864 2459 872 2468 .
914 2437 990 2480 Ego
1015 2436 1092 2468 novi
1119 2434 1201 2481 quid

265 2490 475 2539 apposuerim
495 2512 508 2531 ,
531 2498 595 2533 ego
621 2489 700 2522 novi
724 2483 810 2521 unde
834 2494 971 2530 aegrotes
992 2507 1002 2525 ,
1030 2493 1094 2528 ego
1120 2486 1200 2519 novi

267 2541 355 2578 unde
374 2540 508 2576 saneris.

271 2612 273 2614 ·
316 2594 348 2627 si
373 2601 454 2637 ergo
473 2613 484 2630 ,
508 2584 698 2624 Chariffimi
719 2611 732 2628 ,
759 2586 869 2631 potuit
893 2581 1010 2618 Paulus
1034 2580 1200 2629 apostolus

267 2639 384 2678 extolli
411 2637 635 2684 magnitudine
660 2633 898 2670 revelationum
922 2657 934 2674 ‚
960 2631 1016 2667 nifi
1041 2635 1199 2678 acciperet

267 2689 420 2738 angelum
438 2688 549 2723 {atanae
574 2689 631 2733 qui
659 2684 688 2720 se
713 2681 938 2731 colaphizaret
957 2705 970 2723 ,
1003 2684 1076 2729 quis
1101 2681 1142 2717 de
1169 2680 1199 2717 se

267 2741 367 2789 poffit
392 2736 452 2775 esse
477 2737 625 2773 securus?
650 2737 772 2771 Tutius
799 2732 929 2768 videtur
955 2730 1120 2767 ambulare
1140 2734 1198 2778 qui

268 2793 375 2833 minus
402 2790 547 2835 accepit,
572 2785 625 2821 sed
652 2784 673 2820 fi
702 2796 767 2818 non
795 2779 939 2830 perverse
965 2792 1088 2827 quaerat
1106 2780 1199 2827 quod

268 2841 358 2876 tetste
384 2851 450 2874 non
475 2839 599 2882 accepit
620 2850 629 2871 ε
657 2844 780 2882 quaerat
804 2831 870 2868 sine
902 2843 972 2877 quo
999 2843 1065 2866 non
1092 2829 1199 2877 potest

269 2888 328 2926 esse
354 2893 386 2924 in
423 2899 565 2935 corpore
590 2882 718 2921 Christi
736 2910 748 2927 ,
785 2893 839 2918 aut
865 2881 929 2917 fine
953 2892 1023 2927 quo
1047 2880 1130 2915 male
1153 2879 1200 2916 est

268 2939 357 2976 illic.
385 2940 509 2974 Tutior
534 2934 579 2971 est
604 2937 693 2970 enim
719 2937 752 2969 in
778 2943 919 2978 corpore
944 2929 1064 2976 digitus
1087 2927 1200 2973 ianus,

270 3002 370 3036 quam
395 2988 532 3036 lippiens
558 2983 753 3020 oculus..-.
779 2986 858 3018 Non
885 2991 966 3026 ergo
983 2989 1105 3027 quaerat
1116 2979 1199 3027 quis·

270 3051 336 3086 que
361 3042 395 3075 in
423 3032 699 3084 corporeChristi
726 3031 782 3068 nifi
801 3031 986 3067 sanitatem.
1014 3030 1200 3066 Secundum

271 3088 436 3123 sanitatem
464 3084 580 3123 habeat
605 3084 704 3120 fidem
728 3095 738 3123 3
772 3093 813 3117 ex
838 3080 903 3116 fide
940 3079 1117 3117 mundatur
1142 3091 1202 3114 cor

272 3139 361 3182 ejus,
386 3148 426 3172 ex
452 3135 664 3171 mundatione
689 3132 797 3168 cordis
822 3129 946 3165 videbit
973 3128 1059 3164 illam
1084 3127 1199 3164 faciem

272 3188 315 3224 de
340 3199 404 3234 qua
429 3184 556 3220 dietum
581 3182 627 3220 est
645 3209 657 3226 ‚
692 3184 780 3218 Beati
809 3179 932 3218 mundo
957 3178 1056 3215 corde
1083 3203 1093 3219 ,
1119 3190 1200 3225 quo-

274 3241 360 3274 niam
386 3234 444 3282 ipli
473 3237 584 3270 Deum
610 3231 782 3269 videbunt.
811 3233 855 3266 Et
881 3231 937 3276 qui
959 3227 1039 3263 fecit
1065 3231 1200 3264 miracu-

274 3287 305 3322 la
323 3313 336 3330 ,
361 3289 397 3321 &
420 3287 476 3330 qui
502 3296 572 3318 non
595 3282 672 3318 fecit
698 3279 851 3317 miracula
878 3282 908 3315 in
934 3290 1075 3323 corpore
1102 3276 1199 3313 Chri-

275 3336 337 3377 sti,
363 3348 429 3370 non
455 3331 551 3370 debet
577 3332 739 3378 gaudere,
764 3329 818 3366 nifi
844 3329 884 3365 de
912 3327 990 3363 facie
1016 3330 1079 3364 Dei
1098 3353 1107 3362 .
1134 3329 1199 3363 Re-

276 3386 411 3421 dierunt
436 3381 590 3429 Apostoli
616 3406 628 3423 ‚
661 3385 695 3416 δι
721 3380 875 3415 dixerunt
902 3380 1054 3414 Domino
1079 3402 1090 3418 ,
1122 3388 1199 3412 cum

276 3459 303 3478 „
327 3434 414 3470 miffi.
436 3430 531 3468 essent
555 3445 573 3466 a
599 3433 768 3472 Domino,
794 3431 902 3469 Ecce,
928 3429 1073 3462 Domine
1100 3430 1130 3461 in
1144 3438 1199 3460 no·

277 3509 303 3528 „
328 3487 416 3519 mine
442 3493 502 3517 tuo
528 3484 625 3516 etiam
650 3480 811 3516 daemonia
836 3477 928 3513 nobis
949 3475 1086 3520 subjeeta
1113 3476 1199 3510 sunt.

276 3533 373 3570 Vidit
406 3533 576 3569 Dominus
610 3529 703 3576 quod
729 3539 873 3564 tentaret·
899 3539 954 3562 eos
991 3523 1135 3572 superbia
1160 3537 1202 3559 ex

277 3584 422 3632 potentia
447 3578 717 3617 ‘miraculorums
750 3583 784 3613 δε
809 3577 862 3613 ille
877 3596 880 3599 ·
898 3579 953 3623 qui
982 3576 1126 3611 medicus
1153 3587 1202 3608 ve-

275 3636 366 3670 nerat
392 3631 494 3668 sanare
528 3641 673 3666 tumores
698 3626 825 3663 nostros
844 3651 855 3668 ,
889 3629 923 3661 &
959 3625 1044 3661 ferre
1068 3624 1202 3660 infirmi·

276 3707 303 3727 „
325 3693 405 3719 tates
437 3678 790 3723 nostras2,.continuo
815 3679 858 3712 ait
883 3700 894 3716 ,
927 3674 1044 3713 Nolite
1078 3677 1108 3708 in
1136 3672 1202 3709 hoc

275 3757 303 3779 ,‚
326 3732 466 3781 gaudere
484 3756 510 3772 ,>
529 3733 609 3778 quia
633 3727 796 3764 daemonia
820 3724 915 3762 vobis
938 3723 1079 3767 subjeeta
1106 3722 1202 3762 sunt,-

275 3809 302 3830 ‚,
327 3782 382 3820 std
414 3779 551 3829 gaudete
575 3781 650 3828 quia
675 3779 807 3814 nomina
843 3773 946 3812 vestra
981 3774 1097 3822 scripta
1130 3772 1203 3811 sunt

2085 218 2188 285 263

1257 318 1288 346 ες,
1315 306 1347 338 in
1373 303 1478 340 caelisf.
1506 307 1587 341 Non
1615 317 1670 341 eos
1695 305 1802 342 voluit
1828 305 1966 351 gaudere
1986 319 2025 344 ex
2048 310 2192 356 eoquod

1264 358 1438 400 proprium
1466 351 1629 391 habebant
1648 381 1660 398 ‚
1686 356 1738 391 sed
1758 368 1799 392 ex
1824 368 1865 390 eo
1890 355 1984 404 quod
2009 367 2193 393 cum'cete-

1262 406 1307 438 ris
1333 403 1465 439 salutem
1491 404 1641 440 tenebant
1665 432 1672 440 .
1700 405 1780 441 Inde
1805 404 1914 440 voluit
1938 405 2077 452 gaudere
2101 409 2193 453 Apo-

1256 451 1385 494 -stolos,
1410 453 1496 487 unde
1520 455 1682 499 gaudes&
1709 466 1766 490 tu.
1791 455 1942 490 Intendat
1961 453 2193 493 Charitas‘Ve·

1262 501 1324 537 stra
1343 529 1351 536 .
1378 501 1499 537 Nullus
1525 503 1628 539 fidelis
1655 502 1755 539 habet
1780 504 1870 550 spem
1893 528 1905 546 ,
1930 503 1952 539 fi
1979 515 2102 539 nomen
2127 507 2195 547 eius

1262 565 1329 586 non
1366 550 1411 586 est
1436 550 1594 598 scriptum
1629 555 1662 587 in
1698 553 1805 589 caelo.
1845 556 2008 589 Omnium
2043 553 2194 590 fidelium

1262 605 1318 648 qui
1345 600 1486 646 diligunt
1511 601 1709 644 Christum,
1734 606 1790 650 qui
1817 602 1991 638 ambulant>
2007 605 2194 648 vitamiejns

1261 650 1430 686 humiliter
1449 676 1462 692 ,
1495 663 1594 698 quam
1621 651 1685 698 ipse
1709 652 1830 688 docuit*
1850 651 1989 689 humilis
2013 677 2028 693 ‚
2060 657 2193 688 nomina

1262 699 1376 747 scripta
1401 699 1474 735 sunt
1496 703 1542 735 *in
1569 701 1674 737 caelo.
1696 701 1848 745 Cujusvis
1871 701 2192 748 contemptibilis'in

1261 749 1422 791 Ecclesia,
1448 751 1619 797 quit-redit
1645 754 1674 786 in
1694 751 1891 793 Christum,
1914 755 1949 787 δε
1973 750 2193 797 diligitsschri-

1259 799 1368 841 stum,
1393 802 1426 834 δι
1451 810 1537 834 amat
1563 813 1673 847 pacem
1700 799 1862 843 Christi«,
1888 799 2013 836 nomen'
2035 801 2191 848 scriptum

1260 848 1306 884 est
1330 853 1362 884 in
1388 847 1486 886 caelos
1511 849 1679 890 cuiuslibet
1700 863 1809 898 quernv
1824 855 2027 887 contemnis:
2053 851 2192 898 thuid.

1256 898 1360 935 fimile
1387 897 1446 945 ipfi
1472 902 1505 933 &
1533 899 1710 945 Apostolis*
1726 924 1737 941 ‚
1761 903 1820 946 qui
1850 911 1941 936 tanta
1966 900 2117 936 miracula
2145 899 2191 935 {e-

1259 951 1406 984 cerunt?
1442 949 1489 982 Et
1512 958 1616 984 tamen
1643 948 1799 995 Apostoli
1835 950 2190 995 reprimuntur-*exsec

1260 998 1354 1047 quod
1379 998 1420 1033 de
1446 995 1536 1032 bono
1553 1001 1703 1044 >proprio
1727 997 1906 1044 gaudebant
1923 999 1938 1039 '‚
1974 999 2006 1034 δι’
2035 998 2189 1043 jubentur

1260 1046 1340 1084 hinc
1351 1048 1512 1093 gaudere,
1538 1048 1624 1083 unde
1633 1047 1751 1094 gaudet
1775 1050 1809 1082 δι
1829 1047 1884 1083 ille
1908 1047 2188 1095 contemptibilis.

1259 1208 1311 1250 'Ex
1337 1213 1536 1251 enarratione
1562 1209 1710 1260 e'jusdem‘
1729 1186 1948 1262 iei'flsalmum
1962 1198 2185 1262 CXXXVIII.

1530 1276 1647 1317 van.
1667 1263 1831 1319 must&
1861 1275 1914 1310 17.
2095 1260 2097 1265 ’

1343 1351 1373 1382 T
1409 1361 1470 1384 nox·
1502 1358 1664 1395 tamquam
1699 1346 1767 1387 dies
1803 1345 2085 1384 illuminabitur..·
2110 1348 2184 1382 Nox

1366 1409 1531 1445 tamquam
1557 1399 1658 1433 dies-2
1695 1397 1769 1433 dies
1789 1396 1883 1434 nobis
1917 1396 2111 1444 prosperitas
2136 1398 2185 1435 sae-

1256 1449 1341 1491 culi,
1368 1463 1435 1485 nox
1461 1448 1557 1485 nobis
1581 1447 1751 1484 adversitas
1779 1445 1880 1483 saeculi
1905 1459 1915 1480 ε
1939 1446 2039 1483 sed-fi
2065 1459 2188 1495 cogno·
2203 1462 2273 1500 Vers.
2289 1471 2332 1494 η,

1256 1499 1380 1536 scamus
1418 1502 1539 1535 merito
1573 1509 1784 1547 peccatorum
1819 1495 2006 1532 nostrorum
2042 1510 2101 1532 nos
2135 1498 2190 1534 ad-

1256 1549 1419 1586 verfitates
1445 1551 1509 1597 pati
1531 1548 1554 1591 ,⁷
1577 1547 1610 1583 δε
1636 1544 1961 1584 ἀυῙεῑα”’ῖῖοΒῐξ”ίῖηῑ’
1983 1545 2105 1593 flagella
2132 1545 2189 1584 Pa*-

1256 1602 1313 1643 tris
1333 1626 1346 1643 ,
1379 1613 1420 1635 ne
1445 1599 1493 1639 fit⁴
1506 1611 1615 1643 amara⁴
1636 1597 1790 1641 *sententia
1808 1595 1929 1642 »judicis
1949 1609 1958 1642 ᾗ
1976 1597 2032 1633 -sic
2060 1595 2190 1640 habebi·

1257 1661 1329 1685 mus
1356 1648 1636 1693 tenebrasppffis
1661 1645 1782 1691 huius,
1809 1646 1984 1695 quomodo
2011 1647 2118 1682 lumen
2131 1660 2191 1682 no·

1257 1700 1317 1734 &is
1343 1698 1439 1747 hujus
1459 1724 1467 1732 .
1503 1700 1535 1733 Si
1562 1710 1629 1733 nox
1654 1695 1699 1733 est
1717 1720 1730 1738 ,
1763 1694 1941 1742 quomodo
1968 1695 2009 1731 ibi
2038 1696 2093 1732 lux
2119 1697 2192 1733 est?

1257 1751 1338 1784 Non
1364 1747 1411 1783 est
1427 1763 1442 1790 ¹,
1470 1751 1551 1794 quia
1572 1759 1701 1783 erratur
1730 1744 1785 1781 hie
1818 1758 1836 1786 a
1860 1757 1978 1790 genere
2005 1744 2156 1781 humano
2180 1771 2191 1781 .

1258 1800 1340 1835 Non
1367 1795 1710 1843 esti..quiai.nondum
1737 1797 1886 1829 venimus
1911 1795 1949 1830 ad
1972 1794 2063 1830 illum
2083 1796 2193 1836 diem,

1259 1859 1360 1894 quem
1386 1857 1602 1882 nontcoartat
1629 1843 1797 1880 hesternus
1823 1845 1856 1878 δι
1883 1842 2057 1882 crastinus;
2082 1844 2133 1880 sed
2145 1843 2193 1880 est

1259 1897 1328 1932 dies
1368 1908 1543 1944 pemetutis
1569 1921 1578 1935 ,
1618 1893 1682 1929 sine
1707 1904 1784 1929 ortu
1811 1916 1823 1935 ,
1851 1896 1931 1938 *quia
1958 1893 2021 1928 sine
2055 1893 2192 1930 occasu.

1259 1950 1343 1983 Nox
1369 1945 1415 1981 est
1445 1943 1610 1992 ergo-hic
1637 1948 1646 1979 ι’
1682 1942 1736 1978 sed
1773 1941 1946 1989 quamdam
1973 1942 2084 1978 lucem
2106 1943 2194 1978 suam

1257 2010 1324 2031 nox
1349 1995 1405 2031 ista
1431 1994 1530 2031 habet
1550 2020 1561 2037 ,
1586 1998 1619 2029 &
1644 1990 1882 2029 tenebraszsuas
1903 2018 1911 2026 .
1939 1995 2051 2038 Qi'ate
2078 1991 2118 2027 fitv
2139 2004 2194 2039 ge-

1257 2045 1410 2082 neraliter
1427 2057 1509 2084 *nox*
1526 2044 1794 2088 diximus:.quae
1815 2039 1862 2076 est
1874 2039 1932 2076 lux
1958 2042 2062 2076 noetis
2074 2039 2190 2087 hujus.

1259 2093 1655 2143 Prosperitas&>fclici'tas
1673 2090 1776 2134 saeculi
1788 2088 1885 2135 hujus
1896 2116 1908 2133 ,
1934 2091 2190 2138 gaudiumtem-

1262 2145 1396 2192 potale,
1421 2143 1533 2180 honor
1550 2141 1740 2190 temporalis
1752 2165 1764 2182 ,
1782 2139 1876 2187 quast
1888 2141 1947 2176 lux
1958 2140 2003 2177 est
2017 2141 2120 2176 noffis
2129 2138 2192 2177 hin

1260 2197 1331 2239 jus.
1358 2194 1542 2229 Adverfitas
1559 2203 1668 2227 autem
1695 2194 1728 2226 &
1749 2190 1931 2231 asnaritudo
1941 2189 2192 2227 tribulationum

1262 2241 1313 2275 vel
1349 2241 1573 2285 ignobilitas„
1607 2250 1781 2283 tamquam¹
1807 2238 1955 2277 tenebrae·
1987 2239 2060 2275 sunt
2078 2241 2193 2276 *nostis

1262 2288 1360 2334 hujus
1381 2313 1389 2321 .
1426 2293 1464 2324 In
1489 2287 1555 2324 hac
1571 2287 1678 2322 Anoc‘ie
1703 2311 1731 2328 ‚.
1749 2285 1871 2322 iubae
1896 2288 2093 2324 mortalitate
2118 2292 2193 2325 vitae

1261 2337 1413 2374 humanae
1428 2337 1565 2373 habens„
1585 2336 1739 2371 homines
1757 2335 1870 2375 ⁴lucrm
1891 2342 1916 2377 ,⁴
1937 2335 2059 2372 habent
2083 2335 2193 2373 homi-

1262 2399 1318 2421 nes
1343 2386 1507 2427 tenebras,
1531 2385 1638 2420 lucem
1666 2381 1911 2429 prosperitatem
1932 2408 1943 2424 ,
1967 2383 2191 2427 tenebrasad·

1261 2435 1462 2470 verfitatem.
1488 2433 1559 2469 Sed⁴
1575 2431 1630 2467 ubi
1656 2434 1780 2466 venerit
1805 2429 1959 2467 Christus
1986 2435 2156 2470 Dominiss
2177 2462 2191 2480 ,

1259 2488 1292 2521 δε
1318 2483 1512 2519 habitaverit
1536 2485 1673 2517 animam
1701 2492 1759 2526 pet·
1786 2480 1884 2516 fidem
1906 2486 1976 2524 ,..&
2004 2484 2191 2530 promiserit

1258 2534 1351 2570 aliam
1378 2533 1486 2568 lucem
1502 2557 1513 2571 ,
1537 2536 1570 2567 &
1598 2529 1849 2576 inspiraverit&
1874 2531 2191 2579 donaveritpatien-

1259 2587 1334 2618 tiam
1362 2608 1373 2624 ,
1399 2587 1432 2619 δι
1460 2583 1626 2617 monuerit
1652 2578 1821 2616 hominem
1847 2593 1912 2615 non
1938 2581 2088 2618 delcetat-i
2108 2596 2192 2630 >pro-

1258 2634 1357 2680 speris
1383 2658 1401 2673 ,ς
1420 2645 1462 2667 ne
1487 2631 1650 2677 frangatur
1676 2629 1813 2665 adversis
1833 2646 1844 2666 .·
1864 2633 1995 2678 *incipit
2022 2630 2130 2667 homo
2154 2634 2191 2669 fi.

1257 2680 1592 2719 delissindifferenter
1623 2682 1674 2718 tiu¹
1701 2680 1827 2715 mundo
1854 2680 1952 2726 isto„
1986 2677 2188 2719 neceartolli

1257 2731 1390 2780 quando
1415 2744 1464 2767 res
1489 2730 1650 2778 prosperae
1673 2729 1846 2770 accidunt,
1872 2742 1930 2766 nec
1957 2730 2058 2777 frangi
2085 2745 2186 2780 quant-

1258 2783 1305 2819 do
1329 2780 1541 2818 resadversae
1562 2780 1638 2816 'sunt
1662 2803 1674 2820 ‚
1698 2777 1751 2814 sed
1778 2777 1900 2826 ubique
1925 2782 2108 2816 Dominum
2135 2782 2189 2818 be-

1260 2831 1440 2869 nediceres·
1455 2842 1522 2866 non
1551 2828 1655 2865 solum
1673 2827 1806 2874 quando
1831 2829 1993 2872 abundat,
2020 2830 2073 2865 sed
2091 2835 2189 2868 etiam

1259 2881 1390 2929 quando
1415 2883 1539 2916 amittit,
1560 2892 1569 2916 3
1603 2889 1670 2918 uon
1697 2877 1800 2913 solum
1827 2874 1960 2926 quando
1985 2877 2085 2913 saum-1
2114 2880 2161 2920 est
2176 2906 2189 2923 ‚

1259 2932 1313 2967 sed
1348 2933 1446 2966 etiam
1472 2928 1606 2978 quando
1641 2938 1776 2973 aegrotat
1801 2938 1891 2966 ‚unt
1909 2928 1947 2963 fit
1972 2927 2090 2963 intillo
2114 2942 2189 2966 vera

1259 2981 1312 3017 illa
1337 2983 1497 3021 cantatio,
1522 2977 1717 3014 Benedicam
1727 2979 1908 3012 Dominum
1934 2980 1967 3012 in
1994 2981 2087 3025 omni
2109 2990 2188 3015 tem·
2205 2990 2357 3028 Hales-2-

1258 3043 1342 3079 pore
1367 3055 1378 3072 ,
1410 3029 1536 3076 semper
1571 3027 1637 3063 laus
1663 3027 1728 3068 eius
1755 3029 1784 3061 in
1819 3030 1878 3062 or'e
1904 3039 1979 3062 meo
2005 3052 2013 3060 .
2049 3030 2080 3063 Si
2106 3041 2188 3075 ergo

1261 3080 1387 3127 semper
1408 3105 1419 3123 ,
1444 3083 1484 3122 f&
1510 3077 1642 3124 quando
1668 3075 1755 3112 lucet
1781 3088 1849 3112 nox
1874 3074 1930 3111 ista
1951 3102 1963 3118 ,
1997 3080 2030 3111 &
2056 3079 2187 3124 quando

1260 3129 1398 3167 obscura
1433 3127 1477 3164 est
1503 3140 1569 3163 nox
1595 3126 1679 3163 istas
1714 3126 1846 3171 quando
1880 3126 2008 3161 arridetv
2027 3127 2186 3173 prosperi-

1260 3191 1326 3223 tas,
1350 3179 1483 3226 quando
1508 3175 1602 3214 tristis
1627 3174 1673 3211 est
1697 3175 1884 3215 adversitas,
1913 3175 2037 3221 semper
2061 3176 2099 3212 sit
2119 3177 2186 3214 laus

1259 3232 1326 3275 ejus
1353 3232 1384 3263 in
1411 3240 1470 3263 ore
1497 3238 1576 3263 tuo:
1602 3229 1633 3262 &
1661 3224 1716 3259 fiet
1743 3224 1802 3262 tihi
1827 3224 1920 3272 quod
1939 3225 2040 3260 modo
2059 3226 2185 3263 dietum

1259 3278 1326 3321 est,
1352 3277 1440 3310 Sicut
1452 3277 1587 3309 tenebrae
1614 3275 1706 3318 ejus,
1723 3271 1772 3313 stc
1795 3276 1836 3308 (9⁶
1854 3274 1961 3307 lumen
1988 3275 2077 3316 ejus.
2105 3278 2186 3319 Non
2202 3261 2351 3293 l“”²⁷‘·¹²

1259 3341 1311 3364 me
1337 3326 1528 3373 conculcant
1563 3324 1702 3361 tenebrae
1729 3324 1794 3363 eius
1813 3349 1825 3366 ,
1858 3327 1934 3371 quia
1961 3337 2027 3359 non
2054 3325 2187 3368 excellit

1258 3377 1368 3415 lumen
1395 3378 1483 3422 ejus.

1309 3429 1396 3462 Ecce
1423 3424 1519 3463 habes
1555 3424 1664 3461 lumen
1692 3425 1786 3472 ipfius
1812 3427 1842 3459 in
1870 3422 1931 3465 Job
1956 3438 1965 3458 ε
2003 3420 2186 3460 abundabat

1259 3475 1410 3512 omnibus
1437 3473 1552 3511 rebus.
1582 3475 1656 3509 Lux
1683 3476 1789 3510 noetis
1811 3476 1848 3507 in
1877 3474 1962 3509 illius
1987 3473 2109 3510 divitiis
2121 3477 2184 3520 pri-

1261 3538 1310 3562 ma
1337 3522 1557 3559 describitur.
1594 3527 1735 3567 Quantis
1761 3521 1856 3559 rebus
1889 3526 1921 3557 &
1948 3534 2064 3568 quanta
2090 3524 2186 3570 copia

1262 3572 1482 3614 redundabat,
1509 3572 1566 3608 lux
1592 3584 1659 3608 erat
1684 3574 1788 3609 noffls
1812 3573 1899 3616 ejus.
1926 3574 2185 3609 Putavitjnim'v-

1260 3637 1318 3661 cus
1346 3635 1515 3670 propterca
1542 3621 1634 3658 illum
1661 3622 1756 3659 talem
1783 3624 1890 3657 virum
1916 3619 2023 3657 colere
2049 3623 2184 3666 Deum,

1260 3676 1335 3720 quia
1361 3672 1412 3711 illa
1437 3674 1546 3707 omnia
1570 3671 1746 3708 donaverat
1772 3674 1800 3706 ei
1827 3683 1836 3707 ς
1869 3672 1904 3704 &
1931 3672 2044 3716 petivit
2063 3682 2108 3708 ,υτ
2129 3685 2184 3708 au·

1260 3724 1418 3759 ferrentur
1451 3720 1490 3757 ab
1514 3733 1556 3756 eo
1574 3748 1582 3757 .
1619 3722 1718 3758 1²2&ae
1745 3720 1816 3758 sunt
1846 3718 1991 3757 «tenebrae
2011 3721 2122 3762 noetis
2145 3723 2184 3757 ii-

1259 3774 1321 3811 lius
1342 3799 1354 3817 ,
1385 3783 1456 3821 quae
1485 3775 1591 3818 primo
1623 3769 1763 3815 habebat
1788 3769 1899 3808 lucem
1917 3793 1928 3803 .
1943 3772 2112 3817 ⁵Noverat
2137 3782 2181 3808 ta·

2053 3832 2128 3855 men
