2652 4126
0 2627 3 2734 j

0 665 9 672 .

0 685 5 717 5

0 718 7 739 ,Β
22 730 25 731 ⁷

0 741 30 925 {k

23 907 31 916 s

1454 884 1594 918 uum.

29 939 62 961 '³
98 942 193 1004 765
234 938 375 990 Nam
413 943 640 991 meritum
677 936 742 990 ad
779 953 990 990 mortem
1026 933 1324 989 subeundam
1363 883 1537 987 sufficit
1573 951 1755 996 unum3

14 1342 31 1395 ’ἕ

346 223 837 307 CARMnN
918 219 1745 279 Dii-INGRATIS.

1932 238 2000 288 99

230 314 476 377 Cernere,
513 320 562 368 δι
598 311 852 366 auctorem
887 311 1178 365 nuntiorum
1215 309 1348 364 nosse
1386 311 1630 364 bonorum
1643 327 1662 372 3
1738 348 1741 351 ,

226 389 250 426 Ι

343 403 406 435 uo
443 381 538 436 fine
575 381 866 435 nil-testum
902 400 1040 433 mens
1077 380 1297 433 inchoat.
1340 381 1543 434 Audeat
1578 396 1746 433 amens
1792 427 1797 430 ,

230 454 469 521 Impietas
505 450 700 505 tumido
736 458 760 494 sl
795 449 995 504 arbitrio
1032 448 1310 503 subnetfi'tere
1347 448 1530 501 caussas

229 521 540 592 Divinorum
575 539 778 591 operum
819 542 829 573 ε

869 539 959 573 nos
993 539 1108 574 cum
1146 517 1399 572 manifesta
1439 519 1662 570 videmus
1739 567 1743 571 .

95 600 192 657 760
231 592 388 645 Dona
416 583 576 656 -ῢεί,
612 609 817 659 quorum
855 589 923 643 est
958 584 1067 642 fons
1103 608 1252 655 unuS,
1290 585 1474 640 summa
1514 586 1764 651 voluntas3

232 662 368 713 Cum
406 658 560 712 Paulo
595 658 840 713 tremuisse
875 666 1038 725 juvat,
1076 659 1420 728 stupidumque
1458 655 1676 710 modeste

231 730 485 783 Invictum
522 729 587 783 ad
618 727 791 795 ¹solium
830 729 1016 781 Christi
1054 725 1335 797 suspendere
1374 741 1574 780 nutum:

229 798 387 862 Cujus
425 798 663 862 judicium
700 796 762 851 fic
799 796 1102 850 inscrutabile
1139 803 1189 851 &
1224 796 1382 850 altum

227 868 493 934 DicimuS‚
529 884 582 920 ut
617 885 765 922 verax
802 864 987 936 prorsus
1020 863 1259 920 fateamur
1294 873 1345 921 ὅτ.
1382 887 1416 917 ae

229 1006 322 1060 Ad
360 1002 542 1073 vitam,
579 1005 666 1060 nisi
702 1007 839 1077 quod
877 1006 1069 1059 donarit
1108 1012 1293 1073 gratia,
1331 1003 1547 1057 nullum.

298 1077 383 1129 Tu
420 1095 562 1142 vero,
599 1083 623 1120 ff
659 1097 691 1130 o
727 1092 854 1130 nova
891 1095 1038 1143 gens,

1077 1081 1251 1128 veteris
1325 1094 1393 1127 uae
1433 1073 1576 1143 stirpe
1611 1071 1802 1127 oleastri

224 1150 250 1188 ff
289 1144 531 1213 Vellem,
567 1151 616 1200 &
655 1144 787 1200 sacra:
823 1152 967 1200 ramis
1008 1142 1225 1198 inolescis
1261 1164 1293 1198 o
1317 1151 1430 1211 ivae,

224 1214 448 1283 Qaerere
485 1222 509 1259 ff
546 1216 760 1269 sormatae
796 1213 938 1269 sentis
974 1231 1022 1268 te
1058 1212 1245 1267 frondis
1285 1214 1525 1268 honorem

68 1300 199 1369 ‚770
236 1284 358 1338 Non
397 1285 556 1339 studio
590 1284 780 1356 coepisse
817 1302 933 1351 tuo,
972 1282 1062 1338 sed·
1088 1290 1190 1349 jure
1228 1290 1446 1354 potentis

231 1354 491 1420 Agricolae·
517 1353 739 1409 insertam
774 1353 999 1408 foecundo
1036 1361 1201 1408 vivere
1236 1354 1398 1420 ligno:

226 1425 389 1478 Vince
425 1431 449 1468 ff
487 1421 801 1495 superborum-
837 1422 1007 1489 flatus,
1044 1431 1094 1476 &
1134 1441 1255 1474 vana
1291 1418 1543 1474 furentum

229 1493 535 1548 Turbinibus
571 1494 727 1549 stabili
765 1492 902 1547 fortis
939 1499 1119 1559 pietate
1158 1487 1341 1542 resiste:

228 1562 341 1616 Nec
378 1564 468 1617 tibi
503 1561 689 1618 fallacis
725 1561 945 1630 subrepat
982 1564 1209 1628 imago-ss
1247 1558 1466 1622 decoris,

94 1645 190 1698 775
232 1631 446 1686 Nullum
482 1653 542 1687 ex
582 1634 657 1686 his
692 1650 845 1684 errare
883 1645 1043 1699 putes.

1079 1636 1104 1672 a
1143 1629 1289 1679 Licet
1326 1632 1378 1678 in
1415 1645 1556 1680 cruce
1596 1633 1750 1680 vitam

225 1700 461 1768 Ducant,
500 1711 549 1757 ἀ
586 1707 688 1768 jugi
726 1699 942 1756 afficiant
978 1697 1054 1751 sua
1089 1715 1292 1769 corpora
1329 1712 1515 1763 morte,

229 1769 526 1827 Abstineant
562 1771 765 1839 opibuS‚
803 1767 892 1822 sint
927 1767 1080 1832 casti,
1128 1765 1315 1834 sintque
1352 1765 1583 1834 benigni,

234 1837 559 1911 Terrenisque
594 1837 750 1892 ferant
785 1848 1023 1892 animum.
1047 1835 1182 1906 super
1217 1835 1336 1889 astra
1374 1835 1584 1889 relistis:

227 1907 279 1958 Si
316 1924 481 1963 tamen
520 1909 617 1964 haec
654 1916 846 1978 propria
887 1914 1060 1960 virtute
1089 1904 1342 1975 ‘capescere
1378 1923 1679 1977 quemquam

78 1973 196 2037 [780
234 1974 376 2029 Poffe
415 1993 615 2044 putant,
650 1979 769 2031 sitve
806 1995 859 2031 ut
897 1976 1250 2044 dignuslabor
1288 1975 1373 2029 iste
1409 1982 1602 2042 juvari,

97 2067 100 2070 >
211 2044 495 2112 -Ingenium
533 2045 758 2099 meruisse
794 2053 929 2110 ajunt
967 2048 1095 2101 bona
1133 2065 1245 2100 vera
1283 2051 1523 2117 petentis:

59 2135 62 2162 s
98 2133 104 2140 ⁶
136 2150 179 2188 Ῡ.
207 2159 289 2196 757.
316 2147 462 2193 ,Quostne
479 2153 543 2188 &c.
561 2152 577 2192 )
596 2151 777 2199 Magnifice
792 2150 941 2188 abutitur
962 2166 1020 2200 pu-

56 2195 164 2241 ‘sido
193 2198 255 2236 illo
282 2201 418 2250 Virgilii
445 2201 667 2239 hemestichio
694 2202 736 2240 ad
767 2204 991 2240 Moecemtem
1010 2230 1018 2239 .

62 2249 216 2296 Εφτε.
246 2262 276 2298 3.
909 2288 911 2290 ,

95 2322 103 2340 l

79 2316 82 2328 ›
97 2308 118 2328 ‘-
191 2300 241 2334 Te
250 2299 324 2342 fine
340 2302 391 2337 nil
406 2301 512 2338 altum
531 2315 618 2338 mens
636 2302 784 2338 inchoat.

48 2330 338 2409 {fixquotetiam
356 2365 446 2401 patet
462 2353 637 2401 legendum
657 2352 815 2399 Renum,
839 2357 888 2392 uti
909 2355 1020 2401 virgi—

52 2414 55 2419 *
88 2397 264 2440 husdmu
290 2401 401 2436 Attum
411 2417 478 2440 non
500 2415 633 2449 autern,
658 2403 774 2448 Refii,
799 2416 838 2443 ut
857 2403 1022 2443 habebant

88 2449 200 2497 plures
218 2451 410 2490 Editiones.
442 2453 534 2490 Dori.
553 2454 637 2491 Lov.

141 2499 182 2538 JV.
209 2503 290 2546 758.
315 2501 464 2537 Arbitrio
475 2503 660 2549 subneflere
679 2505 800 2550 cauffits
818 2511 883 2543 διο.
902 2506 1023 2542 Βίἃίο

92 2546 140 2586 est
148 2550 356 2591 Iuvenalisin
365 2552 501 2589 fineSat.
517 2565 546 2600 3.
556 2552 614 2590 ubi
625 2554 724 2600 legis,
737 2555 923 2599 subneflere
931 2553 1021 2597 caus-

87 2597 165 2644 sas,
191 2599 425 2648 tametsilonge
433 2601 497 2642 alio
507 2601 595 2638 sensu
605 2603 664 2648 (ut
673 2603 913 2640 soletNostera
933 2613 1022 2637 vete·

92 2647 186 2685 ribus
196 2662 265 2686 non
276 2652 415 2699 perinde
426 2651 577 2689 sensusne
596 2651 727 2700 phrases
746 2655 908 2688 mutuari.
932 2652 948 2691 )
965 2650 1022 2687 Ad

91 2697 334 2737 senfiamautem
345 2702 438 2748 quod
457 2705 595 2745 attinet,
663 2706 686 2739 ti
698 2706 724 2738 is
743 2701 851 2750 potest
867 2713 908 2738 ex
925 2699 1023 2737 simili

92 2745 174 2803 loco
181 2749 222 2786 ad
232 2754 330 2798 capit.
342 2751 375 2786 8.
386 2750 517 2789 Gallor.
529 2716 665 2795 casp:
677 2763 756 2786 vero
768 2760 897 2798 operum
908 2750 952 2785 O·
966 2750 1021 2793 ju·

38 2807 39 2810 ’
85 2797 250 2833 «ἀοῖον-Μ
271 2799 340 2834 Dei
357 2802 414 2846 qui
425 2812 463 2833 ex
474 2801 591 2835 moad
602 2800 758 2834 humanas
773 2800 959 2834 voluntates
978 2798 1022 2834 Θ·

24 2854 39 2898 3}
92 2845 233 2884 aessiones
243 2850 342 2894 refert
351 2876 361 2885 .
372 2875 382 2885 .
393 2875 402 2886 .
413 2876 422 2885 .
433 2850 477 2884 δ’
486 2850 728 2897 despenfiniones
741 2850 805 2884 Dei
816 2863 853 2883 ex
861 2848 958 2884 tiberi
968 2861 1023 2884 ar·

16 2916 21 2918 ἡ
94 2895 190 2934 hierii
199 2899 277 2933 vult
287 2899 504 2935 mutabilitate
513 2901 646 2935 variari
654 2906 716 2939 &c.
728 2902 831 2938 Do&
843 2904 928 2938 Lov.

143 2954 184 2990 ᾗ.
205 2953 289 2996 767.
300 2950 398 2984 Nova
404 2962 487 2997 gens
498 2954 603 2994 )Non
613 2952 795 3001 alloquitur
803 2955 979 2999 Ingratos(
989 2961 1027 2988 ut

94 3001 230 3050 quidam
258 3000 503 3045 existimarunt,
527 3002 616 3039 forte
634 3003 765 3051 decepti
785 3015 890 3048 voce,
915 3011 1027 3043 nova,

96 3061 169 3099 quo
188 3054 222 3088 in
242 3051 360 3088 malam
380 3064 505 3100 partem
526 3052 715 3101 siequenter
732 3055 915 3103 accipiunt
938 3053 954 3092 )
973 3050 1028 3088 sed

95 3098 340 3138 orthodoxum
366 3101 519 3139 Ecclesiae
545 3103 729 3150 populuum
761 3102 887 3140 fovum
913 3105 1029 3149 utique

95 3154 347 3233 Ξοὲριῗῖἰοηο
373 3152 520 3196 Iudaici,
544 3158 600 3191 cui
624 3151 797 3205 hocloco
820 3156 1025 3202 opponitur.

184 3223 194 3232 ι
265 3212 344 3237 ἩὯ..
724 3212 762 3229 ’“’

152 3252 192 3288 ᾗ.
219 3251 302 3294 768.
319 3251 452 3287 Velleris
464 3252 588 3296 >Vei-b.
600 3266 664 3303 pro
672 3250 852 3289 avell'ch's.
874 3253 1030 3302 Virgilia-

100 3310 160 3335 ne.
186 3298 358 3338 Alluditur
366 3303 406 3339 ad
417 3306 522 3341 Rom.
537 3316 551 3339 1
562 3316 590 3341 1.
601 3309 641 3344 v.
657 3317 712 3352 17.
722 3303 779 3342 ubi
797 3305 838 3342 de
855 3311 954 3352 gente
973 3308 1030 3347 Ju-
1055 3317 1057 3320 ⁴

99 3348 252 3386 daeorum
262 3360 300 3386 ut
308 3350 399 3386 oliva
408 3378 418 3396 ‚
429 3357 464 3390 δι
473 3354 516 3391 de
524 3354 655 3391 Gentili
665 3366 704 3392 ut
715 3353 846 3398 oleastro
856 3353 1027 3392 diffecitur.

101 3399 192 3437 Vide
201 3400 268 3442 eius
279 3398 344 3437 loci
355 3402 590 3450 expositionem
609 3404 812 3442 luculentam
833 3405 921 3454 apud
938 3407 1031 3454 Aug.

73 3454 79 3466 '¹
98 3451 135 3486 in
154 3449 318 3486 Psalmum
338 3463 395 3496 72.
414 3452 509 3488 1203.
536 3454 620 3490 Lov.

78 3548 79 3552 Ἰ
149 3504 192 3539 ψ.
221 3502 304 3546 769.
330 3500 360 3534 F
361 3510 490 3536 armate
493 3503 650 3550 frondis)
663 3498 780 3555 nempe
791 3505 1045 3555 oleagineam„

46 3556 49 3566 ²
102 3548 315 3598 distinguitur
333 3563 452 3588 contra
469 3552 622 3592 frondem
643 3556 794 3600 oleastri,
819 3556 910 3593 velut
927 3545 1045 3593 infor-⁹

105 3611 194 3639 mem
211 3604 246 3637 δε
268 3601 515 3649 imperfectam.
541 3603 636 3639 Doti.
655 3606 740 3640 Lov.

155 3654 196 3690 Ῠ.
223 3662 267 3697 77
275 3663 305 3686 2.
332 3650 827 3697 Superborum)Maffiliens1um
837 3655 1010 3706 epitheton
1020 3682 1033 3700 ,

92 3703 140 3738 a&
149 3700 285 3748 quidem
294 3714 312 3738 e
320 3701 450 3740 duobus
459 3705 621 3751 primariis
628 3717 736 3744 unum
746 3734 754 3743 .
771 3707 930 3744 Alterum
941 3720 1033 3743 nem-

104 3762 146 3797 pe
155 3749 203 3787 est
221 3750 421 3796 Ingratorum
432 3766 444 3786 .·
471 3751 569 3789 ambo
578 3765 690 3793 autem
704 3758 912 3799 coniunctim
931 3756 1032 3795 habes

43 3811 51 3816 ·
103 3799 198 3849 supra
207 3803 242 3836 in
253 3801 423 3839 Praefat.&
437 3807 476 3842 iis.
489 3805 570 3849 684.
590 3802 688 3840 Doti.
707 3806 790 3841 Lov.

203 3850 230 3885 S
234 3871 250 3890 0
257 3849 407 3899 Prosperi
416 3876 426 3888 .

1132 2159 1174 2194 t.
1195 2166 1279 2201 774.
1296 2156 1331 2190 &
1343 2152 1410 2200 seq.
1423 2148 1556 2185 Decoris
1567 2176 1577 2194 ,
1604 2148 1731 2185 nullum
1741 2153 1807 2188 διο.
1817 2150 1834 2190 )
1843 2148 2013 2186 Hactenus

1079 2204 1204 2242 Ιεᾶιιιη
1229 2204 1293 2241 fuit
1302 2218 1314 2240 ι

1179 2275 1369 2288 ......
1394 2250 1565 2297 subrepat
1585 2249 1692 2297 imago
1711 2249 1835 2285 decoris
1843 2274 1854 2284 .

1180 2302 1322 2338 Nullum
1350 2313 1390 2335 ex
1408 2299 1460 2336 his
1477 2304 1716 2348 marepates?

1080 2355 1160 2392 Nec
1170 2356 1418 2401 interrogationi
1428 2364 1494 2390 tam
1504 2352 1653 2401 abrupte
1663 2351 1828 2394 diffimilis
1835 2350 1882 2389 est
1890 2350 1948 2388 illa
1968 2349 2016 2387 su-

1104 2419 1139 2443 ra
1157 2410 1198 2445 Ῠ.
1299 2432 1308 2441 .

1078 2419 1103 2455 P
1182 2416 1387 2490 Diblgorm
1405 2463 1535 2500 operum
1546 2450 1761 2500 quodponitis
1779 2454 1865 2488 &c.?

1081 2508 1212 2542 Tamen
1222 2505 1334 2539 locum
1344 2515 1545 2549 corruptum
1565 2503 1646 2544 esse,
1670 2514 1751 2539 cum
1769 2500 1873 2537 Gallo
1892 2498 2018 2542 sentio,

1081 2557 1142 2599 qui
1151 2551 1219 2587 hoc
1229 2550 1476 2587 hemistichium
1485 2563 1562 2594 cum
1571 2551 1734 2597 superiori
1744 2549 1840 2586 versu
1858 2548 1946 2585 sorte
1962 2548 2017 2585 de-

1083 2601 1162 2638 bere
1171 2601 1329 2645 conjungi
1339 2609 1489 2636 autumat
1498 2627 1509 2637 .
1527 2601 1759 2648 Optarernque
1770 2599 1789 2644 (
1794 2602 1902 2647 pergit
1909 2599 2017 2637 Do&

1082 2654 1166 2688 Lov.
1175 2662 1252 2687 cum
1261 2649 1379 2686 eodem
1388 2646 1462 2685 ΜΠ.
1470 2661 1571 2697 opem
1583 2663 1593 2685 =
1602 2649 1656 2689 sed
1666 2662 1741 2697 quae
1749 2648 1831 2686 mihi
1841 2662 1884 2686 ne
1893 2652 2017 2687 Romae

1082 2701 1219 2750 quidem
1230 2713 1348 2736 omnes
1357 2698 1585 2736 Bibliothecas
1603 2698 1800 2741 celebriores
1809 2724 1822 2743 ,
1845 2702 1855 2735 i
1859 2697 2017 2747 pssmque

1081 2755 1181 2789 etiam
1190 2754 1380 2788 Vaticanam
1389 2775 1402 2794 ‚
1412 2748 1617 2797 perlustranti
1627 2749 1799 2798 obtingere
1810 2752 1919 2796 potuit
1929 2776 1937 2784 .
1950 2752 2017 2796 Igi-

1082 2814 1137 2839 tur
1146 2803 1362 2844 meoMarte,
1387 2812 1456 2836 non
1466 2803 1576 2837 invito
1593 2799 1719 2844 Gallo,
1743 2804 1787 2837 ita
1807 2798 1955 2842 restitui,
1980 2810 2019 2835 ut

1086 2853 1158 2890 duo
1166 2850 1203 2889 hi
1214 2851 1324 2888 versus
1333 2850 1391 2887 sibi
1401 2849 1590 2887 cohaereant
1596 2875 1609 2894 ,
1635 2849 1801 2886 subaudita
1810 2861 1919 2886 tamen
1929 2853 2018 2885 inter

1088 2914 1270 2949 utrumque
1279 2902 1516 2948 conjunctione
1526 2901 1568 2934 Ut
1577 2925 1587 2935 .
1612 2900 1773 2938 Dubitavi
1789 2903 1889 2937 etiam
1898 2925 1911 2943 ‚
1936 2911 2019 2936 num

1087 2953 1176 2989 sbrte
1196 2956 1322 2999 integer
1331 2965 1369 2989 ve
1374 2951 1438 2987 rsus
1445 2951 1682 2988 desideraretur
1692 2964 1723 2986 v.
1735 2962 1766 2998 g.

1189 3003 1232 3035 Ue
1257 3001 1334 3048 quia
1358 2999 1528 3047 conspicuis
1547 3001 1625 3047 sunt
1643 2999 1785 3035 moribus
1795 3025 1807 3043 ,
1830 3009 1928 3046 atque
1943 3008 2018 3046 pro·

1088 3053 1174 3089 batis
1183 3065 1198 3094 ;
1262 3088 1266 3094 ,
1364 3056 1371 3062 ’

1088 3104 1154 3141 sine
1160 3115 1233 3152 quo
1241 3101 1420 3152 profecto,
1443 3114 1501 3141 aut
1519 3101 1637 3147 simili,
1660 3115 1728 3139 non
1748 3102 1820 3140 fitis
1835 3103 2019 3145 indicatur,

1089 3167 1163 3203 quae
1181 3154 1219 3190 fit
1242 3151 1305 3191 ina·

1192 3227 1383 3239 ......
1408 3204 1439 3237 F
1438 3201 1553 3237 allacis
1571 3201 1675 3249 imago
1700 3202 1822 3237 decoris
1832 3228 1843 3238 .

1141 3260 1182 3295 ᾔ.
1209 3266 1292 3300 775.
1317 3252 1450 3295 Litetin
1459 3265 1551 3291 cruce
1559 3257 1622 3290 διε.
1642 3257 1749 3301 Igitur
1768 3253 1826 3291 ubi
1844 3252 1927 3290 illud
1938 3280 1950 3298 ,
1974 3256 2022 3289 in·

1091 3309 1183 3355 quies
1193 3332 1205 3350 ,
1229 3298 1468 3352 Evangelieum
1479 3329 1492 3347 ,
1519 3304 1570 3337 Ex
1577 3302 1742 3348 frustibus
1751 3315 1856 3337 earum
1866 3301 2022 3349 cognosce·

1090 3355 1135 3390 ris
1145 3357 1216 3390 eos?
1241 3358 1315 3392 Sine
1325 3353 1432 3392 dubio
1442 3357 1532 3391 enim
1547 3353 1704 3390 nonnulla
1724 3354 1883 3390 doetrinae
1902 3350 2022 3400 proba-

1090 3410 1144 3444 tio
1152 3417 1262 3442 mores
1271 3403 1366 3442 sune:
1395 3405 1450 3441 sed
1459 3417 1519 3441 nec
1532 3404 1565 3440 id
1576 3415 1669 3452 negat
1678 3403 1735 3440 hic
1745 3402 1869 3441 Noster
1881 3428 1893 3445 ,
1918 3406 2024 3438 immo

1087 3481 1091 3485 .
1139 3461 1201 3493 tius
1212 3453 1330 3503 probat
1337 3479 1352 3498 ,
1369 3467 1447 3492 cum
1456 3455 1660 3491 detracturus
1668 3457 1753 3491 Semi
1757 3453 1928 3502 pelagianis
1938 3451 2025 3488 hanc

1089 3469 1329 3554 ffivamrnon
1347 3502 1418 3541 earn
1435 3507 1497 3542 init
1514 3509 1600 3541 viam
1611 3530 1623 3548 ,
1649 3515 1686 3542 ut
1703 3505 1791 3541 dicat
1816 3515 1924 3539 mores
1941 3500 2024 3539 nihil

1088 3556 1241 3593 tonferre
1263 3553 1482 3592 ad‘doetrin'ae
1495 3556 1656 3601 judicium
1667 3581 1679 3598 ‚
1705 3554 1760 3590 sed
1778 3553 1873 3590 aliam
1891 3556 2003 3602 potius
2013 3564 2026 3590 3

1091 3619 1212 3654 nempe
1224 3617 1260 3642 ut
1270 3603 1438 3648 ostendat,
1464 3608 1603 3641 virtutes
1611 3617 1726 3640 eorum
1736 3603 1853 3640 solidas
1863 3615 1931 3638 non
1942 3601 2002 3640 esl‘e
2012 3627 2026 3645 ,

1093 3661 1231 3694 vitiante
1256 3655 1326 3691 illas
1345 3653 1494 3702 superbia
1504 3679 1516 3698 ,
1541 3657 1576 3689 δι
1596 3657 1740 3704 propriae
1765 3653 1870 3691 laudis
1888 3666 2001 3690 amore
2012 3677 2026 3695 ,

1091 3720 1192 3756 quern
1201 3705 1335 3755 quidem
1344 3703 1417 3754 ipso
1426 3704 1486 3742 suo
1495 3704 1652 3753 dogmate
1660 3705 1879 3754 profiteantur
1889 3731 1897 3740 .
1924 3701 2025 3738 Do&-

1091 3759 1220 3793 Lovan.

1523 3860 1588 3904 „N
1641 3870 1661 3899 2.
1842 3862 1884 3897 ιν.
1910 3858 1993 3904 784·

2022 339 2079 370 que
2106 330 2156 360 ad'
2178 329 2335 361 minimum

2022 370 2107 401 bouae
2133 370 2297 401 voluntatis

2023 411 2143 441 initium
2155 430 2165 440 .

2022 450 2177 491 Desipiunt
2191 450 2242 489 qui
2251 449 2341 480 Paulo

2020 491 2074 532 ipsi
2089 490 2307 521 inscrutabilem
2326 509 2336 524 ‚

1951 525 1955 529 Δ
1982 543 1984 546 ’
2021 542 2073 562 cur
2089 531 2118 561 hi
2130 532 2230 574 potius
2248 538 2339 570 quam

2023 572 2066 602 illi
2076 582 2125 611 per
2132 580 2257 612 gratiam
2267 568 2337 599 libe-

2023 610 2339 652 rentnrquaestionern,

2023 662 2075 693 per
2102 652 2186 683 liberi
2220 650 2338 681 arbitrii

2024 692 2223 724 velle&nolle
2243 690 2269 720 se
2285 690 2341 720 sol-

2023 742 2089 763 vere
2117 731 2191 773 posse
2213 739 2341 771 opinan-

2024 780 2089 803 tur.

2025 815 2105 843 Rom·
2129 822 2176 844 ιι.
2197 820 2244 851 33.

2027 852 2133 893 Philip.
2155 864 2182 882 2.
2207 863 2254 889 ¹3·

2024 894 2097 925 Non
2108 893 2182 933 polle
2190 893 2245 923 Dei
2267 890 2341 925 iudi·

2023 934 2102 963 cium
2131 943 2191 963 non
2226 931 2278 963 effe
2305 940 2342 960 a:-

2023 982 2134 1043 3333:
2144 979 2342 1048 rimati:

2024 1054 2109 1084 nibus
2137 1055 2276 1083 merirum
2304 1050 2342 1083 ad

2023 1102 2148 1125 mortem
2177 1093 2311 1134 suppetat

2024 1135 2124 1166 velex
2146 1131 2342 1174 unooriginia
2378 1136 2382 1139 ”

2023 1184 2163 1214 peccato.

2023 1215 2147 1246 Nullum
2177 1214 2213 1245 ad
2241 1213 2338 1244 vitam

2023 1256 2160 1297 nisiquod
2171 1255 2268 1296 gratia
2288 1252 2342 1283 do·

2024 1306 2106 1327 nari.

2023 1338 2105 1366 Rom.
2129 1346 2156 1373 5.
2180 1345 2227 1372 19·

2025 1376 2136 1408 Cum·
2177 1369 2339 1406 xxxva.

2024 1417 2180 1454 Quantum
2198 1418 2255 1447 viri
2273 1413 2343 1445 fide-

2024 1457 2066 1488 las
2075 1458 2112 1488 ab
2129 1456 2258 1488 hostibus
2276 1465 2342 1496 gra-

2024 1498 2074 1527 τίκ
2096 1499 2147 1528 sibi
2168 1506 2271 1528 cavere
2292 1496 2341 1527 de·

2025 1536 2128 1568 beant.

2018 1578 2107 1617 Joan.
2130 1588 2142 1607 ι
2150 1586 2176 1613 5.
2199 1586 2227 1609 ι.

2028 1854 2232 1896 Quicumque}
2252 1856 2345 1887 virtu-

2030 1904 2073 1927 tes
2083 1897 2144 1927 suas
2154 1895 2276 1933 velfibi,
2297 1895 2344 1928 vel

2031 1945 2131 1978 gratia·
2146 1946 2237 1976 quam
2258 1937 2347 1968 meri-

2029 1985 2076 2008 tus
2085 1976 2118 2008 fit
2128 1976 2345 2019 adscribit,pro-

2028 2017 2155 2048 ficiendo
2162 2017 2272 2055 deficit,
2280 2027 2344 2049 cur-

2029 2058 2122 2090 rendo
2133 2057 2259 2090 recedit.
