2652 4126
485 193 629 249 ³244
710 173 980 231 Semta-A
1024 180 1103 224 ET
1146 176 1567 223 ΜοΝυΜΕΝΤΑ
1604 176 1755 237 QJAE
1798 161 2342 227 OP.''S.'PROSPER1.

512 266 700 309 nia„fithito
711 265 983 309 ,nuritiarenturs
1016 258 1127 296 ablatis
1162 256 1323 313 omnibus,
1353 254 1439 293 solus

514 311 664 355 remanfit
690 316 752 360 lob
772 315 867 355 ‚fised
895 316 927 346 in
953 309 1013 345 illo
1036 317 1126 344 erant
1137 317 1212 341 vota
1239 304 1340 340 laudis
1365 319 1440 352 quae

513 362 664 406 redderet
681 370 787 405 Deo,
811 367 844 398 in
871 360 930 395 illo
948 358 1040 405 plane
1066 367 1157 393 erant
1177 369 1185 391 ε
1210 367 1317 392 arcam
1342 355 1437 391 saneti

514 419 654 465 pectoris
679 416 723 451 sui
751 413 803 448 fur
835 407 985 447 diabolus
1010 420 1076 442 non
1104 406 1288 446 invaserat,
1323 404 1438 452 plenus

513 479 580 504 erat
607 465 694 501 unde
720 460 937 497 sacrificaret.
965 458 1052 495 Audi
1079 469 1152 504 quat
1178 453 1337 497 habebat,
1362 455 1437 491 audi

510 528 584 563 φης
610 511 776 561 protulit:
801 511 968 549 Dominus
993 507 1086 544 dedit
1105 523 1120 547 ‚·
1141 507 1308 542 Dominus
1331 503 1437 541 abstu-

510 567 549 603 lit
573 590 585 607 ‚
611 563 690 599 ficut
717 563 868 598 Domino
894 556 1014 604 placuit
1033 582 1045 598 ,
1078 557 1123 591 ita
1149 554 1273 590 sactum
1300 552 1345 588 est
1366 553 1437 611 :iit

491 624 632 651 nomen
659 611 796 648 Domini
822 607 1034 646 benedietum
1054 630 1063 639 .
1088 608 1124 640 Ο
1149 605 1275 641 divitiae
1301 607 1437 639 interio-

489 677 495 681 ¹·
508 675 559 699 res
578 687 589 704 ,
621 672 692 708 quo
717 659 770 696 fur
805 670 873 695 non
900 657 1023 705 accedit
1045 656 1055 693 ἓ
1089 653 1162 702 Ipse
1189 652 1320 688 dederat
1345 656 1436 690 Deus

501 713 592 749 'unde
615 708 812 759 accipiebat,
839 706 906 756 ipse
930 706 1107 746 ditaverat,
1129 703 1219 740 unde
1245 702 1292 739 illi
1319 702 1435 738 offere-

505 762 561 798 bat
585 759 677 807 quod
700 757 827 797 amabat
847 784 855 793 .
891 756 1038 795 Laudem
1064 768 1082 792 a
1105 765 1139 790 te
1163 755 1281 800 quaerit
1307 754 1398 789 Deus
1422 777 1434 795 ,

488 811 738 849 ¹confessionem
773 819 863 844 tuam
889 809 1008 852 quaetit
1042 807 1135 843 Deus
1154 827 1165 838 ‚v
1197 801 1258 838 Sed
1283 801 1325 837 de
1350 814 1432 848 agro

503 872 564 898 tuo
589 858 713 906 aliquid
737 857 875 894 daturus
901 857 964 891 es?
988 854 1060 900 Ipse
1089 852 1172 900 pluit
1197 863 1243 910 ut⁸
1259 850 1395 909 haberes
1421 881 1429 889 .

501 913 558 948 De
582 920 654 947 arca
679 909 813 947 daturus
836 916 871 943 es
895 905 1018 952 aliquid
1039 914 1049 942 ἒ
1074 902 1146 950 Ipse
1172 901 1310 941 instituit
1336 903 1430 950 quod

497 959 633 998 daturus
657 970 690 995 es
708 985 717 994 .
751 956 848 1003 Quid
872 956 1008 994 daturus
1032 966 1066 990 es
1090 952 1183 1000 quod
1209 950 1249 987 ab
1275 951 1336 987 illo
1361 964 1428 987 non

489 1006 670 1058 accepisti?
695 1007 791 1052 Quid
815 1009 903 1042 enim
923 1004 1022 1041 habes
1046 1003 1139 1050 quod
1164 1012 1232 1037 non
1257 1001 1429 1048 accepisti?

490 1062 551 1098 'De
575 1058 678 1096 corde
702 1056 814 1096 dabis?
838 1055 911 1103 Ipse
935 1054 1026 1092 dedit
1052 1053 1176 1093 fidem,
1203 1051 1294 1098 spem
1321 1053 1355 1086 ετ
1379 1063 1430 1088 ca-

486 1112 624 1146 ritatem
644 1122 653 1147 :
678 1106 746 1144 hoc
771 1105 959 1153 prolaturus
978 1129 990 1145 ,
1014 1102 1082 1138 hoc
1108 1101 1343 1138 sacrificaturus
1368 1114 1401 1137 es
1421 1127 1429 1136 .

490 1159 554 1194 Sed
592 1157 686 1204 plane
710 1159 820 1194 omnia
848 1154 902 1192 illa
934 1165 1039 1189 cetera
1075 1150 1183 1199 potest
1207 1149 1335 1188 aufferre
1368 1151 1429 1188 tibi

492 1211 644 1246 inimicus
671 1208 800 1248 invito,
823 1203 892 1241 hoc
915 1202 1041 1239 auferre
1066 1212 1134 1237 non
1159 1198 1268 1247 potest
1285 1200 1343 1236 nifi
1370 1212 1430 1238 vo-

492 1258 573 1294 lenti
595 1281 603 1290 .
636 1254 696 1295 Illa
722 1252 838 1301 perdet
862 1257 896 1292 δι’
923 1254 1046 1289 invitus
1068 1263 1080 1290 ;
1104 1253 1139 1288 δε
1164 1249 1281 1286 volens
1305 1248 1428 1289 habena

490 1317 628 1348 aurum,
655 1304 772 1351 perdet
781 1314 919 1343 aurum3
943 1301 1102 1338 &volens
1126 1298 1249 1338 habere
1265 1299 1404 1336 domum
1418 1327 1427 1342 ‚

490 1356 607 1404 perdet
641 1351 949 1392 domumzfidem
987 1362 1089 1390 nemo
1123 1350 1241 1403 perdet
1277 1349 1334 1386 nifi
1368 1354 1426 1398 qui

491 1406 670 1455 spreverit.

349 531 490 563 Ibida-n

325 1087 414 1117 icor.
422 1096 480 1124 qq.

548 1572 599 1612 Ex
627 1561 835 1608 enarratione
860 1570 998 1669 ejysdem
1023 1569 1059 1606 in
1085 1567 1250 1616 Psalmum
1276 1569 1358 1608 LVI,

835 1634 897 1657 ver
915 1649 922 1656 .
939 1635 968 1660 1.
989 1633 1020 1658 n.
1035 1632 1067 1660 2,

583 1711 646 1747 Uia
663 1719 747 1755 ergo
772 1708 950 1754 passionem
968 1708 1109 1744 Domini
1136 1715 1244 1740 cantat
1269 1704 1326 1743 istc
1339 1705 1422 1741 Psal-

609 1770 681 1797 mus
699 1785 711 1802 ,
745 1758 821 1793 vide
847 1768 948 1804 quem
973 1755 1109 1792 titulum
1136 1753 1284 1792 habeat:
1320 1755 1355 1787 In
1378 1755 1420 1797 fi·

483 1819 572 1846 nem!
598 1810 685 1844 Finis
709 1804 863 1846 Christus
887 1805 955 1841 est.
983 1808 1098 1851 Quare
1117 1804 1227 1841 dictus
1252 1805 1299 1840 est
1325 1805 1421 1842 finis?

483 1862 566 1895 Non
582 1861 641 1906 qui
657 1854 932 1898 consumat,·sed
958 1858 1016 1901 qui
1034 1854 1259 1891 consummet.
1283 1855 1417 1892 Consu-

481 1915 572 1944 mere
597 1910 712 1951 enim,
738 1905 875 1954 perdere
901 1902 979 1944 est:
1005 1905 1254 1946 consummare,
1279 1905 1415 1951 perfice.

480 1969 533 1993 re.
560 1957 706 1994 Finitum
730 1959 820 1993 enim
843 1954 1007 2001 quidquid
1032 1955 1175 1991 dicimus
1195 1978 1207 1995 ‚
1231 1966 1249 1990 a
1274 1954 1340 1989 fine
1364 1955 1413 1991 di·

479 2009 605 2043 cimus.
630 2004 692 2043 Sed
711 2004 806 2041 aliter
823 2004 987 2046 dicimus,
1011 2006 1134 2042 Finitus
1158 2002 1205 2039 est
1225 2007 1334 2051 panim
1358 2004 1416 2040 ali-

480 2067 529 2094 ter
553 2056 714 2098 dicimus,
740 2051 848 2094 Finita
873 2052 920 2090 est
945 2057 1053 2092 tunica
1075 2068 1084 2091 =
1110 2053 1225 2090 finitus
1249 2053 1295 2089 est
1322 2058 1414 2102 panis

434 2122 438 2126 ·
478 2109 536 2153 qui
562 2103 838 2146 manducabatur,
863 2103 955 2140 finita
981 2102 1026 2141 est
1053 2107 1162 2140 tunica
1186 2115 1260 2154 quae
1285 2103 1412 2142 texeba-

416 2181 419 2186 ι
479 2167 534 2192 tur
554 2171 563 2193 ε
589 2158 680 2203 panis
697 2166 779 2201 ergo
804 2154 917 2192 finitus
937 2153 989 2190 est
1005 2164 1044 2190 ut
1069 2153 1337 2196 consumeretur,
1361 2165 1413 2191 tu-

479 2209 557 2243 nica·
578 2206 670 2244 finita
693 2203 739 2239 est
750 2216 787 2240 ut
813 2203 1047 2251 perficeretur.
1071 2206 1156 2239 Finis
1179 2213 1261 2246 ergo
1287 2214 1412 2247 propo.

478 2255 527 2291 firi
550 2254 655 2291 nostri
679 2252 838 2292 Christus
859 2252 905 2286 cst
925 2265 934 2287 :
959 2254 1036 2298 quia
1053 2249 1298 2296 quantumlibet
1319 2261 1416 2283 cone-

477 2317 575 2345 mur,
602 2307 633 2338 in
659 2302 719 2337 illo
745 2300 961 2348 perficimur,
983 2303 1017 2335 &
1043 2298 1085 2334 ab,
1112 2297 1171 2332 illo
1198 2297 1415 2344 perficimur,-

477 2358 511 2390 &
530 2351 602 2389 haec
629 2351 676 2390 est
726 2350 861 2386 erfeffio
886 2349 1017 2389 nostra,
1044 2347 1084 2383 ad
1105 2346 1200 2383 illum
1214 2351 1408 2393 pervenire:

477 2398 506 2438 fi'
526 2414 602 2437 cum
627 2397 668 2437 ad
694 2397 789 2435 ilum
815 2399 1023 2444 perveneris,
1046 2395 1136 2432 ultra
1162 2408 1230 2430 non
1247 2400 1372 2442 unoeris
1399 2421 1412 2437 ‚

481 2453 556 2488 finis
581 2462 659 2488 tuus
674 2447 739 2485 est.
766 2446 956 2494 Quomodo
974 2449 1064 2481 enim
1088 2444 1165 2479 finis
1189 2447 1249 2481 viae
1270 2456 1334 2481 tuae
1361 2445 1409 2479 lo-

478 2514 536 2537 cus
561 2501 607 2536 est
632 2511 703 2546 quo
725 2499 832 2534 tendis
853 2523 866 2540 ,
895 2508 969 2542 ‘quo
993 2507 1070 2531 cum
1096 2498 1282 2541 perveneris
1300 2520 1309 2535 ‚
1347 2496 1411 2539 jam

479 2549 643 2593 manebis,
668 2549 709 2586 fic
737 2548 813 2585 finis
837 2545 937 2582 studii
963 2548 1009 2581 tui
1032 2571 1044 2587 ,
1070 2543 1232 2591 propofiti
1259 2548 1332 2587 tui²
1355 2558 1411 2579 co-

482 2612 574 2637 natus
590 2604 658 2641 tui,
686 2599 880 2634 intentionis
899 2605 983 2637 tuae,
1008 2594 1064 2631 ille
1088 2593 1134 2629 est
1149 2594 1198 2630 ·ad
1224 2606 1323 2640 quem
1343 2604 1412 2629 ten-

480 2651 552 2692 dis,
577 2649 617 2686 ad
637 2660 738 2696 quern
763 2659 842 2683 cum
862 2647 1072 2692 perveneris,
1097 2643 1181 2680 ultra
1208 2656 1275 2678 non
1294 2643 1414 2680 defide-

483 2699 568 2737 rabis
589 2725 598 2739 ,
624 2702 701 2745 quia
726 2696 843 2733 melius
867 2694 951 2731 nihil
977 2692 1110 2730 habebis
1128 2719 1136 2728 .
1172 2692 1245 2741 Ipse
1271 2705 1352 2740 ergo
1378 2698 1411 2730 &

482 2749 674 2796 exemplum
698 2746 794 2783 nobis
821 2745 953 2781 vivendi
979 2743 1154 2791 proposuit
1181 2747 1212 2778 in
1238 2741 1299 2778 hac
1326 2747 1414 2787 vita,

483 2804 517 2836 ἀ
546 2799 719 2846 pr‘aemium
742 2795 875 2833 vivendi
901 2793 991 2830 dabit
1014 2798 1049 2830 in
1075 2793 1186 2830 sutura
1211 2796 1293 2828 vita.

333 1721 404 1758 Verl.
421 1728 434 1749 1
441 1741 447 1750 .

302 1781 468 1819 'Rom.1o.4.

1471 503 1588 550 ··-quod
1612 507 1647 539 &
1674 502 1731 540 ille
1755 504 1828 541 odit
1856 520 1867 542 .-

1487 256 1710 298 'confitendm
1735 259 1768 292 δι
1789 259 1887 304 puni.
1914 261 1995 295 Non
2015 258 2069 295 ille
2088 262 2230 296 inveniat
2252 265 2345 307 quod
2357 277 2421 310 pu·

1498 309 1583 341 niat.
1610 309 1700 350 Quia
1718 318 1796 343 cum
1815 317 1849 341 tu
1871 310 1966 353 punis
1987 311 2214 355 iniquitatem,
2240 310 2314 346 facis
2326 318 2421 359 aequi-

1497 366 1616 391 tatem.
1644 357 1688 391 Et
1714 355 1789 391 ideo
1814 358 1861 391 tui
1888 357 2093 394 miserebitur
2119 362 2231 402 Deus,
2255 359 2419 406 quirijam

1496 415 1529 439 te
1553 416 1744 451 operantem
1768 409 1950 452 aeqtn'tatem
1978 410 2103 443 invenit
2127 412 2236 445 Deus.
2264 412 2357 457 Quid
2377 412 2422 448 est

1495 465 1686 499 operantem
1713 457 1896 501 aequitatem
1917 466 1928 492 ἓ
1962 460 2050 500 Quia
2075 461 2107 493 in
2136 469 2167 494 te
2194 458 2260 496 hoc
2286 460 2384 497 odisti
2410 487 2422 504 ,

1903 516 1941 541 ut
1973 510 2107 553 incipias
2144 508 2287 555 placere
2305 511 2384 550 Deo
2410 537 2419 552 ,
2445 544 2451 548 „

1495 553 1576 589 dum
1602 551 1669 589 hoc
1696 557 1728 589 'm
1754 558 1894 600 tepunis
1919 557 2010 603 quod
2036 556 2187 604 displicet
2211 560 2418 596 DeoJNam

1495 614 1564 637 non
1589 602 1697 649 potest
1718 606 1924 650 impunitum
1946 606 2088 653 relinqui
2110 618 2279 655 peccatum
2301 624 2313 644 r
2334 620 2419 657 quo-
2546 638 2553 643 .

1494 655 1580 687 niam
1601 663 1712 688 vemm
1731 652 1799 695 est,
1825 654 1897 686 Non
1915 654 2091 700 miserearis
2110 658 2246 691 omnium
2269 657 2328 705 qui
2345 668 2416 706 ope·
2460 683 2530 720 Vns·
2545 686 2574 712 6-

1495 710 1612 734 rantur
1636 701 1862 749 imquitatem,
2012 717 2016 722 ·

1540 864 1593 900 Ex
1617 866 1798 901 mariniane
1823 868 1933 903 eadem
1967 870 2001 903 in
2027 870 2190 915 Psalmum
2215 871 2366 908 LXVIII.

1733 918 1837 957 Serm.
1869 930 1921 957 ιι.
1948 930 1983 957 v.
2015 923 2066 957 18.
2093 932 2123 956 n.
2145 934 2209 959 ·11.

1586 999 1711 1043 Djutor
1735 1013 1819 1035 meus
1839 1030 1852 1046 ,
1876 1002 1937 1037 tibi
1957 1003 2096 1049 psallam
2116 1032 2126 1048 ‚
2163 1006 2238 1052 quia
2263 1017 2301 1041 m
2327 1009 2417 1042 Deus
2441 1021 2577 1062 Vegfiiffl

1603 1049 1763 1096 susceptor
1787 1064 1874 1085 meus
1901 1066 1950 1090 es.
1978 1055 2071 1100 Quid
2092 1069 2202 1100 eram,
2228 1056 2285 1094 nifi
2306 1057 2416 1093 subvo-

1489 1102 1600 1135 nires?
1623 1103 1736 1148 Qum
1755 1102 1939 1150 desperatus
1963 1116 2071 1146 eram,
2098 1107 2155 1142 nifi
2173 1110 2324 1143 curares?
2348 1108 2414 1145 Ubi

1489 1148 1655 1195 jacebam,
1682 1152 1739 1188 nifi
1766 1153 1933 1191 advenires
1955 1157 1968 1191 ?
2000 1159 2104 1192 Certe
2131 1160 2254 1203 ingenti
2281 1158 2417 1194 vulnere

1487 1198 1721 1246 periclitabar,
1754 1202 1807 1239 sed
1834 1203 1915 1240 illud
1951 1204 2071 1241 vulnus
2106 1218 2217 1243 meum
2251 1209 2415 1244 medicum

1485 1252 1755 1297 omnipotentem
1783 1253 1970 1299 requirebat
1988 1279 1996 1287 .
2024 1258 2262 1302 Omnipotmti
2284 1259 2417 1295 medico

1487 1297 1571 1336 nihil
1598 1299 1645 1337 est
1669 1302 1840 1340 insanabile
1860 1330 1870 1347 ,
1897 1317 1963 1340 non
1990 1309 2153 1342 renuntiat
2177 1307 2216 1343 ad
2242 1307 2413 1353 aliquem:

1484 1361 1570 1394 opus
1594 1349 1640 1385 est
1665 1362 1703 1387 ut
1727 1363 1764 1388 tu
1789 1357 1892 1389 curari
1919 1354 2000 1390 velis
2017 1380 2029 1397 ,
2053 1367 2139 1402 opus
2165 1355 2212 1393 est
2237 1368 2273 1394 ut
2299 1364 2414 1394 manus

1484 1400 1552 1443 ejus
1578 1412 1645 1434 non
1672 1401 1831 1447 refugias.
1858 1405 1919 1440 Sed
1948 1403 1981 1437 δε
2010 1403 2032 1440 fi
2058 1405 2143 1441 nolis
2168 1410 2273 1442 curari
2295 1430 2305 1448 ‚
2340 1407 2414 1443 vah

1483 1461 1543 1484 nus
1569 1459 1666 1487 tuum
1691 1453 1844 1488 admonet
1869 1465 1905 1490 ut
1931 1458 2054 1490 cureris
2085 1470 2094 1492 ε
2129 1460 2165 1495 &
2190 1456 2343 1493 aversum
2356 1467 2414 1505 *re*

1482 1512 1602 1541 vocat,
1627 1502 1661 1538 &
1687 1501 1903 1550 refugientem
1928 1506 2183 1553 quodammodo
2206 1507 2246 1542 ad
2273 1506 2303 1542 se
2330 1509 2414 1545 redi·

1478 1562 1514 1585 re
1539 1550 1712 1598 compellit
1730 1577 1743 1594 ,
1777 1557 1812 1589 &
1846 1553 1981 1591 attrahit
1999 1579 2008 1588 .
2043 1559 2082 1592 In
2109 1555 2262 1592 omnibus
2297 1556 2413 1603 implet

1478 1600 1571 1647 quod
1595 1601 1725 1639 dietum
1757 1602 1832 1645 est,
1867 1603 2092 1642 Misericordia
2129 1608 2196 1649 ejus
2232 1610 2411 1654 praeveniet

1479 1662 1551 1686 me.
1577 1654 1736 1697 Cogitate
1761 1653 1854 1700 quod
1878 1653 2002 1692 dietum
2029 1654 2098 1697 est,
2125 1660 2408 1702 praeveniet-mers
2434 1675 2504 1714 Vers.
2516 1683 2562 1706 u·

1479 1702 1510 1736 Si
1528 1699 1651 1746 aliquid
1678 1713 1772 1738 tuum
1799 1706 1944 1750 primum
1963 1704 2119 1748 attulisti,
2145 1711 2179 1742 &
2207 1718 2247 1743 cx
2271 1717 2332 1742 tuo
2350 1707 2409 1743 ali-

1479 1762 1550 1794 quo
1583 1749 1675 1787 bono
1700 1756 1809 1800 primo
1835 1755 1900 1790 Dei
1935 1754 2190 1792 misericordiam
2225 1755 2370 1792 meruisti
2395 1782 2408 1799 ,

1477 1812 1546 1835 non
1573 1811 1607 1837 te
1632 1806 1792 1848 praevenit
1812 1830 1819 1838 .
1858 1805 2002 1848 Quando
2037 1817 2148 1843 autem
2174 1806 2419 1852 velwintelligis·

1475 1854 1552 1897 quia
1579 1863 1764 1899 praeventus
1789 1866 1844 1896 es,
1870 1854 1927 1889 nili
1947 1854 2107 1901 intelligas
2132 1856 2223 1902 quod
2249 1859 2294 1892 ait
2315 1859 2409 1904 Apo-

1474 1924 1499 1942 „
1526 1899 1628 1937 stolus
1650 1928 1661 1944 ‚

1473 1974 1499 1992 ‚,
1524 1949 1563 1986 sti
1583 1954 1595 1988 Ξ
1619 1954 1651 1987 Si
1678 1963 1787 1988 autem
1812 1953 1965 1999 accepisti
1987 1979 1998 1996 ,
2035 1956 2117 2002 quid
2143 1955 2294 2004 gloriaris
2319 1954 2408 2003 quafi

1474 2012 1540 2036 non
1552 2005 1739 2049 acceperis?
1762 2005 1842 2039 Hoc
1866 2003 1936 2047 cst,
1960 2004 2189 2042 Misericordia
2198 2008 2266 2048 eius
2286 2018 2416 2054 prave*

1472 2053 1621 2088 nictme.
1649 2054 1804 2100 Denique
1822 2055 1992 2091 attendens
2009 2059 2120 2091 oninia
2139 2054 2226 2092 bona
2244 2056 2419 2102 quaeum

1470 2112 1536 2146 que
1546 2099 1668 2139 habere
1679 2101 1844 2149 possumus
1853 2129 1865 2145 ,
1891 2104 1956 2139 five
1966 2108 1998 2139 in
2015 2116 2126 2140 natura
2138 2129 2148 2144 ,
2158 2105 2224 2140 five
2235 2104 2415 2141 iniustitia-f

1471 2162 1530 2191 tn,
1556 2150 1742 2196 fiveinipsa
1760 2152 2031 2192 camerariam,
2057 2154 2089 2186 in
2108 2152 2195 2193 fide,
2221 2153 2342 2199 inspe,
2368 2156 2411 2189 in.

1472 2202 1627 2237 caritate,
1652 2201 1686 2232 in
1698 2198 1793 2233 bonis
1813 2198 1985 2240 moribus,
2012 2202 2044 2234 in
2070 2199 2209 2245 justitia,
2234 2205 2266 2237 in
2279 2206 2417 2239 timeto

1472 2247 1538 2280 Dei
1561 2267 1571 2284 ‚
1606 2252 1716 2282 toturn
1744 2258 1812 2282 non
1837 2245 1897 2283 ess'e
1923 2248 1981 2285 nifi
2014 2261 2058 2286 ex
2084 2249 2169 2286 illius
2195 2251 2338 2292 donis,
2357 2256 2412 2287 ita>

1470 2291 1631 2330 conclusit
1659 2310 1668 2331 :
1707 2295 1799 2328 Deus
1824 2307 1913 2328 meus
1940 2296 2157 2339 mesericordia
2184 2309 2253 2332 mea
2271 2327 2279 2335 .
2298 2301 2403 2347 Quid

1470 2341 1537 2382 est,
1564 2342 1780 2387 misericordia
1807 2347 1898 2381 mea?
1924 2348 1953 2381 Si
1979 2347 2088 2389 dicaS,
2113 2346 2202 2384 Salus
2226 2351 2300 2385 mea
2316 2355 2406 2393 ,ins

1470 2391 1587 2437 telligo
1618 2396 1695 2440 quia
1729 2395 1784 2431 dat
1811 2395 1973 2433 filutemt
2007 2395 2032 2432 fi
2064 2397 2152 2433 dicas
2170 2423 2183 2440 ‚
2218 2399 2401 2447 Refugium

1469 2453 1581 2477 mcum
1602 2467 1614 2484 ,
1648 2443 1799 2491 intelligo
1823 2449 1900 2491 quia
1925 2446 2076 2493 confugis
2099 2448 2139 2485 ad
2166 2460 2241 2485 eum
2262 2462 2273 2487 t
2306 2451 2329 2486 fi
2353 2451 2404 2487 di—

1469 2503 1539 2532 cas,
1565 2493 1743 2528 Fortitudo
1766 2507 1859 2537 mea,
1885 2495 2036 2543 intelligo
2060 2500 2136 2543 quia
2160 2498 2218 2535 dat
2243 2498 2305 2535 tibi
2333 2500 2404 2536 sor·—

1473 2540 1649 2578 titudinem
1671 2557 1679 2577 :
1715 2542 1942 2588 Misericordia
1968 2558 2035 2579 mea
2061 2548 2142 2595 quid
2168 2547 2246 2586 est?
2271 2546 2405 2587 Torum

1473 2590 1635 2637 quidquid
1661 2592 1754 2636 sum,
1780 2594 1820 2630 de
1840 2595 2058 2634 misericordia
2084 2608 2138 2635 tua
2156 2596 2220 2635 est.
2245 2600 2307 2635 Sed
2330 2612 2407 2647 pros

1473 2644 1577 2677 merui
1604 2652 1658 2684 te,
1681 2645 1869 2680 invocando
1896 2648 1955 2680 te?
1980 2649 2031 2683 Ut
2057 2645 2172 2689 essem,
2197 2649 2277 2694 quid
2303 2649 2365 2687 feci
2383 2654 2406 2682 Ρ

1472 2702 1508 2725 ut
1534 2689 1626 2727 essem
1654 2696 1712 2739 qui
1737 2705 1770 2729 te
1795 2697 1984 2743 invocarem
2003 2721 2016 2738 ‚
2041 2697 2122 2744 quid
2147 2700 2198 2744 egi
2218 2701 2232 2734 ἓ
2254 2701 2287 2735 si
2312 2703 2406 2736 enim·

1471 2743 1520 2782 cai
1547 2741 1668 2788 aliquid
1695 2754 1733 2778 ut
1752 2743 1867 2786 effem,
1889 2747 1956 2790 jam
1979 2758 2068 2784 eram
2093 2757 2267 2794 antequam
2286 2748 2406 2786 essem*

1473 2795 1581 2826 Porro
1614 2791 1636 2827 fi
1662 2798 1805 2830 omnino
1838 2793 1923 2831 nihil
1949 2808 2034 2832 eram
2068 2808 2241 2845 antequam
2267 2797 2362 2836 etiem
2386 2825 2401 2842 1.

1471 2839 1556 2877 nihil
1577 2852 1608 2877 te
1623 2847 1800 2888 >promerui
1826 2855 1864 2880 ut
1889 2843 2002 2883 cffem.
2026 2845 2140 2882 Fecisti
2159 2858 2196 2884 ut
2222 2845 2339 2890 estem,
2361 2852 2401 2884 &-

1406 2896 1415 2903 ·
1471 2903 1540 2925 non
1566 2902 1602 2928 tu
1629 2891 1731 2930 Fecisti
1755 2905 1793 2929 ut
1818 2893 1924 2930 bonus
1949 2896 2068 2933 essem?
2092 2896 2220 2934 Dedisti
2246 2897 2330 2937 mihi
2355 2908 2397 2934 ut

516 2965 574 3002 'Ex
600 2964 801 3000 enarratione
837 2961 977 3008 ejusdem
1003 2958 1037 2994 in
1062 2958 1225 3007 Psalmum
1251 2959 1360 2997 LVIII.

753 3014 856 3049 Serm.
875 3023 907 3050 t.
924 3024 960 3045 v.
983 3012 1017 3047 6.
1035 3023 1066 3046 n.
1082 3022 1137 3057 13·

530 3103 682 3147 Niquitas
715 3101 824 3135 omnis
849 3110 947 3146 parva
973 3107 1126 3142 magnave
1151 3094 1190 3130 iit
1208 3119 1219 3136 ‚
1255 3100 1411 3141 puniatur

554 3148 675 3187 necesse
700 3148 768 3190 est,
792 3158 846 3183 aut
870 3147 911 3184 ab
935 3145 1008 3194 ipso
1033 3143 1172 3180 homine
1197 3148 1370 3190 paenitente
1397 3172 1409 3189 ‚

483 3212 541 3238 aut
567 3212 584 3238 a
610 3202 690 3236 Deo
713 3197 917 3233 vindicante.
941 3200 1031 3233 Nam
1055 3198 1090 3231 δι
1114 3206 1215 3241 quem
1241 3198 1371 3241 paenitet
1397 3222 1408 3239 ‚

483 3240 581 3299 punit
608 3248 764 3297 seipsum.
792 3244 908 3292 Eth,
933 3248 1081 3286 Fratres,
1107 3247 1276 3290 puniamus
1299 3245 1409 3282 nostra

484 3310 616 3347 peccata
636 3324 648 3341 ‚
672 3298 694 3334 fi
720 3300 897 3344 quaerimus
922 3294 1177 3331 misericordiam
1202 3296 1268 3329 nei
1287 3322 1295 3329 .
1333 3298 1414 3331 Non

483 3349 593 3397 potest
625 3351 722 3386 Deus
746 3344 890 3382 misereri
923 3347 1078 3382 omnium
1111 3348 1320 3391 operantium
1351 3348 1415 3381 ini.

485 3402 649 3447 quitatem
673 3397 761 3446 quasi
790 3395 962 3433 blandiens
984 3395 1123 3442 peccatis
1142 3419 1155 3438 ‚
1179 3403 1233 3428 aut
1258 3406 1326 3429 non
1348 3407 1417 3431 era·

483 3448 595 3485 dicans
620 3457 749 3496 peccata
769 3472 778 3482 .
803 3445 940 3483 Prorsus
964 3455 1018 3481 aut
1044 3447 1140 3489 punis
1159 3468 1172 3484 ,
1202 3453 1258 3500 aut
1286 3448 1380 3491 puni-t
1406 3472 1413 3480 .

484 3495 547 3535 Vis
571 3508 638 3534 non
666 3498 800 3544 puniat?
824 3499 908 3532 Puni
934 3506 971 3530 tu
990 3521 999 3530 .
1024 3497 1114 3529 Nam
1138 3497 1172 3528 α
1199 3491 1283 3530 iilud
1309 3493 1411 3530 fecisti

484 3548 579 3594 quod
604 3548 804 3595 impunitum
829 3544 890 3581 etse
914 3557 983 3580 non
1011 3543 1137 3591 poffit:
1173 3541 1227 3578 sod
1253 3555 1270 3579 a
1295 3554 1329 3578 te
1355 3557 1414 3591 pu-

486 3600 593 3633 niatur
628 3600 769 3645 potius,
803 3607 841 3633 ut
866 3594 960 3630 facias
992 3592 1086 3641 qnod
1119 3594 1154 3628 in
1189 3592 1251 3627 iiio
1284 3593 1414 3629 Psalmo

487 3644 645 3691 scriptum
671 3645 718 3681 est
737 3670 750 3689 ,
784 3649 1019 3682 P-raeveniamus
1044 3642 1160 3678 ficiem
1183 3643 1251 3687 ejus
1275 3644 1307 3678 'm
1330 3654 1412 3678 con·

317 3707 473 3747 psal,49‚„
488 3693 621 3729 femme
638 3719 647 3730 .
682 3695 775 3740 Quid
801 3695 848 3731 est
869 3719 878 3736 ‚
905 3696 1142 3730 Praeveniarnus
1168 3690 1282 3728 ficiem
1307 3694 1374 3737 ejus
1399 3693 1411 3724 i

493 3744 680 3789 Antequam
705 3744 770 3790 ipse
802 3744 944 3780 attendat
970 3753 1006 3780 ut
1032 3745 1171 3790 puniat,
1205 3752 1241 3777 tu
1267 3744 1411 3789 preveni

1468 2941 1528 2975 fim
1548 2965 1559 2982 ,
1594 2946 1628 2979 &
1653 2941 1735 2981 alius
1758 2943 1842 2980 mihi
1869 2944 1961 2981 dedit
1988 2956 2024 2982 ut
2049 2945 2157 2983 bonus
2181 2947 2238 2984 (im
2255 2957 2269 2986 t
2299 2950 2331 2983 Si
2356 2959 2396 2983 tu

1468 2989 1549 3027 mihi
1574 2991 1689 3029 dedisti
1715 3005 1754 3027 nt
1779 2994 1857 3035 iim,
1884 2999 1916 3032 δε
1942 2995 2023 3032 alius
2045 2994 2129 3032 mihi
2150 2996 2246 3032 dedit
2268 3009 2307 3033 tat
2332 2996 2395 3033 bo-

1470 3053 1530 3076 nus
1553 3040 1611 3077 fitn
1629 3060 1642 3084 ,
1669 3042 1790 3079 melior
1817 3043 1862 3080 est
1887 3044 1941 3080 ille
1967 3049 2023 3091 qui
2048 3043 2132 3081 mihi
2154 3045 2248 3083 dedit
2274 3058 2311 3083 ut
2334 3045 2395 3082 bo-

1469 3103 1528 3127 nus
1553 3090 1630 3133 (im,
1655 3104 1754 3140 quam
1780 3093 1901 3140 illequi
1929 3093 2015 3131 mihi
2040 3094 2132 3130 dedit
2149 3106 2185 3131 ut
2210 3096 2297 3133 sim.·
2313 3101 2397 3133 Pon-

1469 3154 1510 3176 ro
1531 3143 1610 3187 quia
1634 3152 1668 3176 te
1694 3155 1794 3178 nemo
1821 3144 1973 3187 melior,
1997 3155 2099 3179 nemo
2125 3156 2159 3181 te
2184 3149 2353 3193 potentior
2375 3171 2398 3188 „,

1469 3202 1569 3227 nemo
1596 3201 1629 3225 te
1657 3194 1689 3226 in
1722 3193 1941 3230 misericordia
1965 3192 2089 3239 largior
2106 3219 2118 3236 ,
2141 3207 2160 3230 a
2186 3207 2256 3242 quo
2279 3200 2394 3242 accepi

1469 3252 1505 3277 ut
1526 3238 1640 3283 estem,
1664 3240 1704 3277 ab
1732 3242 1795 3278 illo
1821 3246 1930 3289 accepi
1949 3254 1986 3280 ut
2015 3243 2122 3280 bonus
2147 3242 2257 3282 effeto.
2287 3246 2393 3280 Deum

1474 3301 1559 3324 mem·
1586 3289 1799 3334 misericordia
1823 3302 1913 3328 mea.

2261 3826 2263 3831 ,
2279 3794 2338 3827 Ἐκ

1698 1903 1795 1950 Quid
1822 1908 1910 1940 enim
1937 1903 2037 1941 habes
2060 1906 2155 1952 quod
2183 1917 2249 1941 non
2269 1906 2405 1954 -acffpi‘-
2429 1915 2587 1953 neor-47.

2639 455 2643 457 >
2634 299 2652 405 *finam
2643 267 2649 278 Δ.

2646 634 2652 698 3

2637 702 2652 789 ⁴!

2646 974 2652 983 „

2635 1015 2652 1074 i

2645 1171 2652 1178 a

2643 1186 2652 1195 ri
