2652 4126
447 216 553 267 230

439 285 546 330 ficutv
565 289 658 342 ille,
691 286 944 343 Confitemini
975 284 1139 326 Domino
1172 298 1182 324 ε

1293 343 1364 386 hic

434 406 830 468 autem,w‚6‚)*uoniam
851 404 1199 459 bonus‚'quoniam
1230 405 1272 445 in
1287 403 1365 472 sce-

433 462 559 510 culum
588 465 840 522 misericordia
869 466 968 516 esus&
1002 465 1209 509 Confeffio
1238 465 1364 522 igltur

431 540 689 585 peccatorum
738 525 863 567 habet
912 522 1187 568 laudationem
1237 526 1322 567 Dei
1354 542 1363 568 :

379 613 381 617 -
431 588 621 644 quoniam
653 585 722 643 qui
753 585 1051 642 indulgentiam
1093 588 1231 643 petit,
1271 600 1363 628 cum

285 1243 319 1279 ᾗ.
338 1256 368 1286 3.

239 1933 267 1956 1.
275 1926 342 1961 Cor.
350 1934 397 1960 10.

238 2108 308 2140 leem
323 2107 356 2143 V·
366 2117 398 2146 4.

243 3119 312 3150 lum
328 3115 362 3151 ᾗ.
375 3125 401 3153 5.

428 647 496 703 spe
527 645 648 689 debet
678 659 817 700 orare,
847 646 885 687 &
919 660 1011 687 curn
1040 645 1156 694 laude
1189 645 1268 705 ejus
1289 647 1362 689 mi-

428 705 646 760 sericordiae
676 720 798 764 quam
828 706 956 753 credit
987 718 1203 750 aeternam.
1274 756 1276 758 v

486 768 594 827 Qis
623 764 798 822 loquetur
820 767 1018 826 potentias
1037 768 1230 821 Domini,
1259 767 1363 810 audi·

495 823 509 830 ⁸
546 840 603 868 tas
623 826 746 882 faciet
777 843 901 869 omncs
929 825 1058 869 laudes
1086 827 1188 881 ejus?

488 889 592 946 Quis
638 887 844 930 enarrabit
894 902 1018 946 opera
1069 890 1363 946 omnipotentis

436 947 716 1001 misericordiae
749 949 856 1002 Dei,
888 949 954 991 vel
985 950 1136 1006 poterit
1167 950 1297 996 facere
1320 962 1362 990 ut

426 1022 567 1050 omnes
608 1008 741 1051 laudes
784 1009 900 1066 ipfius
942 1008 1156 1056 audiantur
1195 1007 1210 1051 ἓ
1250 1011 1361 1073 Quia

426 1067 532 1125 quod
563 1082 631 1111 ore
662 1070 864 1127 promitur
883 1100 896 1122 ‚
927 1070 964 1111 &
986 1068 1090 1126 quod
1122 1083 1244 1126 opere
1276 1071 1360 1126 agi-

426 1140 515 1180 tur,
546 1129 587 1170 in
621 1128 780 1171 laudem
814 1127 1144 1171 Dei-dicendum
1175 1127 1232 1171 est
1260 1159 1275 1183 ,
1304 1141 1363 1172 at-

426 1202 502 1244 que
533 1187 787 1230 faciendum.

484 1247 601 1287 Beati
630 1249 697 1302 qui
723 1248 935 1303 custodiunt
955 1247 1143 1298 judicium
1172 1277 1185 1300 ,
1225 1248 1275 1291 Θ
1296 1248 1362 1304 fa-

540 1306 646 1347 ciunt
666 1308 859 1362 justitiam
889 1308 930 1348 in
963 1309 1066 1348 omni
1095 1319 1283 1365 tempore.

484 1364 640 1422 Justitia
671 1367 710 1408 8<
740 1366 931 1423 judicium
970 1378 1055 1408 tam
1101 1367 1245 1410 fimilia
1287 1367 1358 1409 fibi

420 1424 512 1466 sunt
545 1438 664 1482 atque
699 1427 832 1475 vicina
853 1458 866 1480 ,
896 1439 939 1469 ut
971 1425 1178 1483 quodlibet
1218 1442 1359 1474 eorum

425 1500 501 1542 pro
534 1486 662 1527 altero
693 1487 792 1544 poni
824 1487 964 1548 poffit.
1001 1489 1297 1536 Verumtamen
1331 1489 1359 1535 fi

416 1547 646 1603 proprietas
686 1562 826 1589 eorum
876 1547 1109 1603 diligentius
1161 1547 1357 1593 servanda

417 1604 490 1659 fit,
519 1605 709 1663 judicium
741 1607 934 1650 custodire
966 1605 1157 1650 dicendus
1180 1608 1258 1662 est,
1288 1611 1356 1672 qui

417 1666 523 1709 reete
555 1666 727 1723 judicat,
757 1668 949 1725 justitiam
981 1681 1078 1711 vero
1097 1668 1255 1723 facere,
1286 1671 1355 1734 qui

415 1726 523 1769 reete
554 1727 663 1784 agit.
1323 1736 1326 1742 ’

476 1789 678 1828 Memento
707 1788 847 1843 nostri,
879 1789 1046 1830 Domine
1063 1820 1076 1844 ,
1105 1789 1147 1830 in
1178 1786 1352 1849 benepla-

534 1847 606 1890 cito.
630 1846 767 1907 populi
796 1850 876 1890 tui.

477 1904 524 1946 Id
556 1907 633 1960 est,
663 1921 707 1949 ut
750 1909 791 1950 in
835 1911 890 1951 eis
932 1908 1082 1963 fimus,
1123 1911 1166 1951 in
1208 1909 1352 1967 quibus

416 1965 718 2024 beneplacitum
749 1968 803 2010 est
836 1970 934 2011 tibi:
964 1971 1056 2026 quia
1089 1985 1170 2012 non
1201 1969 1244 2012 in
1265 1985 1351 2017 om-

416 2026 532 2069 nibus
565 2029 641 2070 illis
673 2029 974 2085 beneplacitum
1005 2029 1060 2071 est
1094 2032 1209 2074 Deo.
1247 2049 1281 2055 ··
1308 2051 1311 2053 ·
1347 2050 1352 2053 ·

478 2089 514 2127 V
518 2088 614 2144 istra-
639 2105 704 2129 nos
733 2090 773 2128 in
796 2087 965 2144 salutari
996 2105 1083 2132 tuo.
1142 2137 1145 2139 ,

477 2149 571 2189 Hoc
603 2148 679 2201 est,
711 2149 752 2190 in
767 2150 932 2191 Christo
964 2162 1055 2203 tuo,
1085 2150 1128 2192 in
1161 2165 1239 2207 quo
1260 2167 1351 2210 pec-

418 2220 508 2249 cata
541 2207 826 2262 dimittuntur,
857 2212 901 2262 8(-
926 2211 1070 2265 animae
1113 2210 1306 2254 sanantur
1336 2243 1350 2266 ‚

417 2279 460 2307 ut
492 2266 713 2308 custodiant
744 2267 934 2323 judicium
964 2298 977 2321 ‚
1017 2269 1247 2327 faciantque
1288 2272 1345 2326 ju-

416 2325 564 2368 stitiam
583 2357 593 2367 .
1201 2347 1203 2350 ⁴

474 2386 546 2426 Ad
584 2385 791 2426 videndum
841 2387 882 2426 in
930 2386 1098 2429 bonitate
1146 2386 1345 2430 eleelorum

529 2456 705 2498 tuorum,
732 2446 782 2488 ad
809 2442 1015 2488 laetandum
1047 2449 1088 2492 in
1106 2445 1246 2499 laetifia
1259 2463 1353 2507 gen-

529 2517 579 2545 us
607 2518 707 2546 tuce.
1217 2539 1219 2542 .
1295 2549 1298 2553 Δ
1341 2538 1349 2558 ’-

476 2561 601 2606 Vifita
634 2578 705 2605 nos
727 2593 740 2616 ,
778 2563 915 2621 inquit
939 2594 953 2618 ‚
992 2564 1043 2606 ad
1083 2564 1306 2608 videndum
1335 2596 1350 2620 ,

413 2620 454 2663 id
486 2624 564 2677 est,
596 2625 781 2665 illumina
813 2639 909 2677 nos,
941 2638 992 2666 ne
1024 2624 1142 2666 fimus
1165 2626 1348 2682 caeciu&

415 2696 532 2725 extra
582 2685 811 2725 bonitatem
865 2683 1082 2727 eleetorum
1133 2678 1293 2746 tuomgfi
1305 2675 1347 2747 ’Ξ-

419 2744 630 2799 Quoniam
661 2743 770 2784 oculi·
798 2743 1013 2786 interiores·
1041 2744 1150 2787 reeta
1183 2746 1347 2800 videne‘,

418 2805 650 2858 aequitatem
685 2802 849 2854 vident,
878 2803 984 2846 bona
1015 2806 1303 2863 concupiscunt
1334 2835 1345 2848 .

416 2865 466 2902 In
499 2864 575 2905 hac
607 2877 703 2920 ergo
734 2863 917 2904 bonitate
950 2863 1012 2906 fac
1055 2866 1094 2907 8<
1135 2880 1207 2908 nos
1238 2864 1349 2908 vide·

416 2936 486 2976 re,
515 2924 553 2964 8<
573 2923 698 2965 laetari
731 2923 774 2964 in
807 2923 947 2965 laetitia
979 2926 1118 2981 populi
1150 2927 1232 2980 tui,
1262 2941 1350 2984 quae

416 2996 500 3025 non
531 2982 587 3025 est
618 2995 762 3041 praeter
791 2995 858 3025 te:
887 2983 983 3041 quia
1006 2991 1154 3028 'omnes
1185 2987 1245 3029 tui
1264 3001 1348 3029 non

417 3042 593 3101 gaudent
626 3043 698 3085 nifi
730 3043 778 3086 de
810 3052 885 3086 te.'
936 3060 943 3101 '.
993 3052 1010 3056 ’”
1127 3097 1131 3101 ,

479 3105 534 3143 Ut
564 3100 725 3145 lauderis
754 3119 837 3145 cum
868 3104 1085 3161 baerediinte
1114 3117 1204 3146 tua.

480 3161 525 3202 Id
568 3162 623 3203 est
643 3192 656 3214 ,
696 3175 739 3204 ut
778 3166 916 3206 omnia
957 3165 1074 3206 bon-a'
1105 3164 1348 3206 haereditatis

419 3235 517 3275 tuae,
548 3236 668 3279 quam
701 3222 1134 3282 elegisti&adoptasti,
1164 3224 1213 3267 ad
1234 3238 1348 3267 tuam

421 3283 590 3338 gloriam
641 3282 879 3339 laudemque
924 3286 1152 3328 referantur
1183 3315 1194 3326 .
1235 3285 1347 3343 Quia

421 3356 519 3397 quos
549 3342 683 3384 visitas
715 3343 758 3385 in
791 3343 951 3386 salutari
982 3358 1075 3399 tu0‚
1101 3343 1255 3388 laudari
1287 3346 1348 3387 ni—

422 3401 451 3441 fi
483 3402 525 3442 in
557 3414 625 3444 tua
656 3402 771 3446 laude
812 3417 898 3445 non
935 3405 1095 3462 pofl‘unt

424 3459 639 3504 laudabiles
670 3463 788 3505 fac-is.
827 3507 829 3509 ,

484 3522 732 3563 Peccavimus
762 3539 844 3564 cum
871 3523 1040 3582 patribus
1070 3526 1223 3582 nostris,
1253 3523 1352 3574 inju-

531 3581 593 3637 ste
623 3583 782 3638 egimus,
812 3585 1055 3640 iniquitatem
1078 3585 1261 3642 fecimm.
1372 3630 1374 3632 ,

487 3638 718 3696 Dupliciter
749 3644 922 3701 intelligi
954 3645 1105 3701 potest,
1136 3644 1240 3703 quod
1262 3657 1353 3703 pec·

394 3753 399 3766 Ι
425 3707 608 3740 caverint
640 3700 784 3756 posteri
814 3717 903 3745 cum
936 3706 1115 3762 patribus
1136 3706 1235 3760 suis,
1264 3716 1352 3748 tan-

425 3765 469 3795 to
498 3757 791 3814 antiquioribus
823 3777 832 3803 :
863 3762 943 3807 five
983 3767 1078 3825 quia
1119 3766 1162 3809 in
1202 3761 1354 3809 lumbis

677 192 722 247 S.
808 175 1411 251 PRospss-1'z1

1123 3434 1137 3463 2
1175 3405 1244 3464 qui
1284 3420 1350 3448 eos
1410 3419 1437 3460 q

1495 186 2119 260 AQUITANI

1214 281 1367 326 sed'ibi
1427 293 1591 341 patrum
1622 295 1762 337 erant,
1791 284 1951 342 quando
1991 285 2051 327 illi
2091 286 2134 327 in
2168 288 2356 346 AEgypto

380 354 387 378 f
435 347 635 405 sequitur,
665 348 714 390 Θ·
743 345 918 388 invocate
959 358 1094 384 nomen
1134 343 1213 395 ejus
1246 360 1255 386 :

1429 343 1591 385 fuerunt
1621 359 1636 400 3
1667 344 1761 401 quia
1790 346 1829 387 8<
1861 346 1966 389 Levi
2005 360 2100 388 curn
2140 347 2354 391 Abraham
2371 349 2527 388 Hebr.7,2.

1425 402 1644 445 decimatus
1675 403 1751 447 est:
1781 405 1862 447 five
1893 407 1987 464 quia
2017 407 2241 450 imitatores
2269 409 2354 452 fue-

1424 477 1519 507 runt
1549 478 1623 520 per
1654 463 1958 508 similitudinem
1989 469 2249 510 contumaciae
2268 499 2281 521 ,
2313 471 2352 511 &

1425 539 1517 568 cum
1547 523 1627 566 illis
1656 538 1928 581 peccaverunt
1947 557 1961 580 ,
2000 539 2096 587 quos
2127 526 2202 569 suis
2231 527 2353 572 mori-

1424 587 1493 629 bus
1515 585 1763 628 retulerunt.

1481 650 1619 688 Patres
1649 645 1766 701 nostri
1793 646 1834 687 in
1873 648 2043 706 AEgypto
2083 663 2161 688 non
2199 645 2353 690 intelle·
2395 653 2438 703 j.
2459 668 2487 693 ⁷.

1544 717 1685 746 xerunt
1716 703 1904 748 mirabilia
1932 719 2000 748 tua
2027 737 2041 760 ,
2080 724 2156 749 non
2187 708 2352 764 fuerunt
2365 699 2502 740 theapp.

1542 780 1720 807 memores
1777 765 2036 810 multitudinis
2094 768 2350 826 misericordiae

1540 837 1637 867 tuae.
1967 838 1970 841 '

1484 886 1543 927 Et
1572 885 1824 928 intelleRum
1853 884 2057 944 redarguit
2086 917 2099 940 ,
2129 889 2168 930 &
2197 903 2351 932 merno-

1422 945 1549 987 riam.
1582 945 1797 988 Intellee'cu
1836 947 1987 1003 quippe
2028 947 2166 990 videre
2207 947 2354 992 debue-

1420 1018 1538 1058 runt,
1569 1005 1618 1047 ad
1648 1008 1825 1064 quorum'
1849 1006 2047 1048 bonorum
2068 1008 2352 1063 aeternitatem,

1422 1078 1499 1121 per
1528 1065 1598 1107 illa
1629 1066 1870 1123 temporalia
1901 1079 2165 1110 vocarentur:
2196 1083 2352 1112 memo·

1422 1124 1483 1166 ria
1514 1138 1611 1167 vero
1643 1125 1692 1168 ad
1724 1127 1802 1168 hoc
1843 1125 1986 1169 saltem
2029 1126 2168 1170 instrui
2207 1128 2352 1173 debue-

1421 1197 1539 1238 runt,
1570 1199 1614 1227 ut
1645 1186 1892 1227 mirabilium
1924 1186 2008 1228 Dei
2040 1202 2122 1230 non
2141 1188 2350 1231 oblivisce·

1420 1256 1563 1287 rentur
1594 1261 1603 1287 :
1634 1260 1726 1288 cum
1757 1244 1807 1288 ad
1838 1244 2189 1290 confirmationem
2210 1263 2350 1290 eorum

1421 1305 1596 1346 multum
1630 1305 1754 1362 poffet
1785 1306 1919 1348 valere
1952 1306 2239 1351 beneficiorum
2264 1309 2350 1351 Dei

1419 1361 1545 1406 fidelis
1577 1365 1822 1408 recordatio.

1476 1426 1538 1465 Et
1567 1425 1846 1480 irritaverunt,
1877 1426 2114 1482 ascendentes
2143 1429 2185 1470 in
2225 1444 2351 1484 mare,
2365 1454 2437 1486 Item
2450 1455 2525 1491 §.7-

1535 1484 1577 1525 in
1606 1501 1709 1527 mare
1739 1486 1914 1528 rubrum.
2471 1488 2474 1495 ’

1478 1542 1755 1589 Ascendentes
1794 1546 1945 1590 dietum
1985 1547 2041 1591 est
2068 1578 2082 1602 ,
2120 1563 2196 1607 pro
2234 1561 2352 1594 terrae

1423 1603 1620 1661 politione
1655 1620 1664 1648 :
1695 1621 1779 1664 quae
1812 1608 1901 1649 talis
1941 1607 2028 1662 est,
2067 1621 2111 1650 ut
2148 1609 2353 1652 descensio

1423 1663 1580 1708 dicatur
1609 1666 1650 1707 in
1666 1669 1901 1726 AEgyptum
1932 1667 1980 1711 de
2012 1666 2119 1711 terra
2131 1670 2352 1724 Chanaan,

1416 1723 1463 1766 &'
1486 1726 1528 1768 in
1561 1740 1652 1768 eam
1684 1726 1734 1769 de
1768 1729 1956 1785 AEgypto
1987 1728 2182 1772 ascensio.

1472 1788 1534 1827 Et
1554 1784 1739 1842 salvavit
1769 1800 1827 1829 eos
1852 1790 2010 1848 propter
2049 1805 2183 1831 nomen
2214 1789 2354 1845 suum,

1528 1860 1573 1887 ut
1603 1860 1730 1888 notam
1751 1847 1899 1904 faceret
1921 1850 2137 1908 potentiam
2157 1850 2292 1906 suam.

1468 1907 1531 1949 Et
1559 1907 1749 1969 increpmt
1777 1923 1882 1951 mare
1918 1908 2070 1952 rubrum
2096 1941 2111 1965 ‚
2149 1911 2200 1954 δ’
2230 1910 2353 1969 sicca·
2415 1931 2450 1971 ᾖ,
2467 1942 2499 1971 9,

1533 1980 1617 2010 tum
1647 1970 1724 2026 est.
2085 1977 2087 1979 ’
2111 1987 2117 1993 ·
2143 2012 2148 2018 ,
2344 2023 2347 2026 .
2400 1972 2403 1974 ’

1470 2028 1766 2086 Non-legitur·
1784 2029 1981 2087 ulla‘vox
2011 2031 2151 2082 saeta‘,
2181 2044 2260 2086 qua
2279 2029 2353 2072 fic-

1411 2094 1582 2142 caretur'}
1600 2089 1710 2130 mare
1732 2105 1752 2130 :·
1771 2091 1958 2145 potentia
1988 2103 2084 2146 ergo
2114 2102 2193 2145 qua
2222 2089 2264 2131 id
2293 2089 2352 2131 fa-

1411 2148 1518 2189 &um
1549 2147 1626 2200 estv5
1657 2148 1881 2204 increpatio
1913 2146 2017 2189 dieta
2049 2147 2128 2190 est.
2291 2170 2293 2172 ·
2399 2169 2404 2174 ·

1467 2210 1530 2250 Et
1558 2207 1691 2248 eduxit
1719 2221 1779 2247 eos
1808 2207 1850 2247 in
1879 2206 2020 2264 abyssis
2043 2238 2057 2261 ‚
2076 2208 2186 2265 sicut
2215 2209 2257 2250 in
2287 2208 2350 2251 de·
2365 2212 2526 2252 hemum*-

1518 2265 1620 2322 serto
1633 2296 1644 2307 .

1469 2327 1580 2382 Quia
1612 2326 1789 2368 ficcitate
1828 2327 1979 2370 saelum
2018 2340 2106 2372 erat
2144 2328 2243 2372 ficut
2282 2329 2349 2372 de-

1411 2383 1584 2438 sertum,
1615 2386 1683 2426 ubi
1712 2386 1874 2430 fuerunt
1905 2388 2052 2443 abyffi.

1470 2446 1532 2486 Et
1553 2442 1741 2499 salvavit
1770 2462 1830 2487 eos
1858 2447 1905 2489 de
1943 2463 2060 2489 manu
2097 2448 2305 2491 odientium
2334 2478 2349 2504 ,
2403 2471 2440 2509 ff·
2459 2483 2503 2506 m.

1500 2530 1507 2537 ι
1532 2504 1769 2547 &redemit
1798 2520 1857 2547 eos
1880 2507 1932 2548 de
1962 2523 2078 2548 manu
2107 2508 2279 2551 inimici.

1439 2562 1593 2621 >Quid
1612 2559 1736 2623 'pretii
1767 2563 1907 2608 datum
1938 2566 1993 2608 est
2023 2568 2067 2608 in
2098 2567 2176 2610 hac
2196 2567 2353 2612 redem-

1410 2622 1609 2680 ptioneffi
1634 2627 1705 2666 An
1740 2626 1963 2682 prophetia-
1992 2625 2071 2680 est,
2099 2627 2205 2685 quod
2236 2629 2279 2671 in
2301 2627 2346 2670 fi-

1408 2697 1505 2739 gura
1542 2684 1734 2741 baptismi
1768 2684 1846 2727 hoc
1877 2685 2027 2728 factum
2061 2686 2108 2729 fit
2137 2718 2150 2740 ,
2188 2688 2258 2731 ubi
2287 2701 2353 2731 re-

1406 2741 1694 2787 d‘imimur‘de'
1711 2758 1836 2788 manu
1876 2744 2028 2788 diaboli
2067 2761 2219 2804 magno
2260 2761 2350 2804 pre-

1408 2804 1465 2846 tio
1495 2833 1509 2856 ‚
1536 2803 1655 2859 :quod
1687 2804 1742 2846 est
1781 2804 1949 2860 sanguis'
1981 2804 2135 2846 Christi
2165 2805 2180 2848 ?
2220 2805 2347 2850 Unde

1411 2863 1702 2906 convenienter
1732 2863 1811 2903 hoe
1842 2863 1971 2921 magis
2003 2865 2108 2907 mari
2139 2865 2260 2908 rubro
2303 2866 2348 2909 fi-

1409 2935 1594 2981 guratum
1625 2919 1703 2963 est.
2196 2928 2214 2935 ⁹
2493 2973 2497 2977 p

1468 2984 1530 3026 Et
1556 2981 1708 3041 vpernit
1735 2994 1836 3038 aqua
1866 2980 2094 3027 tribulantes
2122 3002 2181 3028 eos
2208 3016 2222 3041 ,
2249 3003 2347 3031 unus
2388 3002 2424 3039 *-
2446 3011 2493 3033 n.

1452 3045 1454 3047 ’
1527 3054 1573 3085 ἐκ
1602 3042 1654 3083 eis
1682 3057 1759 3083 non
1790 3045 1995 3102 remansit.
2548 3102 2553 3107 θ

1468 3106 1530 3146 Et
1558 3102 1796 3144 crediderunt
1827 3105 1868 3144 in
1899 3105 2025 3147 verbis
2053 3106 2153 3160 ejus,
2183 3106 2233 3149 ἅ
2261 3104 2345 3148 lau·
2383 3119 2421 3156 w.
2443 3132 2492 3154 η.

1526 3163 1717 3206 ‘laverunt
1745 3159 1896 3205 laudem
1926 3166 2026 3216 ejus.

1468 3223 1766 3266 Talis‘locutio
1797 3223 1876 3278 est,
1905 3238 1997 3267 cum
2016 3223 2186 3278 dicitur,
2218 3228 2342 3269 Hanc

1407 3283 1642 3326 servitutem
1673 3282 1841 3326 servivit
1859 3314 1873 3338 ,
1912 3296 1981 3327 aut
2000 3314 2014 3338 ,
2053 3286 2178 3327 talem
2211 3287 2342 3329 vitam

1410 3344 1539 3391 vixit,
1571 3341 1755 3386 Laudem
1785 3345 1998 3391 vero.⁷Dei
2037 3344 2154 3388 illam
2194 3345 2299 3389 dixit
2328 3375 2343 3401 ,

1439 3413 1494 3446 uae
1524 3405 1680 3444 cantico
1713 3403 1848 3446 Exodi
1879 3405 2134 3447 continetur.

1473 3463 1567 3504 Cito
1589 3461 1790 3518 fecerunt,
1810 3460 1931 3505 -oblr'n'
1950 3463 2051 3520 sunt
2078 3477 2230 3524 operum
2249 3467 2342 3525 ejus3
2383 3485 2419 3522 φ,
2437 3493 2490 3524 13·

1529 3538 1605 3563 non
1628 3521 1892 3578 sustinuerunt
1921 3523 2121 3581 confilium
2152 3527 2251 3576 ejus.
2476 3530 2478 3533 ’

1469 3582 1781 3639 Festinaverunt
1823 3584 1931 3627 beati
1981 3583 2067 3628 fieri
2110 3586 2343 3644 temporali-

1409 3643 1480 3684 bus
1509 3642 1648 3695 rebus,
1677 3643 1716 3685 8<
1747 3644 1875 3701 magis
1915 3646 2206 3703 concupierunt
2244 3659 2342 3703 prat-

1411 3702 1563 3757 sentia‚
1591 3715 1712 3760 quam
1744 3703 1899 3746 futura:
1930 3719 2022 3749 cum
2052 3704 2263 3758 debuerint
2291 3704 2340 3749 de

1410 3762 1537 3807 tantis
1587 3776 1685 3825 erga
1731 3762 1771 3807 se
1820 3763 2026 3809 beneficiis
2072 3765 2300 3867 intelligeae
2330 3795 2345 3820 ,

1431 3834 1434 3836 ·
1531 3834 1534 3838 ·
2181 3838 2258 3880 quo

2355 3329 2459 3360 Exoda
2468 3336 2510 3366 §.1
