2652 4126
543 181 625 228 ET
666 166 933 232 HisToR,
970 170 1259 236 SEMmEL.
1301 186 1521 234 Lucam
1562 188 1755 236 Arma
1771 194 1928 238 UNT.

271 258 419 298 Ιεᾶαπι.
443 260 556 299 Video
580 260 637 300 hic
656 262 751 300 nobis
776 263 957 304 elucescere
982 279 1050 303 non
1070 270 1197 317 impro-

270 307 413 349 babilem
434 310 808 360 &irreprehensibilem
835 314 1048 354 sententiam.
1074 317 1197 355 Intelli-

269 371 317 408 go
340 359 416 398 illos
434 359 592 399 carbones
607 363 726 401 cadere
751 364 970 414 super.istos,
994 367 1196 413 utdejician·

246 454 249 455 ⁷
268 422 342 447 tur.
369 413 409 447 In
434 410 516 449 alios
535 415 694 456 veniunt,
719 425 757 450 ut
781 416 1017 460 accendantur,
1039 421 1074 453 in
1094 417 1196 461 alios,

78 464 252 497 2.00r.⁸.16.
267 470 307 496 ut
325 460 537 506 dejiciantur.
562 462 635 509 Ipse
653 465 741 500 enim
758 463 862 502 carbo
875 465 1024 512 dicebat,
1049 467 1195 515 Quibus·

266 509 345 546 dam
370 509 481 549 sumus
505 511 593 548 odor
618 517 734 551 mortis
751 517 784 550 in
807 526 975 559 mortem,
998 517 1194 564 quibusdam

267 559 381 598 sumus
404 561 493 597 odor
519 565 593 599 vitae
618 566 652 599 in
678 567 800 603 vitam.
824 564 952 603 Vident
977 570 1069 605 enim
1093 566 1194 613 justos

266 609 470 656 flammantes
494 611 609 659 spiritu
625 638 637 655 ,
661 613 835 651 candentes
861 615 956 660 luce,
980 620 1015 654 &
1039 619 1084 653 eis
1110 621 1194 655 invi·

265 659 379 698 dendo
402 660 523 697 cadunt
543 676 552 697 =
586 660 656 699 hoe
681 662 728 700 est
752 665 846 711 quod
872 665 1104 720 supervenient
1128 668 1193 704 illis

262 709 423 754 carbones
446 713 529 758 ignis
554 713 588 748 in
613 724 700 749 terra
724 717 758 750 δι
785 714 997 760 dejicientur.
1021 717 1115 765 Qid
1125 716 1194 761 est,

261 759 299 792 in
324 761 436 796 terra?
460 759 586 799 Adhuc
611 761 667 799 hic
693 762 765 800 sunt
790 767 824 800 in
839 763 913 803 ‚bac
937 769 1031 809 vita,
1056 780 1194 814 excepta

260 808 318 846 illa
342 822 465 857 poena,
489 823 563 860 quae
582 812 726 849 servatur
745 816 880 862 impiis,
904 815 1062 853 carbones
1085 816 1135 853 isti
1156 818 1194 854 il·

260 857 314 896 los
337 859 515 908 dejiciunt,
539 871 614 901 ante
638 876 741 911 quam
765 868 876 904 veniat
902 870 985 915 ignis
1004 878 1159 904 aeternus.

310 1028 364 1063 Ex
388 1029 591 1064 enarratione
617 1029 757 1076 ejusdem
783 1030 817 1066 in
836 1031 1000 1078 Psalmum
1021 1035 1143 1074 CXLI.

299 1108 302 1110 ,
562 1079 648 1125 vers.
676 1093 705 1126 5.
726 1093 813 1119 num.
841 1094 893 1118 ιι.

330 1159 419 1196 Eris?
439 1162 525 1210 fuga
550 1177 572 1198 a
601 1176 650 1202 me
669 1192 678 1202 .
714 1168 902 1214 Tamquam
936 1169 1190 1208 circumclusum

350 1211 382 1249 se
406 1213 507 1251 dicit.
534 1213 739 1261 Periiifuga
758 1227 780 1249 a
797 1227 846 1249 me
864 1243 873 1252 .
899 1217 1062 1257 Insulteng
1088 1221 1194 1268 perse-

252 1275 416 1308 cutores,
441 1264 609 1313 oppressus
634 1264 703 1309 est,
726 1276 838 1314 captus
864 1265 934 1310 est,
959 1270 1194 1307 circumclusus

259 1312 326 1357 est,
353 1315 458 1351 vietus
483 1313 552 1359 est,
579 1319 677 1363 periit
687 1315 763 1363 fuga
787 1314 828 1353 ab
839 1315 919 1352 illo.
945 1317 1002 1353 Ab
1026 1317 1086 1354 illo
1097 1324 1194 1367 periit

258 1364 361 1411 fuga,
385 1369 444 1413 qui
469 1365 648 1412 nonfugit.
677 1369 869 1413 Qiautem
890 1379 957 1402 non
978 1368 1086 1415 fugit,
1112 1374 1193 1417 pati-

257 1425 314 1451 tur
332 1415 499 1464 quidquid
520 1415 629 1462 potest
638 1427 699 1463 per
716 1413 877 1458 Christo,
903 1417 938 1453 id
956 1417 1023 1460 est,
1050 1431 1117 1455 non
1145 1420 1194 1456 fu-

256 1468 306 1512 git
324 1469 457 1502 animo-
481 1467 571 1502 Nam
597 1478 743 1514 corpore
764 1464 984 1513 sugerelicet,
1008 1468 1194 1506 concess'um

62 1519 178 1553 Mutat.
194 1513 323 1562 ro.est,
350 1512 616 1562 permiffumest,
642 1518 795 1554 Domino
820 1517 975 1560 dicente,
999 1520 1030 1553 Si
1042 1531 1102 1556 vos
1125 1533 1196 1567 per-

65 1569 113 1598 25·
256 1564 489 1602 secutifuerint
514 1567 548 1600 in
566 1578 631 1602 una
654 1568 787 1603 civitate
812 1565 916 1612 sugite
941 1567 1096 1606 inaliam.
1123 1573 1195 1619 Qui

256 1626 339 1661 ergo
364 1628 433 1651 non
459 1614 544 1662 fugit
567 1618 680 1652 animo
695 1640 707 1659 ,
733 1618 831 1663 periit
849 1615 891 1653 ab
913 1616 974 1652 illo
1000 1618 1076 1664 fuga
1097 1645 1105 1654 .
1131 1620 1195 1657 Sed

254 1663 392 1703 interest
412 1677 514 1714 quare
532 1678 600 1702 non
611 1666 737 1713 fugiat,
761 1668 838 1714 quia
863 1669 1094 1705 circumclusus
1118 1669 1165 1706 est
1186 1694 1197 1710 ,

258 1715 337 1764 quia
362 1726 478 1763 captus
503 1713 550 1751 est
570 1741 582 1758 ,
607 1729 647 1752 an
673 1719 751 1764 quia
776 1715 870 1752 fortis
889 1716 954 1753 est.
981 1720 1026 1754 Et
1050 1730 1068 1754 a
1094 1731 1196 1766 capto

257 1769 346 1803 enim
373 1767 473 1813 periit
495 1764 594 1812 fuga,
617 1766 769 1802 &aforti
795 1769 894 1812 periit
912 1766 1006 1813 fuga.
1033 1770 1120 1813 Quae
1146 1782 1194 1811 er-

253 1826 300 1863 go
326 1814 401 1863 fuga
426 1815 570 1852 cavenda
594 1814 673 1853 est?
698 1828 770 1864 quae
790 1815 866 1861 fuga
883 1829 903 1853 a
931 1816 1028 1854 nobis
1054 1822 1195 1865 pereat?

47 1868 235 1911 [nannoni.
253 1889 279 1910 2,
303 1868 360 1903 De
375 1877 441 1914 qua
458 1864 629 1902 Dominus
655 1865 739 1903 dicit
756 1868 790 1901 in
811 1866 1016 1914 Evangelio,
1041 1871 1130 1914 Quia
1142 1882 1196 1918 pa⁴

250 1940 280 1960 „
303 1915 374 1953 stor
393 1914 498 1953 bonus
516 1919 659 1953 animam
671 1915 761 1953 suam
781 1919 878 1963 ponit
902 1929 967 1964 pro
984 1917 1104 1960 ovibus
1115 1919 1195 1957 suis:

251 1990 279 2010 „
304 1969 524 2002 mercenarius
548 1977 656 2003 autem
672 1970 708 2003 δι
725 1968 786 2013 qui
805 1978 875 2003 non
901 1966 947 2004 est
958 1966 1092 2015 pastor,
1116 1981 1196 2006 cum

250 2040 278 2060 „
302 2015 427 2052 viderit
451 2014 574 2064 lupum
598 2019 810 2060 venientem,
835 2015 940 2063 fugit.
967 2021 1059 2054 Cum
1072 2019 1193 2056 viderit

249 2090 277 2110 ‚,
302 2065 519 2114 praedonem,
544 2078 647 2112 quare
671 2066 781 2113 fugit?
806 2068 897 2111 Quia
922 2079 992 2104 non
1018 2067 1066 2104 est
1090 2073 1120 2105 ei
1139 2081 1194 2108 cu·

249 2140 275 2159 ‚.
302 2128 337 2150 ra
361 2114 404 2150 de
429 2113 572 2156 ovibus,
598 2114 691 2149 Talis
712 2115 789 2160 fuga
814 2115 856 2151 ab
881 2116 945 2152 isto
968 2120 1130 2165 perierat,
1157 2119 1194 2155 fi-

251 2175 292 2200 ve
316 2161 358 2199 ab
384 2161 482 2209 ipfius
507 2164 623 2206 capitis
643 2163 782 2208 persona
805 2167 1007 2208 accipiamus
1030 2166 1118 2203 hanc
1138 2181 1197 2204 vo.

250 2225 326 2249 cem
335 2211 426 2249 illius
435 2209 566 2248 Christi
591 2211 759 2253 Domini,
783 2212 843 2256 qui
856 2222 922 2256 pro
940 2212 1096 2248 omnibus
1107 2226 1198 2248 mor-

251 2270 329 2298 tuus
353 2260 420 2298 estz
444 2259 510 2295 five
526 2271 545 2294 a
565 2258 725 2296 membris
743 2260 814 2304 ejus
832 2258 1044 2307 Martyribus
1055 2260 1198 2304 nostris,

58 2317 237 2360 Unam-16.
252 2312 330 2357 quia
355 2312 391 2346 δε
415 2307 476 2356 ipfi
496 2320 560 2356 pro
583 2307 740 2346 fratribus
766 2307 846 2355 paffi
870 2308 966 2345 sunt.
991 2310 1084 2347 Audi
1102 2314 1203 2354 Joan—>

254 2372 334 2396 nem
359 2359 548 2398 dicentem,
573 2360 664 2395 Sicut
674 2357 848 2394 enimille
865 2361 1006 2396 animam
1033 2359 1123 2396 suam
1134 2372 1203 2407 pro

255 2408 354 2447 nobis
380 2407 514 2457 posuit,
539 2406 582 2444 fic
601 2411 635 2444 δι
655 2420 716 2443 nos
726 2405 888 2452 debemus
912 2411 1035 2445 animas
1060 2419 1127 2454 pro
1138 2407 1199 2445 sra-

256 2459 364 2497 tribus
390 2469 517 2506 ponere
537 2483 546 2493 .
572 2457 637 2493 Sed
661 2468 740 2492 cum
765 2452 816 2492 illi
841 2468 974 2502 ponunt
991 2482 1005 2499 ,
1040 2456 1199 2493 Christus

256 2512 382 2559 ponit:
419 2501 507 2556 quia*
523 2519 603 2543 cum
628 2505 675 2543 illi
702 2508 874 2555 patiuntur
900 2505 1164 2552 persecutionem
1189 2531 1205 2550 ,

257 2559 326 2608 ipse
351 2558 471 2596 clamat
489 2581 498 2590 -
534 2555 632 2602 Quid
657 2568 711 2592 me
735 2554 969 2603 persequeris?
995 2554 1100 2590 Periit
1117 2555 1203 2601 fuga

258 2623 280 2645 a
307 2621 378 2653 me,
403 2607 448 2641 Θ·
472 2618 536 2640 non
560 2604 604 2647 est
631 2603 687 2650 qui
711 2604 869 2650 exquirat
894 2603 1039 2638 animam
1065 2616 1166 2639 meam
1193 2630 1204 2641 .

261 2663 361 2707 Ergo
383 2670 454 2695 non
479 2655 526 2693 est
551 2658 610 2703 qui
637 2658 787 2703 exquirat
811 2658 955 2693 animam
979 2654 1078 2703 ipfius
1094 2682 1104 2691 .
1141 2657 1202 2691 Vi-

259 2711 316 2748 det
341 2707 496 2745 homines
521 2705 607 2742 velle
630 2704 739 2742 saevite
763 2707 799 2740 in
824 2717 940 2740 necem
967 2704 1055 2741 suam
1076 2730 1089 2749 ,
1115 2705 1205 2744 vellet

259 2758 432 2798 effundere
465 2756 655 2804 sanguinem
681 2754 779 2803 ipfius
796 2779 809 2797 ,
842 2755 1023 2802 quomodo
1058 2767 1128 2790 non
1153 2754 1201 2793 est

260 2812 320 2859 qui
347 2809 494 2857 requirat
516 2810 659 2844 animam
684 2807 754 2851 ejus
773 2807 789 2841 ‚²
809 2806 855 2841 Et
879 2803 948 2841 hoc
972 2803 1104 2842 duobus
1129 2817 1200 2842 mo.-

260 2862 313 2898 dis
337 2860 500 2907 accipitur
519 2883 527 2892 .
554 2854 745 2902 Quomodo
771 2857 878 2902 perire
903 2854 1015 2901 sugam
1039 2858 1200 2903 accipitur

260 2909 394 2947 duobus
421 2906 529 2944 modis
550 2931 563 2948 ,
587 2908 663 2954 quia
688 2908 723 2941 δε
747 2917 766 2941 a
789 2908 943 2952 capto&
963 2917 980 2940 a
1005 2904 1084 2940 forti
1113 2908 1199 2951 perit

263 2960 340 3008 stiga
360 2974 372 2995 .·
409 2957 451 2994 sse
477 2955 610 2994 duobus
634 2955 743 2992 modis
776 2958 934 3004 quaeritur
959 2957 1065 2990 anima
1091 2951 1202 2990 homi-

265 3014 316 3046 nis
335 3035 348 3052 ,
372 3018 428 3046 aut
453 3021 471 3044 a
497 3004 759 3054 persecutoribus
779 3030 789 3046 ,
823 3016 879 3041 aut
904 3017 922 3040 a
946 3003 1164 3042 dilectoribus
1189 3031 1202 3046 .-

265 3063 316 3097 Ita
340 3070 442 3106 ergo,
469 3056 542 3090 Non
569 3055 611 3096 est
640 3054 698 3100 qui
727 3053 869 3098 requirat
896 3053 1036 3087 animam
1064 3065 1165 3087 meam
1188 3080 1202 3095 .-

266 3109 309 3146 de
334 3107 510 3150 illisdixit‚
538 3110 640 3145 Certe
659 3105 898 3152 persequuntur
922 3107 1200 3146 animammeam‚

268 3162 304 3196 &
328 3170 396 3194 non
421 3158 724 3204 quaeruntanimam
750 3167 877 3193 meam«
899 3157 931 3190 Si
956 3165 1066 3191 autem
1093 3159 1201 3201 requi-

269 3219 342 3245 rant
366 3209 506 3243 animam
534 3218 663 3248 meam,
687 3208 852 3241 invenient
872 3202 1095 3240 inhaerentem
1117 3203 1199 3241 tibi:

270 3263 305 3295 &
330 3257 354 3294 si
379 3268 504 3292 norunt
530 3267 601 3291 eam
625 3267 771 3302 quaerere
793 3280 802 3296 ‚
837 3265 962 3291 norunt
988 3258 1021 3291 δι
1047 3257 1164 3290 imitari
1191 3278 1201 3288 .

271 3311 362 3346 Nam
387 3317 424 3345 ut
449 3307 607 3341 noveritis
631 3308 734 3351 quaeri
759 3308 899 3341 animam
923 3302 1069 3340 hominis
1087 3329 1098 3346 ,
1123 3308 1161 3340 δε-
1183 3315 1202 3340 a

275 3354 539 3404 persecutoribus
558 3379 570 3397 ,
603 3354 680 3390 inde
704 3353 781 3391 alibi
814 3354 962 3392 diciturf
987 3354 1201 3390 confundan-

96 3397 200 3438 PJ·39·
210 3403 258 3433 ¹5·
276 3419 354 3451 tur,
378 3410 635 3485 &aevereantur
645 3429 658 3447 ,
682 3407 903 3453 quiquaerunt
926 3407 1069 3440 animam
1078 3416 1201 3440 meam.

102 1188 173 1228 νυνί
185 1195 212 1223 5·

80 2564 145 2597 ΑΒ.
153 2573 182 2602 9.
191 2573 218 2599 4.

315 3571 367 3604 Ex
393 3567 599 3604 enarratione
623 3567 760 3614 ejusdem
785 3566 821 3600 in
846 3566 1011 3613 Psalmum
1031 3567 1172 3604 CXLII.

639 3623 680 3658 π’.
702 3630 733 3661 9.
754 3629 784 3654 n.
810 3621 863 3653 16.

122 3715 191 3754 Vas:
202 3725 231 3752 9,
359 3701 455 3737 Xime
482 3715 531 3736 me
555 3700 596 3735 de
620 3678 761 3734 inim-'iris
787 3700 891 3744 meis,
926 3700 1066 3735 Domine
1082 3727 1094 3745 ‚
1130 3699 1207 3745 quia

106 3755 255 3795 Gen55.8.
289 3711 356 3798 E
384 3752 430 3789 ad
454 3762 486 3787 te
510 3750 665 3798 confugi.
698 3754 771 3797 Qui
798 3750 976 3799 aliquando
1000 3763 1017 3788 a
1044 3763 1075 3788 te
1101 3750 1168 3798 fugi
1196 3775 1208 3794 ,

2075 195 2177 261 265

1254 266 1302 300 ad
1325 277 1355 299 te
1380 268 1509 315 confugi
1533 297 1542 306 .
1568 272 1666 317 Fugit
1691 276 1776 308 enim
1804 273 1909 309 Adam
1937 288 1951 311 a
1978 277 2056 315 facie
2083 283 2146 317 Dei
2173 309 2183 324 ‚

1252 321 1286 355 δι
1313 317 1483 356 abscondit
1508 319 1539 356 se
1566 324 1651 356 inter
1675 322 1760 367 ligna
1788 324 1921 369 paradist
1941 350 1952 366 ,
1986 338 2022 362 ut
2052 330 2094 365 de
2125 331 2182 366 illo
2234 346 2286 381 Μ
2305 359 2357 384 Ἧι

1253 368 1418 405 diceretur
1442 373 1475 406 in
1501 369 1592 406 libro
1617 369 1705 414 Job,
1730 374 1919 420 Tamquam
1938 375 2047 412 servus
2057 378 2180 423 fugiens
2190 372 2345 423 sendus,
2361 371 2369 380 ⁸

1252 418 1428 454 dominum
1455 418 1570 461 suum,
1594 424 1630 457 &
1653 421 1844 460 consecutus
1854 423 2021 461 umbram.
2049 429 2145 473 Fugit
2164 444 2181 467 a

1253 467 1334 504 facie
1359 471 1495 506 Domini
1523 469 1591 512 sui,
1616 471 1853 509 &consecutus
1872 473 2037 513 umbramz
2061 478 2102 514 ad
2113 491 2183 514 um-

1253 516 1345 556 bram
1369 520 1460 555 enim
1485 518 1570 566 fugit
1594 523 1679 557 inter
1703 521 1790 567 ligna
1802 524 1958 570 paradisi„
1984 527 2045 562 Vae
2062 527 2084 562 si
2112 541 2185 573 per-

1251 567 1403 604 manserit
1427 571 1460 604 in
1484 567 1619 610 umbra,
1646 583 1688 606 ne
1713 571 1825 618 postea
1848 574 1997 618 dicatur,
2032 577 2183 614 Tranfie·
2211 580 2349 621 Sap-5·9.

1253 629 1331 654 runt
1355 621 1469 654 omnia
1493 629 1659 666 tamquam
1685 620 1823 658 umbra.
1852 622 1965 656 Exime
1990 636 2038 658 me
2062 626 2104 659 de
2123 628 2183 661 ini-

1255 666 1342 700 micis
1368 667 1444 701 meis
1461 692 1471 702 ·
1496 671 1578 706 Non
1605 681 1669 716 ego
1693 669 1751 707 hic
1776 674 1926 708 inimicos
1949 671 2102 713 homines
2126 690 2183 712 co·
2200 669 2370 710 Eph2’sO-¹²·

1252 721 1343 763 gito.
1369 720 1451 754 Non
1477 717 1524 754 est
1549 718 1641 755 nobis
1664 719 1859 758 colluctatio
1883 723 2032 761 adversus
2051 738 2181 763 carnem

1252 771 1287 804 &
1313 766 1522 814 sanguinem,
1547 769 1599 805 sed
1624 770 1776 807 adversus
1786 775 1893 818 quos?
1918 774 2083 811 Adversus
2096 780 2183 822 prin-

1254 841 1278 860 „
1303 822 1393 865 cipes
1418 816 1453 850 &
1492 819 1662 864 potestates
1681 845 1692 861 ,
1728 821 1868 857 rectores
1899 824 2014 859 mundi
2033 848 2042 857 .
2077 828 2182 872 Cujus

1255 867 1395 916 mundi?
1420 870 1503 904 Non
1529 871 1617 904 enim
1644 870 1710 906 caeli
1736 874 1770 906 &
1796 883 1908 909 terrae:
1937 885 2003 909 non
2027 878 2113 910 enim
2134 889 2182 910 re-

1253 927 1337 963 gunt
1361 918 1456 964 quod
1482 930 1549 953 non
1576 919 1742 956 fecerunt.
1770 923 1931 957 Rectores
1955 923 2100 960 mundi:
2126 924 2181 961 sed

1253 968 1348 1012 cujus
1373 967 1513 1003 mundi.>
1537 967 1768 1006 Tenebrarum
1794 968 1928 1008 harum.
1956 976 2118 1018 Quarum.
2134 985 2179 1010 te·
2197 984 2370 1023 Ephes.5.8.

1251 1041 1278 1060 „
1304 1015 1504 1054 nebrarum?
1527 1020 1656 1065 Utique
1675 1022 1881 1066 iniquorum.
1908 1021 2020 1058 Fuistis
2029 1026 2115 1059 enim
2125 1023 2180 1059 ali-

1252 1091 1275 1106 „
1301 1066 1437 1113 quando
1454 1065 1618 1111 tenebrae‚
1643 1080 1731 1104 nunc
1755 1079 1864 1105 autem
1890 1070 1950 1106 lux
1975 1074 2178 1109 inDomino-

1251 1118 1416 1154 Rectores
1443 1117 1589 1159 mundi,
1626 1117 1834 1155 tenebrarum
1861 1118 1979 1157 harum
1998 1146 2013 1163 ,
2036 1123 2181 1157 rectores

1251 1169 1446 1213 iniquorum
1466 1180 1475 1202 :
1510 1178 1627 1204 contra
1645 1165 1710 1204 hos
1730 1167 1857 1205 habetis
1883 1169 2044 1206 luctamen
2067 1199 2073 1206 .
2108 1173 2182 1208 Ma-

1252 1228 1356 1263 gnum
1368 1216 1524 1264 proelium
1534 1215 1628 1255 vobis
1645 1218 1713 1260 est,
1738 1217 1869 1255 hostem
1880 1232 1948 1255 non
1970 1221 2101 1264 videre,
2126 1221 2182 1259 sed
2371 1236 2375 1257 ι

1255 1269 1387 1303 vincere
1407 1293 1416 1302 .
1443 1267 1611 1304 Adversus
1638 1269 1783 1304 restores
1803 1270 1918 1305 mundi
1936 1295 1949 1312 ,
1972 1270 2182 1309 tenebrarum

1253 1314 1373 1354 harum
1385 1341 1396 1359 ‚
1420 1316 1591 1353 diabolum
1609 1317 1730 1354 scilicet
1747 1321 1780 1353 &
1796 1319 1929 1366 angelos
1945 1322 2030 1366 ejus:
2054 1333 2123 1357 non
2145 1320 2184 1360 il-

1254 1366 1315 1402 lius
1334 1367 1451 1403 mundi
1474 1368 1635 1409 rectores,
1659 1367 1700 1404 de
1721 1381 1794 1415 quo
1810 1369 1952 1412 dicitur,
1977 1373 2023 1407 Et
2041 1371 2183 1407 mundns

1254 1430 1313 1462 per
1333 1429 1411 1453 eum
1429 1416 1532 1453 faetus
1550 1416 1596 1454 est
1613 1430 1623 1455 3
1648 1417 1701 1454 sed
1720 1418 1806 1453 illius
1821 1419 1960 1462 mundi,
1984 1419 2027 1455 de
2046 1432 2116 1467 quo
2134 1421 2183 1456 di-

1253 1470 1361 1508 citur,
1386 1469 1432 1502 Et
1452 1467 1596 1504 mundus
1615 1480 1693 1504 eum
1713 1481 1781 1504 non
1801 1473 1979 1515 cognovit.
2006 1470 2118 1502 Exime
2137 1481 2280 1523 msam.
2297 1496 2322 1517 Β
2335 1498 2378 1520 ,0.

1254 1518 1294 1548 de
1314 1515 1456 1550 inimicis
1482 1517 1558 1550 meis
1579 1542 1588 1559 ‚
1616 1517 1751 1550 Domine
1770 1543 1783 1560 ‚
1806 1519 1882 1563 quia
1898 1518 1944 1552 ad
1974 1528 2007 1552 te
2023 1518 2161 1565 confugi
2174 1547 2183 1556 ,

1257 1566 1311 1599 De
1329 1563 1470 1600 inimicis
1480 1565 1576 1608 meis,
1603 1579 1672 1603 non
1694 1566 1798 1610 Juda,
1823 1566 1876 1604 sed
1894 1573 1951 1617 qui
1971 1569 2122 1617 implevit
2132 1571 2186 1611 Ju-

1255 1616 1351 1652 dam.
1378 1616 1480 1654 Illum
1502 1620 1610 1664 patior
1622 1617 1751 1658 visum,
1776 1617 1870 1654 illum
1888 1630 2045 1666 expugno
2061 1631 2128 1653 non
2139 1622 2185 1654 vi-

1254 1665 1343 1701 sum·
1371 1670 1512 1714 Accepit
1530 1670 1617 1702 enim
1635 1666 1795 1704 bucellam
1817 1668 1935 1709 Iudas,
1959 1673 1994 1704 δι
2013 1670 2143 1705 intravit
2154 1671 2185 1703 in
2197 1682 2298 1719 joam
2306 1694 2384 1726 3·²7·

1255 1728 1333 1752 eum
1354 1715 1470 1752 satanas
1489 1731 1498 1752 z
1523 1728 1560 1754 ut
1579 1717 1639 1753 iste
1656 1717 1766 1754 David
1786 1716 2045 1764 persecutionem
2063 1729 2188 1765 patere-

1255 1776 1312 1802 tur
1328 1777 1346 1801 a
1365 1763 1439 1800 filio
1457 1765 1516 1800 suo
1534 1789 1544 1799 .
1570 1769 1684 1811 Quam
1703 1766 1828 1802 multos
1856 1767 1954 1808 Judas
1971 1767 2089 1815 implet
2106 1767 2189 1803 'sata-

1255 1828 1312 1851 nas
1331 1840 1344 1856 ,
1369 1815 1504 1862 indigne
1530 1818 1727 1862 accipientes
1754 1814 1939 1852 buccellam
1963 1816 2003 1853 ad
2031 1815 2189 1862 judicium

1256 1891 1283 1908 „
1307 1863 1423 1901 suum?
1449 1867 1519 1909 Qui
1538 1867 1630 1902 enim
1640 1864 1814 1901 mandnmt
1835 1868 1869 1902 δε
1887 1865 1974 1904 bibit
1991 1866 2124 1913 indigne
2142 1868 2190 1912 ju·
2231 1901 2258 1930 c

1255 1940 1280 1957 ,‚
1306 1917 1397 1951 cium
1416 1913 1471 1950 fibi
1493 1916 1668 1951 manducat
1683 1919 1718 1951 δε
1737 1913 1822 1950 bibit
1841 1939 1852 1948 -
1884 1918 1966 1952 Non
1986 1915 2110 1952 malum
2139 1915 2184 1952 est
2209 1909 2228 1934 ¹·
2257 1908 2323 1930 ΜΠ
2338 1911 2383 1936 '²⁹'

1255 1964 1349 2010 quod
1364 1964 1485 2007 datur,
1511 1965 1562 2003 sed
1582 1964 1710 2002 bonum
1728 1963 1816 1999 malo
1844 1966 1874 1999 in
1896 1965 2056 2009 iudicium
2074 1966 2190 2002 datur.

1256 2016 1345 2051 Bene
1366 2011 1426 2050 esle
1445 2027 1513 2050 non
1536 2013 1641 2060 potest
1657 2013 1741 2050 male
1762 2016 1931 2060 accipienti
1952 2015 2044 2063 quod
2066 2013 2193 2058 bonum

1256 2064 1322 2100 est.
1348 2066 1466 2110 Ergo,
1492 2064 1606 2096 Exime
1623 2075 1672 2096 me
1691 2062 1732 2095 de
1750 2061 1890 2096 inimicis
1909 2075 2006 2108 mets,
2031 2064 2190 2106 Domine,

1256 2115 1335 2159 quia
1365 2115 1411 2147 ad
1439 2123 1470 2146 te
1488 2112 1619 2159 confugi
1639 2124 1653 2147 .’
1674 2116 1759 2161 Qo
1784 2116 1874 2149 enim
1905 2113 2083 2160 fugerem?
2109 2117 2193 2159 Quo

1256 2190 1282 2207 „
1308 2162 1366 2200 ibo
1384 2177 1403 2200 a
1423 2163 1540 2211 spiriru
1560 2175 1623 2202 tuo
1641 2166 1653 2201 ,²
1678 2166 1710 2199 Si
1734 2162 1909 2200 ascendero
1934 2167 1967 2200 in
1986 2164 2101 2202 caelum
2119 2191 2132 2207 ‚
2155 2175 2192 2202 tu

1259 2235 1282 2251 „
1309 2211 1357 2245 ibi
1377 2222 1430 2246 es:
1455 2213 1477 2246 fi
1494 2213 1695 2246 descendero
1713 2217 1747 2247 in
1768 2212 1953 2255 infernum,
1975 2214 2051 2250 ades
2063 2213 2074 2247 .’
2099 2215 2194 2258 Quid
2214 2221 2389 2262 Plblex38a.

1259 2284 1285 2301 „
1309 2269 1391 2304 ergo
1401 2258 1519 2294 restat?
1546 2262 1575 2294 Si
1586 2258 1759 2294 asiu‘msero
1778 2272 1898 2306 pennas
1917 2273 2003 2298 meas
2022 2274 2059 2297 ut
2070 2264 2196 2298 colum·
2216 2261 2278 2294 <9⁶-

1258 2332 1284 2351 ,‚
1309 2306 1369 2347 ba.
1394 2312 1429 2345 &
1451 2307 1615 2347 volaboin
1635 2320 1782 2346 extrema
1800 2313 1916 2346 marm
1941 2310 1975 2347 id
1991 2310 2059 2352 est,
2084 2322 2120 2346 ut
2140 2313 2196 2359 spe

1260 2380 1287 2400 „
1310 2354 1458 2393 habitem
1485 2361 1520 2391 in
1539 2358 1641 2393 finem
1660 2357 1763 2393 faecuii
1786 2383 1794 2390 .
1823 2361 1955 2395 Etenim
1981 2359 2061 2396 illuc
2082 2373 2194 2401 manus

1260 2401 1286 2446 ‚'‚
1311 2414 1367 2439 tua
1387 2404 1526 2440 deducet
1543 2417 1594 2440 me
1615 2429 1626 2446 ,
1651 2408 1683 2439 δι
1704 2404 1863 2451 perducet
1879 2417 1931 2443 me
1959 2406 2093 2445 dextera
2111 2419 2165 2445 tua
2183 2435 2195 2446 .

1259 2451 1378 2486 Exime
1397 2464 1446 2484 me
1464 2452 1504 2486 de
1523 2453 1662 2486 mimicis
1681 2452 1783 2499 meis,
1805 2453 1957 2499 quoniam
1973 2457 2020 2494 ad
2038 2466 2069 2494 te
2088 2458 2194 2503 confu-

1257 2501 1318 2547 gi,
1343 2501 1501 2539 Domine.

2200 1054 2321 1094 Ephejfiffi
2330 1065 2339 1085 i
2347 1066 2374 1086 ι.

1547 2613 1549 2615 .
1599 2605 1630 2614 a

2103 2608 2169 2617 -ιμ

1298 2670 1351 2703 Ex
1371 2668 1573 2703 enarratione
1592 2670 1736 2715 ejusdem
1753 2671 1788 2705 in
1817 2673 1982 2719 Psalmum
2005 2676 2159 2715 CXLIII.

1536 2719 1622 2765 vers.
1639 2733 1667 2755 ι.
1686 2732 1774 2756 num.
1789 2734 1819 2767 3.
1831 2724 1919 2767 &4ae

1263 2801 1515 2892 BEnediHus
1531 2803 1688 2838 Dominus
1699 2804 1788 2842 Deus
1807 2817 1891 2840 meus
1909 2806 1966 2853 qui
1983 2807 2071 2843 docet
2081 2822 2194 2845 manus
2246 2809 2317 2847 Vevfi
2329 2818 2354 2840 ¹·

1362 2863 1444 2886 meas
1462 2853 1496 2886 in
1524 2853 1672 2898 proelium
1691 2879 1701 2896 ,
1737 2854 1857 2899 digitos
1878 2868 1961 2890 meos
1977 2859 2024 2891 nd
2043 2858 2162 2894 bellum
2182 2886 2191 2894 .

1259 2905 1340 2940 Vox
1360 2902 1468 2939 nostra
1487 2902 1555 2946 est,
1579 2903 1603 2939 fi
1623 2916 1746 2951 corpus
1755 2904 1884 2941 christi
1900 2919 1961 2942 nos
1979 2906 2108 2946 sumus.
2132 2911 2194 2947 Be-

1259 2953 1446 2989 nedicamus
1476 2955 1666 2990 Dominum
1686 2957 1798 2991 Deum
1825 2954 1973 2992 nostrum
1990 2983 2002 3001 ‚
2027 2959 2084 3002 qui
2100 2958 2192 2993 docet

1259 3013 1372 3036 manus
1391 3001 1512 3044 nostras
1531 3002 1566 3036 in
1584 3002 1734 3047 proelium
1756 3029 1769 3046 ‚
1794 3002 1909 3050 digitos
1928 3004 2045 3047 nostros
2062 3007 2109 3042 ad
2126 3008 2193 3043 bel-

1258 3051 1346 3087 lum.
1371 3055 1535 3099 Repetite
1551 3052 1714 3090 sententiae
1733 3054 1863 3091 videtur
1883 3069 1893 3090 ε
1918 3056 2011 3103 quod
2030 3055 2097 3100 est,
2124 3069 2192 3091 ma-

1259 3113 1318 3135 nus
1335 3101 1456 3144 nostras
1475 3103 1511 3135 iu
1526 3102 1697 3149 praelium,
1717 3101 1790 3139 hoc>
1803 3103 1848 3140 est
1869 3102 1988 3149 digitos
2006 3106 2124 3147 nostros
2146 3107 2196 3140 ad

1259 3149 1398 3189 bellum.
1423 3155 1479 3188 An
1497 3150 1620 3200 aliquid
1631 3152 1764 3188 interest
1781 3157 1867 3190 inter
1885 3157 2197 3203 manascedigitos?

1259 3205 1383 3248 Digitis
1400 3205 1517 3249 utique
1545 3214 1726 3249 operantur
1744 3207 1779 3240 δι
1798 3215 1916 3242 manus
1933 3229 1943 3239 .
1970 3209 2050 3243 Non
2081 3210 2191 3255 itaque

1260 3251 1396 3288 absurde
1423 3255 1599 3299 accipimus
1625 3252 1752 3299 digitos
1779 3266 1841 3300 pro
1867 3253 2013 3291 manibus
2043 3255 2163 3302 poiitos
2179 3281 2190 3291 .

1260 3304 1499 3338 Verumtamen
1509 3305 1541 3337 in
1563 3303 1674 3349 digitis
1684 3303 1890 3348 agnoscimus
1907 3305 2101 3342 divisionem
2111 3320 2191 3354 ope-

1261 3354 1417 3394 rationis,
1441 3350 1509 3387 *&
1526 3362 1630 3387 tamen
1651 3352 1792 3388 radicem
1811 3357 1943 3390 unitatis
1960 3379 1968 3387 .
1994 3355 2082 3392 Vide
2101 3356 2189 3392 iilam
2215 3374 2234 3389 a
2246 3374 2348 3404 Forte!
2359 3387 2390 3413 g·

1261 3404 1396 3447 gratiam
1415 3416 1424 3437 :
1450 3402 1530 3437 dicit
1547 3399 1753 3448 Apostolus,
1775 3402 1843 3439 Alii
1864 3404 2002 3450 quidem
2024 3409 2174 3453 perSpiri
2212 3415 2241 3445 ἃ
2257 3414 2287 3444 in
2298 3424 2387 3444 manu

1263 3476 1293 3494 „‚
1313 3462 1385 3487 turn
1405 3451 1501 3487 datur
1520 3449 1626 3486 'sermo
1647 3451 1827 3498 sapientiae,
1851 3452 1903 3489 alii
1926 3452 2031 3490 sermo
2053 3455 2190 3491 scientiae
2211 3453 2335 3500 radicssm
2359 3464 2390 3484 u-

1264 3525 1289 3543 „
1314 3499 1491 3537 secundum
1518 3500 1672 3536 eumdem
1691 3502 1848 3547 Spiritum
1867 3527 1880 3545 ,
1913 3502 1965 3539 aiii
1985 3504 2064 3540 fides
2085 3509 2115 3539 in
2135 3517 2188 3540 eo·
2213 3501 2331 3525 ‘mam’
2363 3534 2378 3560 8

1263 3574 1288 3593 „
1314 3549 1395 3586 dem,
1408 3552 1551 3597 Spiritu,
1573 3550 1626 3585 alii
1645 3550 1839 3587 donationes
1857 3557 2061 3589 curationum
2074 3558 2104 3588 in
2122 3566 2197 3591 uno
2214 3537 2354 3608 &goma
2382 3554 2391 3561 '

1271 3625 1296 3643 ,‚
1321 3601 1471 3646 Spiritu,
1494 3597 1676 3645 aliigcnera
1692 3598 1901 3645 linguarum,
1921 3601 1978 3639 alii
1993 3602 2192 3649 prophetia,

1269 3673 1294 3691 ,‚
1319 3648 1373 3684 alii
1403 3648 1598 3693 dijudicatio
1622 3649 1810 3695 spirituum.
1837 3653 1959 3686 Omnia
1986 3662 2094 3688 autem
2121 3652 2194 3689 haec

1269 3723 1294 3742 ,‚
1319 3709 1474 3746 operatur
1500 3710 1584 3733 unus
1599 3709 1695 3745 atque
1721 3698 1811 3735 idem
1841 3702 1977 3748 Spiritus
1995 3726 2015 3745 ,‚
2042 3702 2189 3738 dividens

1268 3773 1293 3793 ,‚
1318 3751 1453 3796 propria
1472 3751 1649 3796 unicuique
1671 3758 1774 3796 prout
1791 3749 1862 3786 vult
1882 3773 1898 3784 ,γ
1917 3750 1985 3787 Alii
2005 3749 2110 3836 illuld,
2134 3752 2193 3787 aiii

2007 3825 2031 3844 ‚‚
2083 3814 2148 3836 oc:-
