2652 4126
28 342 42 387 i

32 294 45 339 ξ

28 991 35 1026 s
91 997 176 1034 Quos
197 996 273 1027 niul·

26 1044 29 1070 Ι
90 1046 164 1069 tosa
185 1037 275 1077 pellat

28 1094 29 1097 ¹
91 1080 160 1119 Apo
173 1078 248 1109 loliis

548 263 627 310 ΕΤ
670 249 934 308 HisToR.
976 244 1265 306 SEMIPEL.
1307 245 1530 308 Luci-:M
1571 261 1937 310 AFFERUNT.

294 345 372 385 bat}
391 349 426 384 δε
443 355 556 383 tamen
574 345 750 384 creabatur
771 348 804 382 in
822 343 956 393 templo
974 325 1042 381 Dei
1061 357 1130 381 non
1140 355 1224 380 tem—

25 390 38 442 ?
97 401 259 438 infidelitas
298 397 394 445 plum
416 399 501 434 Dei.
529 401 579 434 Ita
598 401 631 433 in
659 395 901 437 femina'sfideli'
927 405 1056 433 creatus
1076 394 1124 431 est
1149 386 1224 431 infiss

95 443 280 489 ininsantem
295 447 404 490 delis,
430 451 515 484 &in
541 460 618 484 eum
645 451 798 494 parentes
825 444 1060 482 infidelitatem
1089 446 1224 492 trajece-

99 484 243 524 ¹¹³il⁰¹¹u¹
252 504 259 512 ”
296 507 397 541 runt,
418 510 520 547 quam
540 510 608 534 non
627 494 796 532 habebant
816 494 952 545 quando
972 507 1014 530 ex
1034 494 1109 543 ipfis
1128 506 1224 531 natus

295 546 366 590 est,
393 547 448 585 sed
464 559 546 585 tunc
564 544 753 589 habebant,
779 545 916 595 quando
936 549 970 581 &
991 544 1051 592 ipfi
1070 545 1223 581 {imiliter

295 601 365 634 nati
386 597 475 636 sunt.
503 598 724 644 Trajecerunt
743 610 848 644 ergo,
873 593 968 644 quod
987 595 1052 641 jam
1075 608 1144 631 non
1154 605 1226 632 erat

295 651 332 684 in
358 651 404 684 eis
422 673 436 691 ,
461 658 607 697 propter
633 645 743 683 semen
771 646 917 695 spiritale
942 657 1014 693 quo
1040 649 1225 693 regenerati

294 696 391 736 sunti
410 697 466 735 sed
482 707 555 734 erat
574 701 610 734 in
627 709 751 734 eorum
767 697 891 734 carnali
911 694 1036 738 lemine
1057 708 1128 744 quo
1145 707 1224 733 eum

294 758 541 797 generaverunt
550 774 559 783 .

293 905 348 939 Ex
372 903 477 939 eodem
501 899 580 939 libro
598 900 693 946 sexto
718 910 826 939 contra
845 901 1012 948 sulianum
1031 925 1044 944 ‚
1070 910 1138 947 cap.
1164 911 1223 948 24.

295 1003 455 1092 CUm
485 1015 573 1040 vero
606 997 724 1040 mul'tos
755 1002 897 1051 ‚·quod
930 1000 1019 1038 dixit
1055 1001 1170 1049 postea
1206 1014 1219 1039 3

407 1066 477 1089 non
504 1056 555 1089 vis
575 1053 722 1100 intelligi
749 1065 874 1095 omnes,
898 1050 993 1100 quod
1013 1055 1105 1098 prius
1130 1051 1224 1087 dixe-

91 1128 160 1150 eum
181 1119 245 1148 ait:
292 1112 367 1145 rat,
390 1105 456 1140 ideo
473 1101 656 1147 existimans
672 1102 791 1139 ditium
805 1100 895 1149 fuiffe
908 1101 1046 1143 multos,
1065 1113 1102 1137 ne
1120 1114 1224 1137 omnes

28 1162 31 1177 ²
90 1159 257 1189 Peccatores
292 1153 557 1198 intelligerentur:
584 1156 714 1202 poteris
734 1151 805 1189 hoc
830 1152 940 1189 dicere
966 1155 1001 1187 &
1027 1150 1068 1186 de
1096 1150 1222 1187 stmine

28 1247 29 1253 ἵ
82 1198 258 1278 ἷίἕζῖᾚιὶη
294 1201 467 1247 Abram,
493 1207 547 1240 cui
566 1201 737 1252 promiffae
757 1202 831 1239 sunt
850 1213 969 1238 omnes
989 1212 1127 1249 gentes,
1152 1214 1223 1237 non

89 1279 271 1308 camme.
289 1265 410 1292 omnes
435 1264 551 1302 gentes
577 1257 608 1289 ei
635 1251 728 1290 fuiss'e
747 1250 921 1302 promissas
942 1276 955 1294 ,
979 1256 1059 1300 quia
1088 1250 1223 1287 diCtum

31 1301 34 1313 ³
86 1318 252 1358 G,‚,‚,7,5‚
288 1301 426 1348 est‚alio
449 1304 552 1342 locos
577 1308 714 1341 Patrem
735 1302 920 1339 multarum
942 1306 1095 1349 gentium
1123 1301 1222 1350 posui

287 1363 343 1390 te.
363 1353 424 1391 Est
442 1365 555 1391 autem
573 1353 666 1391 sanus
686 1352 897 1395 intellectus,
910 1351 988 1387 ideo
1006 1351 1049 1387 fic
1070 1351 1223 1389 locutam

289 1405 615 1453 Scripturam‚quia
634 1401 768 1452 possunt
786 1400 849 1438 effe
868 1402 980 1450 aliqua
998 1405 1223 1450 omnia,quae

287 1466 360 1490 non
379 1453 455 1491 sunt
475 1455 604 1492 multa:
621 1453 703 1490 ficut
721 1455 838 1489 omnia
857 1453 1002 1489 dicimus
1020 1453 1220 1500 Evangelia,

288 1507 326 1541 &
345 1513 459 1541 tamen
476 1503 574 1542 brevi
595 1516 742 1541 numero
754 1529 766 1546 ‚
787 1502 892 1544 idest,
912 1506 1130 1551 quaternario
1140 1516 1222 1540 con-

290 1557 464 1592 tinentur.
490 1557 537 1592 Et
562 1552 675 1591 rursus
702 1551 836 1602 possunt
862 1553 975 1601 aliqua
1000 1551 1061 1589 effe
1081 1553 1188 1590 multa
1210 1578 1224 1596 ‚

289 1615 362 1640 non
377 1615 490 1642 tamen
511 1607 646 1641 omnia:
674 1603 756 1641 ficut
774 1603 902 1641 multos
921 1603 1066 1640 dicimus
1085 1602 1222 1640 credere

289 1656 326 1690 in
354 1653 557 1698 Christum,
583 1667 645 1691 nec
663 1665 777 1691 tamen
803 1666 922 1690 omnes
949 1653 1111 1690 credunt.
1137 1657 1222 1690 Non

87 1702 236 1743 &TU-3·
246 1714 274 1734 ²·
289 1706 385 1740 enim
411 1708 568 1742 omnium
596 1704 645 1741 est
673 1705 777 1747 fides,
802 1707 850 1740 ait
876 1703 1085 1753 Apostolus.
1113 1703 1222 1749 Quod

291 1764 404 1790 autem
430 1755 563 1792 dietum
580 1754 652 1797 est,
679 1758 719 1791 In
740 1754 865 1791 semine
890 1766 953 1791 tuo
978 1753 1222 1797 benedicentur

291 1816 411 1841 omnes
428 1816 545 1853 gentes
570 1816 690 1841 terrae:
716 1810 751 1842 &
770 1810 905 1842 Patrem
933 1804 1119 1841 multarum
1145 1816 1225 1849 gen—

88 1864 161 1895 cen.
179 1874 226 1901 17·
243 1873 271 1903 ς,
290 1857 378 1891 tium
398 1853 495 1902 posui
506 1866 539 1892 te
549 1880 562 1898 ‚
576 1854 707 1892 easdem
726 1867 844 1891 omnes
855 1881 867 1898 ,
886 1855 1077 1894 multam&
1095 1853 1225 1891 easdem

88 1905 208 1940 Rom-5·
225 1914 272 1935 1²·
290 1904 439 1946 multas,
465 1918 584 1941 omnes
605 1904 666 1942 ess‘e
692 1903 920 1941 monstratum
947 1905 1016 1941 est.
1044 1908 1095 1941 Ita
1121 1907 1224 1941 etiam

91 1945 161 1977 φο·
289 1966 370 1991 cum
395 1953 527 1991 dietum
553 1954 626 1996 est,
652 1961 715 1992 Per
740 1968 847 1992 unum
874 1958 910 1991 in
934 1968 1054 1991 omnes
1080 1953 1223 1991 tranfiss'e

289 2014 468 2054 peccatum
480 2019 490 2043 3
501 2009 536 2042 δε
556 2004 672 2053 postea
683 2010 770 2048 ‚Per
786 2008 885 2042 unius
904 2004 1134 2042 obedientiam
1147 2017 1222 2054 pec-

288 2064 421 2091 catores
439 2054 644 2092 constitutos
662 2055 809 2093 multos:
837 2055 898 2104 ipfi
918 2055 992 2093 sunt
1011 2054 1137 2098 multi,
1162 2058 1223 2103 qui

286 2107 326 2138 &
342 2115 472 2141 omnes.
492 2104 656 2138 Similiter
682 2117 762 2139 cum
781 2105 914 2142 dietum
934 2105 1004 2147 est,
1031 2111 1095 2142 Per
1121 2109 1220 2142 unius

90 1795 166 1830 Gen.
174 1794 276 1827 22.18·

288 2149 562 2198 justificationem
581 2153 616 2185 in
636 2160 756 2185 omnes
774 2150 935 2186 homines
952 2155 995 2186 ad
1013 2150 1230 2193 justificatio*

287 2212 370 2238 nem
390 2203 490 2237 vitae:
515 2204 550 2237 δε
570 2198 682 2237 rursus
699 2197 831 2234 dictum
850 2197 919 2239 est,
942 2203 1006 2234 Per
1023 2202 1121 2233 unius
1141 2199 1223 2233 obe-

290 2249 463 2287 dientiam.
475 2249 553 2296 justi
565 2248 816 2285 constituentur
825 2247 947 2284 multi:
967 2255 1037 2283 non
1055 2246 1223 2294 aliquibus

292 2302 467 2346 nceptis,
485 2298 540 2335 sed
559 2297 695 2338 eosdem
715 2298 843 2334 multos
855 2322 867 2340 ,
885 2310 1005 2334 omnes
1023 2307 1165 2345 oportet
1176 2300 1225 2333 in-

146 2383 152 2388 .
293 2347 424 2395 telligi:
450 2360 521 2384 non
540 2350 620 2395 quia
638 2359 757 2384 omnes
774 2345 932 2384 homines
951 2346 1222 2394 justificanturin

88 2378 277 2460 Y‘ffl}
295 2395 462 2436 christm
484 2396 542 2437 sed
557 2401 637 2446 quia
656 2410 775 2434 omnes
799 2401 858 2446 qui
877 2396 1126 2445 justificantur,
1151 2410 1223 2433 non

89 2444 205 2494 »ieritis
219 2479 231 2496 ,
250 2443 278 2491 ιζ
294 2446 392 2484 aliter
410 2445 543 2495 possunt
567 2446 738 2493 justificari
755 2461 858 2495 quam
884 2451 918 2483 in
938 2445 1102 2485 Christo.
1129 2449 1222 2485 Sicut

95 2503 146 2532 28.
293 2497 467 2546 poflumus
491 2495 605 2533 dicere
630 2500 666 2532 in
690 2496 837 2543 aliquam
862 2497 1007 2532 domum
1034 2508 1095 2542 per
1114 2506 1218 2531 unam

292 2550 424 2596 januam
443 2550 567 2584 intrare
586 2557 726 2584 omness
744 2558 815 2581 non
832 2548 911 2591 quia
921 2556 1040 2580 omnes
1059 2542 1220 2581 homines

292 2601 422 2635 intrant
439 2599 474 2633 in
484 2595 639 2632 eamdem
657 2593 887 2636 domum,sed
905 2596 983 2641 quia
993 2605 1096 2629 nemo
1115 2596 1218 2629 intrat

291 2647 352 2684 nifi
364 2646 530 2695 perillam
543 2674 551 2681 .
569 2648 702 2682 Omnes
712 2657 796 2693 ergo
805 2643 848 2680 ad
858 2653 1007 2680 mortem
1019 2655 1079 2691 per
1090 2642 1223 2686 Adam,

94 2698 123 2719 ¹·
133 2690 199 2720 ρον·
208 2698 219 2718 ¹
229 2696 255 2724 5·
292 2710 410 2735 omnes
420 2696 460 2733 ad
472 2699 579 2733 vitain
591 2708 651 2744 per
662 2693 852 2732 Christum.
864 2696 955 2740 Quia
966 2692 1047 2729 ficut
1057 2696 1092 2729 in
1103 2692 1218 2730 Adam

96 2738 146 2761 ²²·
290 2752 411 2786 omnes
428 2749 645 2788 moriuntur,
659 2749 704 2782 ita
723 2749 756 2782 δε
778 2748 810 2781 in
832 2742 979 2787 ChrIsto
998 2755 1116 2779 omnes
1133 2746 1226 2787 vivi-1

292 2796 507 2836 ficabuntur:
525 2796 561 2832 id
579 2794 649 2838 est,
662 2809 705 2832 ex
723 2798 835 2843 prima
851 2796 984 2842 origine
1006 2796 1138 2841 generis
1155 2793 1220 2830 hu-

291 2852 384 2886 mani
404 2859 508 2884 nemo
525 2845 567 2882 ad
578 2856 726 2882 mortem
738 2870 749 2887 ,
767 2845 827 2880 nifi
842 2857 903 2892 per
914 2843 1025 2880 Adam
1038 2848 1094 2886 ,δε
1112 2857 1215 2880 nemo

294 2911 356 2947 per
379 2897 489 2934 Adam
502 2921 514 2939 ,
532 2894 592 2932 nifi
612 2894 654 2931 ad
671 2905 839 2931 mortem:
852 2899 886 2930 &
906 2906 1009 2930 nemo
1026 2893 1067 2929 ad
1087 2897 1190 2931 vitam
1203 2920 1216 2936 ,

294 2948 356 2984 nifi
374 2960 433 2996 per
455 2945 635 2984 Christum
647 2970 660 2988 ,
681 2950 715 2982 &
732 2958 836 2982 nemo
855 2957 916 2993 per
935 2942 1137 2988 Christum,
1155 2944 1216 2986 nist

295 2997 339 3034 ad
358 3001 463 3033 vitam
477 3024 485 3032 .
980 3036 982 3038 ι

346 3051 421 3086 Vos
439 3058 552 3084 autem
572 3046 655 3082 dum
674 3058 742 3082 non
762 3058 903 3088 omnes,
916 3044 976 3082 sed
996 3044 1222 3086 multos‚s1ve

299 3107 360 3143 per
381 3096 492 3137 Adam
510 3096 754 3133 condemnatos
773 3094 834 3132 eise
846 3121 858 3138 ‚
875 3095 941 3132 sive
963 3108 1022 3144 per
1040 3094 1221 3132 Christum

298 3145 461 3183 liberatos
486 3146 590 3183 vultis
610 3147 779 3192 intelligi,
805 3145 976 3182 horrenda
1004 3146 1220 3193 perversitate

299 3193 502 3232 Christianae
525 3196 683 3244 religioni
708 3196 784 3232 estis
809 3195 939 3232 infesti.
965 3198 996 3232 Si
1021 3199 1111 3231 enim
1137 3196 1218 3232 salvi

299 3255 399 3282 erunt
420 3245 524 3292 aliqui
544 3245 609 3282 fine
629 3245 795 3288 Christo,
821 3251 855 3282 δε
875 3245 1096 3292 justificantur
1112 3245 1225 3293 aliqui,

299 3294 366 3332 fine
389 3293 555 3334 Christ03
577 3308 661 3342 ergo
678 3295 837 3332 Christus
855 3299 958 3343 gratis
976 3307 1131 3332 mortuus
1150 3296 1217 3332 est.
1262 3343 1264 3345 ‚

301 3347 386 3382 Erat
405 3349 494 3381 enim
515 3350 549 3381 &
569 3345 651 3382 alius
670 3345 813 3389 modus,
832 3345 911 3383 sicut
930 3346 1054 3388 vultis,
1074 3350 1107 3382 in
1129 3357 1221 3382 natu-

301 3407 339 3430 ra
350 3397 408 3436 ,in
430 3394 540 3431 libero
559 3393 770 3438 arbim-imin
791 3396 864 3443 lege
886 3396 1124 3438 naturali,five
1141 3410 1221 3432 con-

302 3444 527 3492 scripta‚quo
546 3443 673 3492 possent
691 3445 771 3482 salvi
791 3446 908 3490 &justi
928 3444 988 3482 esse
1008 3447 1220 3493 quitvellent.

244 3538 251 3544 ·
302 3492 409 3536 Iustas
418 3505 530 3531 autem
550 3498 710 3542 imagines
719 3498 808 3538 Dei,
825 3500 900 3544 quis
919 3496 979 3532 nifi
990 3495 1126 3543 injustus
1144 3509 1222 3545 pro-

105 3540 282 3579 00⁶⁰P²¹¹⁰·
302 3542 438 3581 hiberet
455 3557 474 3580 a
494 3557 599 3592 regno
617 3546 708 3581 Dei?
734 3548 804 3582 Hic
821 3546 910 3582 forte
931 3546 1037 3588 dicis,
1062 3546 1124 3587 Sed
1143 3546 1222 3582 faci-

305 3595 369 3630 lius
389 3607 448 3642 per
474 3593 652 3631 Christum
665 3620 673 3630 .
699 3596 881 3643 Numquid
899 3609 968 3632 non
996 3594 1100 3644 posset
1119 3599 1226 3643 etiam.

305 3644 347 3681 de
364 3644 436 3691 lege
456 3643 545 3680 dici:
564 3643 624 3680 Est
645 3656 704 3692 pei·
723 3644 830 3693 legem
853 3645 996 3689 justitia,
1023 3645 1076 3682 sed
1095 3646 1223 3682 facilius

112 3708 180 3738 cat,
197 3716 224 3737 2.
241 3717 287 3738 21,
307 3708 368 3744 pei·
388 3692 589 3732 Christum.
615 3697 660 3730 Et
679 3705 789 3730 tamen
808 3698 851 3730 ait
875 3695 1083 3743 Apostolus,
1109 3699 1141 3732 Si
1162 3709 1228 3743 per!

116 3749 288 3784 ³.Tom.z.5-
308 3745 418 3792 legem
445 3743 624 3787 iustitiam,
649 3757 731 3791 ergo
750 3742 914 3781 ,Christus
940 3749 1041 3792 gratis
1067 3756 1223 3782 mortuus

308 3794 381 3832 est.
408 3797 490 3830 Non
516 3793 562 3829 est
588 3797 698 3841 itaque
723 3803 843 3841 praeter
868 3807 973 3831 unum
1001 3796 1224 3832 mediatorem

312 3848 381 3883 Dei
408 3849 442 3881 &
461 3842 668 3938 hoerU'm'
692 3842 871 3880 hominem
897 3843 1073 3882 Christum
1094 3843 1226 3888 Iesum,

407 3902 438 3932 S.
463 3900 528 3931 ‘Pro
541 3904 626 3940 peri.

2107 279 2127 315 1
2185 280 2205 317 1

1283 344 1375 381 aliud
1400 358 1526 382 nomen
1545 345 1604 383 sub
1631 346 1738 390 caelo,
1763 351 1799 383 in
1824 361 1895 396 quo
1920 358 2080 396 oporteat
2104 280 2210 390 sagos

1284 395 1359 431 fieri
1379 409 1459 431 nos.
1486 399 1531 432 Et
1553 397 1630 432 ideo
1650 397 1782 434 dic'tum
1801 397 1871 441 est,
1896 401 1936 435 In
1956 396 2114 436 Christos
2137 416 2211 439 om·
2230 403 2387 438 AH.4·12.

1284 458 1340 481 nes
1360 445 1646 482 vivificabuntur:
1666 452 1828 495 quoniam
1850 452 1886 485 in
1906 448 1970 485 illo
1982 451 2076 486 Deus
2095 449 2211 487 defini-
2231 452 2252 472 ¹·
2273 445 2336 473 Cor.
2362 454 2408 481 ¹5·

1283 499 1333 531 vit
1359 495 1463 532 fidem
1490 495 1670 538 omnibus,
1697 497 1852 535 suscitans
1879 499 1980 535 illum
2005 512 2024 536 a
2048 504 2211 537 mortuis.
2231 493 2265 552 ΞΖ

1283 545 1443 582 Vestrum
1470 557 1583 582 autem
1609 547 1735 595 dogma
1762 548 1796 584 id
1824 548 2020 596 persuadere
2047 561 2214 594 conatur,

1284 596 1378 632 velut
1398 595 1578 644 inculpatae
1604 598 1844 644 praedicatione
1863 610 2013 642 naturae,
2037 604 2072 637 δε
2094 611 2214 648 poten-

1283 650 1335 681 tiae
1354 644 1453 682 liberi
1472 645 1627 689 arbitrii,
1645 652 1680 684 δε
1699 647 1782 695 legis
1802 648 1868 685 five
1890 649 2047 686 naturalis
2067 650 2132 686 five
2154 663 2214 698 per

1283 695 1436 742 Moysen
1461 695 1568 739 datae,
1592 697 1726 741 utigr-fi
1750 711 1838 745 opus
1855 698 1894 734 fit
1916 723 1928 741 ,
1953 698 2076 736 necesse
2102 710 2215 736 tamen

1283 759 1353 781 non
1372 745 1410 782 sit
1430 746 1471 782 ad
1493 745 1674 784 Christum
1700 760 1766 795 pro
1787 758 1908 784 aeterna
1934 748 2036 786 salute
2054 749 2213 787 tranfire:

1284 809 1328 832 eo
1346 795 1441 843 quod
1462 809 1522 843 per
1541 795 1783 834 sacramentum
1804 802 1925 834 mortis
1945 804 1977 835 δι
2001 799 2216 836 resurreetio-

1286 850 1335 882 nis
1354 847 1423 891 ejus
1443 851 1459 889 (
1477 846 1501 882 fi
1519 857 1632 883 tamen
1652 849 1704 884 vel
1727 846 1797 884 hoc
1816 852 1940 896 putatis
1957 850 1973 890 )
1992 850 2217 886 commodior

1286 900 1341 932 via
1360 895 1421 938 fit,
1440 909 1509 932 non
1530 896 1625 945 quod
1641 898 1704 935 alia
1725 901 1779 935 via
1798 897 1858 934 eise
1881 912 1950 935 non
1974 901 2092 947 poffit.
2113 900 2215 936 Unde

1281 955 1446 993 quantum
1468 959 1529 982 vos
1549 946 1703 984 detestari
1725 947 1866 984 debeant
1887 947 2098 992 Christiani,
2111 949 2215 985 confi-

1279 995 1433 1032 dei-antes
1443 1020 1455 1037 ,
1465 1000 1653 1033 renuntiate
1662 996 1760 1034 vobis
1769 1023 1782 1040 ,
1791 1001 1894 1034 etiam
1903 999 2088 1036 tacentibus
2100 998 2210 1035 nobis.

1324 1151 1668 1188 CONSTITUTIO
1702 1153 2074 1188 VALENTINIANI
2107 1155 2171 1188 111.

1284 1252 1342 1290 Ad
1370 1253 1551 1288 Amacium
1579 1255 1642 1288 ΡΡ.
1669 1250 1886 1295 Galliarum,
1913 1253 1954 1288 de
1972 1251 2214 1288 conveniendis

1334 1315 1395 1351 per
1414 1300 1611 1339 Patroclum
1635 1299 1868 1338 Arelatensem
1894 1303 2060 1352 episcopis
2081 1301 2217 1351 quibus—

1334 1352 1412 1388 dam
1432 1351 1638 1399 Pelagianis.

1282 1457 1394 1503 Impp.
1413 1454 1730 1493 THEODOSIUS
1750 1456 1784 1489 δ(
1805 1427 2216 1492 VALENTINIANUS

1352 1503 1462 1540 Caesar
1483 1504 1688 1539 AMACIO
1707 1506 1751 1541 V.
1778 1503 1836 1539 inl.
1859 1509 1922 1541 ΡΡ.
1943 1502 2156 1543 Galliarum.

1359 1603 1533 1651 Rivilegia
1560 1604 1809 1646 Ecclesiarum,
1837 1604 1891 1641 vel
1919 1605 2125 1642 clericorum
2142 1616 2217 1640 om-

1383 1659 1500 1697 nium,
1525 1666 1598 1702 quae
1622 1653 1741 1691 saeculo
1763 1653 1879 1690 nostro
1899 1666 2064 1700 tyrannus
2085 1654 2221 1690 invide·-

1283 1715 1359 1746 rat,
1386 1718 1494 1752 prona
1510 1704 1700 1741 devotione·
1718 1717 1939 1746 revocamus,
1966 1710 2030 1742 &c.

1334 1754 1503 1791 Diversos
1521 1767 1630 1795 vero,
1655 1754 1833 1801 episcopos
1856 1755 2021 1790 nefarium
2047 1754 2217 1801 pelagiani

1285 1807 1321 1841 &
1347 1803 1538 1841 Caelestiani
1560 1803 1731 1849 dogmatis
1756 1817 1908 1839 errorem
1935 1804 2132 1851 sequentess
2158 1814 2219 1849 per

1286 1855 1484 1892 Patroclum
1512 1851 1828 1900 saerosanetaeiegis
1854 1853 2036 1889 antistitem
2065 1855 2216 1901 praecipi-

1285 1917 1361 1941 mus
1379 1907 1576 1941 conveniri:
1601 1917 1688 1952 quos
1709 1906 1787 1952 quia
1805 1903 2012 1939 confidimus
2033 1901 2218 1943 emendari,

1284 1954 1344 1990 nifi
1362 1959 1449 1991 intra
1471 1957 1592 1999 viginti
1612 1953 1684 1989 dies
1703 1966 1746 1989 ex
1769 1957 2007 1988 conventionis
2028 1963 2184 1998 tempore
2205 1975 2217 1992 ,
2235 1963 2237 1967 ¹

1285 2008 1373 2041 intra
1392 2017 1478 2052 quos
1498 2002 1707 2039 deliberandi
1727 2001 1907 2037 tribuimus
1928 2002 2119 2037 facultatem
2133 2026 2144 2042 ,
2167 2013 2217 2035 er·-

1283 2066 1353 2090 rata
1373 2050 1748 2100 coi-rexei·int‚seseque
1768 2049 1946 2088 catholicae
1967 2050 2044 2086 fidei
2067 2050 2216 2086 reddide-

1284 2108 1376 2148 rint,
1395 2104 1583 2142 Gallicanis
1604 2100 1797 2149 regionibus
1816 2101 1964 2148 expelli,
1988 2111 2088 2148 atque
2109 2104 2141 2136 in
2162 2113 2217 2135 eo-

1284 2168 1362 2192 rum
1383 2155 1466 2192 loco
1487 2152 1712 2190 sacerdotium
1732 2150 1864 2187 fidelius
1886 2149 2079 2198 subrogari:
2097 2160 2216 2198 'quate-

1285 2215 1372 2235 nuus
1389 2203 1559 2247 praesentis
1568 2206 1696 2235 erroris
1716 2200 1845 2237 macula
1862 2200 1903 2236 de
1925 2201 2212 2248 populoruman}

1285 2251 1351 2283 mis
1367 2258 1539 2294 tergeatur
1549 2253 1606 2289 ,δε
1622 2248 1743 2285 futurae
1762 2249 1893 2285 bonum
1904 2250 2085 2297 disciplinae
2106 2249 2221 2293 iustio-

1285 2300 1332 2333 ris
1355 2296 1566 2333 instituatur.
1900 2331 1902 2334 ,
1959 2323 1976 2333 2
2120 2329 2121 2333 ,
2158 2331 2161 2335 .

1335 2350 1418 2383 Sane
1445 2350 1524 2394 quia
1544 2346 1720 2394 religiosos
1747 2347 1900 2395 populos,
1925 2347 2036 2388 nullis,
2053 2348 2149 2388 decet
2170 2349 2219 2387 su-

1285 2395 1542 2443 perstitionibus
1567 2396 1770 2442 depravari,
1795 2397 2008 2443 Manichaeos
2032 2398 2219 2446 omnesqne

1281 2445 1464 2481 haereticos
1498 2443 1555 2480 vel
1581 2442 1807 2479 schismaticos
1843 2444 1917 2482 five.
1947 2443 2227 2487 Mathematicoss

1280 2500 1488 2541 omnemque
1513 2491 1636 2528 se&am
1657 2491 1850 2542 Catholicis
1875 2497 2048 2539 inimicam
2074 2494 2116 2532 ab
2140 2494 2220 2545 ipso.

1279 2542 1438 2590 adspeCiai
1456 2541 1593 2579 urbium
1611 2541 1821 2579 diversarum
1847 2548 2065 2582 exterminari
2082 2545 2220 2593 debere,³

1279 2597 1516 2641 praecipimu53
1541 2603 1579 2629 ut
1598 2605 1659 2628 nec
1682 2592 1861 2640 praesentiae
1885 2594 2026 2643 quidem
2044 2598 2217 2638 criminos

1279 2642 1394 2679 sorum
1414 2646 1617 2690 contagione
1637 2642 1825 2680 foedentur.
1853 2644 1974 2686 Judaeis
1993 2658 2131 2694 quoque
2144 2640 2219 2684 ‘veli

1305 2696 1421 2741 aganis]
1439 2690 1558 2730 caussas
1583 2692 1732 2741 agendi,
1759 2694 1814 2730 vel
1842 2694 2011 2732 militandi
2038 2695 2221 2737 licentiatus

1302 2757 1320 2784 e
1343 2756 1502 2791 negamus
1527 2768 1540 2784 ,
1564 2742 1686 2791 quibus
1711 2742 1912 2782 Christianae
1938 2745 2021 2792 legis
2048 2746 2219 2788 nolumus:

1274 2793 1400 2837 servire
1429 2792 1583 2842 personas
1602 2818 1614 2836 ,
1631 2806 1682 2842 ‘nne
1707 2793 1880 2830 occasione
1905 2795 2053 2832 dominii
2079 2795 2202 2833 sec'ca'm

1257 2844 1473 2880 venerandae
1498 2843 1674 2890 religionis
1701 2847 1882 2880 immutent
1908 2872 1915 2880 .
1942 2848 2074 2882 Omnes
2099 2849 2217 2893 igitur

1274 2893 1431 2943 personas
1440 2892 1706 2930 errorisinfausti
1726 2893 1878 2940 jubemus
1897 2895 2056 2937 excludi,
2079 2895 2137 2931 nisi
2156 2895 2209 2932 his

1279 2944 1473 2980 emendatio
1499 2943 1629 2980 matura
1655 2942 1864 2980 subvenerit.
1884 2947 1972 2980 Data
1999 2943 2020 2963 *
2046 2956 2128 2980 vit.
2156 2945 2208 2982 Id.
2268 2962 2285 2977 α
2300 2965 2391 2999 Anno

1281 2995 1347 3036 Jui.
1367 2994 1534 3043 Aquileiae
1561 2992 1651 3031 Coss.
1672 2992 1873 3044 Theodosio
1900 2993 2068 3042 Augusto.
2095 3006 2152 3031 xz.
2173 2999 2211 3037 &⁷
2227 3001 2406 3076 fij-hristfff,

2250 3053 2273 3073 ie
2283 3054 2327 3081 9.,
2339 3058 2352 3075 ·.i
2368 3048 2375 3076 i
2398 3070 2405 3077 .

1283 3044 1527 3082 Valentiniano
1547 3043 1675 3080 Caesare
1685 3071 1693 3080 .

1279 3198 1567 3233 CONCILII
1592 3198 1787 3234 AFRICAE
1814 3197 2209 3236 UNIVERSALIS

1293 3285 1295 3288 Α
1329 3245 1536 3292 Carthagine
1556 3270 1568 3288 ‚
1593 3244 1702 3282 habiti
1730 3259 1819 3281 anno
1844 3247 1928 3292 4¹8-
1955 3258 2075 3284 contra
2100 3245 2210 3285 haeres

1328 3296 1388 3332 fim
1414 3295 1540 3342 Pelagii
1564 3299 1598 3331 &
1625 3295 1794 3340 Caelestii.

1528 3394 1672 3432 'canones
1696 3401 1748 3431 IV.
1775 3402 1812 3432 V.
1840 3397 1883 3433 &⁴
1908 3403 1960 3433 VJ.

1381 3494 1614 3532 Loriofiffiinis
1641 3495 1908 3543 Imperatoribus
1934 3499 2102 3535 Honorio
2127 3500 2204 3536 XII.

1404 3550 1438 3582 &
1457 3543 1657 3582 Theodofio
1677 3549 1775 3583 VIII.
1797 3545 2022 3582 Consulibus.
2045 3546 2209 3586 Kalendis,

1281 3596 1408 3637 Maiis,
1434 3594 1640 3643 Carthagine
1662 3599 1694 3631 in
1714 3595 1893 3631 secretario
1914 3596 2051 3632 bafilicae
2073 3595 2205 3638 Fausti,

1283 3657 1361 3680 cum
1391 3645 1550 3681 Aurelius
1576 3644 1750 3694 episcopus
1776 3649 1809 3680 in
1835 3644 2014 3682 universali
2041 3646 2205 3686 Concilio

1285 3692 1500 3737 consediffet,
1525 3693 1726 3731 adstantibus
1753 3694 1924 3738 diaconis,
1950 3695 2076 3743 placuit
2097 3700 2206 3732 omni-

1284 3743 1345 3780 bus
1363 3744 1549 3792 episcopis,
1574 3757 1724 3792 quorum
1742 3749 1902 3788 nomina,
1927 3750 1960 3782 δι
1989 3745 2201 3794 subscriptio·

1285 3807 1340 3830 nes
1361 3794 1492 3830 indicta:
1511 3793 1604 3836 sunt,
1629 3797 1662 3830 in
1683 3793 1790 3836 sandica
1807 3795 1942 3842 synodo
1962 3794 2204 3843 Carthaginen-

1286 3842 1323 3880 fis
1343 3843 1496 3881 Ecclefiae
1519 3843 1707 3881 constitutis
1722 3870 1734 3887 ,
1760 3848 1825 3883 ἃς.
1854 3870 1857 3872 v
2148 3886 2151 3887 ⁷

1818 3908 1845 3940 y
2094 3898 2126 3929 V
2129 3898 2155 3928 i.

2258 505 2405 562 6'3.17.3i.
