<?xml version="1.0" encoding="UTF-8"?>
<!DOCTYPE html PUBLIC "-//W3C//DTD XHTML 1.0 Transitional//EN"
    "http://www.w3.org/TR/xhtml1/DTD/xhtml1-transitional.dtd">
<html xmlns="http://www.w3.org/1999/xhtml" xml:lang="en" lang="en">
 <head>
  <title>
</title>
<meta http-equiv="Content-Type" content="text/html;charset=utf-8" />
  <meta name='ocr-system' content='tesseract 3.04.00' />
  <meta name='ocr-capabilities' content='ocr_page ocr_carea ocr_par ocr_line ocrx_word'/>
</head>
<body>
  <div class='ocr_page' id='page_1' title='image "./sanctiprosperiaq00prosuoft_0781.png"; bbox 0 0 2652 4126; ppageno 0'>
   <div class='ocr_carea' id='block_1_1' title="bbox 13 1094 232 1207">
    <p class='ocr_par' dir='ltr' id='par_1_1' title="bbox 13 1094 232 1207">
     <span class='ocr_line' id='line_1_1' title="bbox 18 1094 227 1135; baseline 0.01 -11"><span class='ocrx_word' id='word_1_1' title='bbox 18 1103 21 1114; x_wconf 72' lang='lat'>³</span> <span class='ocrx_word' id='word_1_2' title='bbox 64 1104 88 1135; x_wconf 88' lang='lat' dir='ltr'><strong>q</strong></span> <span class='ocrx_word' id='word_1_3' title='bbox 97 1094 227 1126; x_wconf 85' lang='lat' dir='ltr'>uomodo</span> 
     </span>
     <span class='ocr_line' id='line_1_2' title="bbox 19 1134 232 1174; baseline 0.009 -10"><span class='ocrx_word' id='word_1_4' title='bbox 19 1143 21 1145; x_wconf 89' lang='lat'>·</span> <span class='ocrx_word' id='word_1_5' title='bbox 72 1136 140 1174; x_wconf 85' lang='lat' dir='ltr'>quis</span> <span class='ocrx_word' id='word_1_6' title='bbox 161 1134 232 1166; x_wconf 84' lang='lat' dir='ltr'>dici-</span> 
     </span>
     <span class='ocr_line' id='line_1_3' title="bbox 13 1183 138 1207; baseline -0.008 0"><span class='ocrx_word' id='word_1_7' title='bbox 13 1199 15 1202; x_wconf 90' lang='lat'>·</span> <span class='ocrx_word' id='word_1_8' title='bbox 73 1183 120 1207; x_wconf 67' lang='lat' dir='ltr'>lut</span> <span class='ocrx_word' id='word_1_9' title='bbox 128 1195 138 1206; x_wconf 69' lang='grc' dir='ltr'>ι</span> 
     </span>
    </p>
   </div>
   <div class='ocr_carea' id='block_1_2' title="bbox 0 202 39 1999">
    <p class='ocr_par' dir='ltr' id='par_1_2' title="bbox 0 202 39 1999">
     <span class='ocr_line' id='line_1_4' title="bbox 0 202 39 1999; baseline 0 0"><span class='ocrx_word' id='word_1_10' title='bbox 0 202 39 1999; x_wconf 95' lang='lat' dir='ltr'> </span> 
     </span>
    </p>
   </div>
   <div class='ocr_carea' id='block_1_3' title="bbox 18 2641 151 2682">
    <p class='ocr_par' dir='ltr' id='par_1_3' title="bbox 18 2641 151 2682">
     <span class='ocr_line' id='line_1_5' title="bbox 18 2641 151 2682; baseline 0 -12"><span class='ocrx_word' id='word_1_11' title='bbox 18 2671 19 2674; x_wconf 61' lang='grc'>,</span> <span class='ocrx_word' id='word_1_12' title='bbox 69 2641 132 2682; x_wconf 82' lang='lat' dir='ltr'>plcx</span> <span class='ocrx_word' id='word_1_13' title='bbox 141 2661 151 2676; x_wconf 89' lang='lat'>,</span> 
     </span>
    </p>
   </div>
   <div class='ocr_carea' id='block_1_4' title="bbox 12 2831 232 2918">
    <p class='ocr_par' dir='ltr' id='par_1_4' title="bbox 12 2831 232 2918">
     <span class='ocr_line' id='line_1_6' title="bbox 12 2831 232 2871; baseline -0.005 -2"><span class='ocrx_word' id='word_1_14' title='bbox 12 2831 14 2833; x_wconf 49' lang='grc'><strong><em>’</em></strong></span> <span class='ocrx_word' id='word_1_15' title='bbox 73 2848 101 2869; x_wconf 81' lang='grc' dir='ltr'>ι.</span> <span class='ocrx_word' id='word_1_16' title='bbox 112 2840 178 2871; x_wconf 78' lang='lat' dir='ltr'>cor.</span> <span class='ocrx_word' id='word_1_17' title='bbox 188 2845 232 2869; x_wconf 85' lang='grc' dir='ltr'>ιο.</span> 
     </span>
     <span class='ocr_line' id='line_1_7' title="bbox 73 2888 116 2918; baseline 0 -6"><span class='ocrx_word' id='word_1_18' title='bbox 73 2888 116 2918; x_wconf 83' lang='lat'>13·</span> 
     </span>
    </p>
   </div>
   <div class='ocr_carea' id='block_1_5' title="bbox 19 3635 240 3672">
    <p class='ocr_par' dir='ltr' id='par_1_5' title="bbox 19 3635 240 3672">
     <span class='ocr_line' id='line_1_8' title="bbox 19 3635 240 3672; baseline -0.009 -6"><span class='ocrx_word' id='word_1_19' title='bbox 19 3670 22 3671; x_wconf 21' lang='lat'><em>⁷</em></span> <span class='ocrx_word' id='word_1_20' title='bbox 79 3635 240 3672; x_wconf 81' lang='lat' dir='ltr'>Rom.13.1.</span> 
     </span>
    </p>
   </div>
   <div class='ocr_carea' id='block_1_6' title="bbox 0 2991 27 4126">
    <p class='ocr_par' dir='ltr' id='par_1_6' title="bbox 0 2991 27 4126">
     <span class='ocr_line' id='line_1_9' title="bbox 0 2991 27 4126; baseline 0 0"><span class='ocrx_word' id='word_1_21' title='bbox 0 2991 27 4126; x_wconf 95' lang='lat' dir='ltr'> </span> 
     </span>
    </p>
   </div>
   <div class='ocr_carea' id='block_1_7' title="bbox 513 261 1904 329">
    <p class='ocr_par' dir='ltr' id='par_1_7' title="bbox 513 261 1904 329">
     <span class='ocr_line' id='line_1_10' title="bbox 513 261 1904 329; baseline 0 -2"><span class='ocrx_word' id='word_1_22' title='bbox 513 279 593 327; x_wconf 80' lang='lat' dir='ltr'>ET</span> <span class='ocrx_word' id='word_1_23' title='bbox 636 263 905 325; x_wconf 65' lang='lat' dir='ltr'>HisToit.&gt;</span> <span class='ocrx_word' id='word_1_24' title='bbox 944 261 1233 324; x_wconf 72' lang='lat' dir='ltr'><strong>SEMIPEL;</strong></span> <span class='ocrx_word' id='word_1_25' title='bbox 1275 280 1495 327; x_wconf 80' lang='lat' dir='ltr'>LUCEM</span> <span class='ocrx_word' id='word_1_26' title='bbox 1537 279 1904 329; x_wconf 79' lang='lat' dir='ltr'>AFFERUNT.</span> 
     </span>
    </p>
   </div>
   <div class='ocr_carea' id='block_1_8' title="bbox 5 359 1189 3201">
    <p class='ocr_par' dir='ltr' id='par_1_8' title="bbox 5 359 1189 3201">
     <span class='ocr_line' id='line_1_11' title="bbox 258 359 1180 411; baseline -0.004 -11"><span class='ocrx_word' id='word_1_27' title='bbox 258 362 325 404; x_wconf 80' lang='lat' dir='ltr'>stra</span> <span class='ocrx_word' id='word_1_28' title='bbox 349 361 532 400; x_wconf 83' lang='lat' dir='ltr'>constituta</span> <span class='ocrx_word' id='word_1_29' title='bbox 557 362 595 400; x_wconf 86' lang='lat' dir='ltr'>fit</span> <span class='ocrx_word' id='word_1_30' title='bbox 612 360 798 411; x_wconf 82' lang='lat' dir='ltr'>potestate?</span> <span class='ocrx_word' id='word_1_31' title='bbox 824 359 919 410; x_wconf 86' lang='lat' dir='ltr'>quod</span> <span class='ocrx_word' id='word_1_32' title='bbox 938 359 1067 399; x_wconf 74' lang='lat' dir='ltr'><strong>facilius</strong></span> <span class='ocrx_word' id='word_1_33' title='bbox 1086 359 1180 398; x_wconf 82' lang='lat' dir='ltr'>vide-</span> 
     </span>
     <span class='ocr_line' id='line_1_12' title="bbox 255 409 1180 461; baseline -0.003 -10"><span class='ocrx_word' id='word_1_34' title='bbox 255 413 384 456; x_wconf 83' lang='lat' dir='ltr'>bimus,</span> <span class='ocrx_word' id='word_1_35' title='bbox 409 412 431 449; x_wconf 84' lang='lat' dir='ltr'>si</span> <span class='ocrx_word' id='word_1_36' title='bbox 451 417 541 461; x_wconf 84' lang='lat' dir='ltr'>prius</span> <span class='ocrx_word' id='word_1_37' title='bbox 560 413 641 460; x_wconf 86' lang='lat' dir='ltr'>quid</span> <span class='ocrx_word' id='word_1_38' title='bbox 660 411 697 449; x_wconf 77' lang='lat' dir='ltr'>sit</span> <span class='ocrx_word' id='word_1_39' title='bbox 709 411 847 458; x_wconf 82' lang='lat' dir='ltr'>potestas</span> <span class='ocrx_word' id='word_1_40' title='bbox 864 411 1032 458; x_wconf 84' lang='lat' dir='ltr'>aliquanto</span> <span class='ocrx_word' id='word_1_41' title='bbox 1041 409 1180 458; x_wconf 78' lang='lat' dir='ltr'>diligen·</span> 
     </span>
     <span class='ocr_line' id='line_1_13' title="bbox 254 460 1179 512; baseline -0.002 -12"><span class='ocrx_word' id='word_1_42' title='bbox 254 468 318 501; x_wconf 82' lang='lat' dir='ltr'>tius</span> <span class='ocrx_word' id='word_1_43' title='bbox 338 462 612 512; x_wconf 76' lang='lat' dir='ltr'>perspexerimus·</span> <span class='ocrx_word' id='word_1_44' title='bbox 639 464 730 500; x_wconf 85' lang='lat' dir='ltr'>Cum</span> <span class='ocrx_word' id='word_1_45' title='bbox 748 467 836 501; x_wconf 86' lang='lat' dir='ltr'>enim</span> <span class='ocrx_word' id='word_1_46' title='bbox 855 461 924 498; x_wconf 87' lang='lat' dir='ltr'>duo</span> <span class='ocrx_word' id='word_1_47' title='bbox 945 460 1093 509; x_wconf 70' lang='lat' dir='ltr'>quaedam</span> <span class='ocrx_word' id='word_1_48' title='bbox 1104 460 1179 504; x_wconf 83' lang='lat' dir='ltr'>fint,</span> 
     </span>
     <span class='ocr_line' id='line_1_14' title="bbox 231 509 1183 562; baseline -0.004 -11"><span class='ocrx_word' id='word_1_49' title='bbox 231 535 235 539; x_wconf 68' lang='lat'>,</span> <span class='ocrx_word' id='word_1_50' title='bbox 254 514 339 551; x_wconf 86' lang='lat' dir='ltr'>velle</span> <span class='ocrx_word' id='word_1_51' title='bbox 356 517 390 551; x_wconf 74' lang='grc' dir='ltr'>δε</span> <span class='ocrx_word' id='word_1_52' title='bbox 409 510 519 562; x_wconf 80' lang='lat' dir='ltr'>posse,</span> <span class='ocrx_word' id='word_1_53' title='bbox 541 511 628 549; x_wconf 87' lang='lat' dir='ltr'>unde</span> <span class='ocrx_word' id='word_1_54' title='bbox 648 523 707 550; x_wconf 84' lang='lat' dir='ltr'>nec</span> <span class='ocrx_word' id='word_1_55' title='bbox 725 515 781 559; x_wconf 89' lang='lat' dir='ltr'>qui</span> <span class='ocrx_word' id='word_1_56' title='bbox 796 509 867 548; x_wconf 84' lang='lat' dir='ltr'>vult</span> <span class='ocrx_word' id='word_1_57' title='bbox 885 515 1046 548; x_wconf 86' lang='lat' dir='ltr'>continuo</span> <span class='ocrx_word' id='word_1_58' title='bbox 1061 509 1183 558; x_wconf 75' lang='lat' dir='ltr'>potest,</span> 
     </span>
     <span class='ocr_line' id='line_1_15' title="bbox 252 559 1181 615; baseline -0.004 -14"><span class='ocrx_word' id='word_1_59' title='bbox 252 577 315 602; x_wconf 78' lang='lat' dir='ltr'>nec</span> <span class='ocrx_word' id='word_1_60' title='bbox 341 568 398 615; x_wconf 85' lang='lat' dir='ltr'>qui</span> <span class='ocrx_word' id='word_1_61' title='bbox 428 561 535 610; x_wconf 78' lang='lat' dir='ltr'>potest</span> <span class='ocrx_word' id='word_1_62' title='bbox 561 564 723 600; x_wconf 82' lang='lat' dir='ltr'>continuo</span> <span class='ocrx_word' id='word_1_63' title='bbox 751 561 844 602; x_wconf 60' lang='lat' dir='ltr'>vulti</span> <span class='ocrx_word' id='word_1_64' title='bbox 877 563 954 607; x_wconf 80' lang='lat' dir='ltr'>quia</span> <span class='ocrx_word' id='word_1_65' title='bbox 978 560 1059 597; x_wconf 83' lang='lat' dir='ltr'>ficut</span> <span class='ocrx_word' id='word_1_66' title='bbox 1088 559 1181 597; x_wconf 89' lang='lat' dir='ltr'>volu·</span> 
     </span>
     <span class='ocr_line' id='line_1_16' title="bbox 252 610 1181 662; baseline -0.005 -9"><span class='ocrx_word' id='word_1_67' title='bbox 252 627 328 653; x_wconf 77' lang='lat' dir='ltr'>auus</span> <span class='ocrx_word' id='word_1_68' title='bbox 363 611 536 662; x_wconf 73' lang='lat' dir='ltr'>aliquando</span> <span class='ocrx_word' id='word_1_69' title='bbox 563 612 655 661; x_wconf 83' lang='lat' dir='ltr'>quod</span> <span class='ocrx_word' id='word_1_70' title='bbox 683 623 749 647; x_wconf 84' lang='lat' dir='ltr'>non</span> <span class='ocrx_word' id='word_1_71' title='bbox 782 612 980 659; x_wconf 71' lang='lat' dir='ltr'>postumus,</span> <span class='ocrx_word' id='word_1_72' title='bbox 1012 610 1055 649; x_wconf 83' lang='lat' dir='ltr'>fic</span> <span class='ocrx_word' id='word_1_73' title='bbox 1085 613 1181 648; x_wconf 87' lang='lat' dir='ltr'>etiam</span> 
     </span>
     <span class='ocr_line' id='line_1_17' title="bbox 250 659 1179 713; baseline -0.005 -10"><span class='ocrx_word' id='word_1_74' title='bbox 250 663 430 713; x_wconf 78' lang='lat' dir='ltr'>aliquando</span> <span class='ocrx_word' id='word_1_75' title='bbox 447 659 612 712; x_wconf 64' lang='lat' dir='ltr'>postumus</span> <span class='ocrx_word' id='word_1_76' title='bbox 632 661 724 709; x_wconf 83' lang='lat' dir='ltr'>quod</span> <span class='ocrx_word' id='word_1_77' title='bbox 746 661 920 701; x_wconf 81' lang='lat' dir='ltr'>nolumus:</span> <span class='ocrx_word' id='word_1_78' title='bbox 945 661 1018 697; x_wconf 81' lang='lat' dir='ltr'>satis</span> <span class='ocrx_word' id='word_1_79' title='bbox 1038 660 1179 699; x_wconf 79' lang='lat' dir='ltr'>evolutis</span> 
     </span>
     <span class='ocr_line' id='line_1_18' title="bbox 251 709 1180 763; baseline -0.008 -11"><span class='ocrx_word' id='word_1_80' title='bbox 251 715 327 763; x_wconf 87' lang='lat' dir='ltr'>ipfis</span> <span class='ocrx_word' id='word_1_81' title='bbox 346 717 442 751; x_wconf 77' lang='lat' dir='ltr'>etiam</span> <span class='ocrx_word' id='word_1_82' title='bbox 464 711 631 749; x_wconf 81' lang='lat' dir='ltr'>vocabulis</span> <span class='ocrx_word' id='word_1_83' title='bbox 659 711 806 757; x_wconf 79' lang='lat' dir='ltr'>resonat,</span> <span class='ocrx_word' id='word_1_84' title='bbox 830 711 922 760; x_wconf 84' lang='lat' dir='ltr'>quod</span> <span class='ocrx_word' id='word_1_85' title='bbox 950 709 991 751; x_wconf 86' lang='lat' dir='ltr'>ab</span> <span class='ocrx_word' id='word_1_86' title='bbox 1019 723 1060 746; x_wconf 87' lang='lat' dir='ltr'>eo</span> <span class='ocrx_word' id='word_1_87' title='bbox 1086 710 1180 759; x_wconf 80' lang='lat' dir='ltr'>quod</span> 
     </span>
     <span class='ocr_line' id='line_1_19' title="bbox 251 759 1181 811; baseline -0.005 -9"><span class='ocrx_word' id='word_1_88' title='bbox 251 763 299 803; x_wconf 83' lang='lat' dir='ltr'>est</span> <span class='ocrx_word' id='word_1_89' title='bbox 318 763 420 808; x_wconf 75' lang='lat' dir='ltr'>velle,</span> <span class='ocrx_word' id='word_1_90' title='bbox 447 761 616 801; x_wconf 75' lang='lat' dir='ltr'>voluntass</span> <span class='ocrx_word' id='word_1_91' title='bbox 639 760 680 800; x_wconf 83' lang='lat' dir='ltr'>ab</span> <span class='ocrx_word' id='word_1_92' title='bbox 699 774 741 799; x_wconf 89' lang='lat' dir='ltr'>eo</span> <span class='ocrx_word' id='word_1_93' title='bbox 758 773 867 800; x_wconf 83' lang='lat' dir='ltr'>autem</span> <span class='ocrx_word' id='word_1_94' title='bbox 888 760 980 811; x_wconf 80' lang='lat' dir='ltr'>quod</span> <span class='ocrx_word' id='word_1_95' title='bbox 1001 759 1047 797; x_wconf 85' lang='lat' dir='ltr'>est</span> <span class='ocrx_word' id='word_1_96' title='bbox 1067 759 1181 809; x_wconf 77' lang='lat' dir='ltr'>poss&#39;e,</span> 
     </span>
     <span class='ocr_line' id='line_1_20' title="bbox 251 810 1179 864; baseline -0.004 -12"><span class='ocrx_word' id='word_1_97' title='bbox 251 813 394 864; x_wconf 75' lang='lat' dir='ltr'>potestas</span> <span class='ocrx_word' id='word_1_98' title='bbox 425 821 546 850; x_wconf 80' lang='lat' dir='ltr'>nomen</span> <span class='ocrx_word' id='word_1_99' title='bbox 577 815 702 859; x_wconf 87' lang='lat' dir='ltr'>accepit</span> <span class='ocrx_word' id='word_1_100' title='bbox 721 839 730 849; x_wconf 90' lang='lat'><em>.</em></span> <span class='ocrx_word' id='word_1_101' title='bbox 766 815 984 862; x_wconf 78' lang='lat' dir='ltr'><strong>Quapropter</strong></span> <span class='ocrx_word' id='word_1_102' title='bbox 1013 810 1094 850; x_wconf 86' lang='lat' dir='ltr'>ficut</span> <span class='ocrx_word' id='word_1_103' title='bbox 1119 815 1179 859; x_wconf 87' lang='lat' dir='ltr'>qui</span> 
     </span>
     <span class='ocr_line' id='line_1_21' title="bbox 251 860 1179 910; baseline -0.003 -9"><span class='ocrx_word' id='word_1_104' title='bbox 251 863 324 902; x_wconf 87' lang='lat' dir='ltr'>vult</span> <span class='ocrx_word' id='word_1_105' title='bbox 341 861 450 902; x_wconf 72' lang='lat' dir='ltr'>‹habet</span> <span class='ocrx_word' id='word_1_106' title='bbox 470 861 678 902; x_wconf 83' lang='lat' dir='ltr'>voluntatem</span> <span class='ocrx_word' id='word_1_107' title='bbox 695 887 707 906; x_wconf 92' lang='lat'>,</span> <span class='ocrx_word' id='word_1_108' title='bbox 742 864 785 899; x_wconf 86' lang='lat' dir='ltr'>ita</span> <span class='ocrx_word' id='word_1_109' title='bbox 814 860 1004 910; x_wconf 82' lang='lat' dir='ltr'>potestatem</span> <span class='ocrx_word' id='word_1_110' title='bbox 1033 866 1090 908; x_wconf 85' lang='lat' dir='ltr'>qui</span> <span class='ocrx_word' id='word_1_111' title='bbox 1119 874 1179 909; x_wconf 86' lang='lat' dir='ltr'>po·</span> 
     </span>
     <span class='ocr_line' id='line_1_22' title="bbox 251 910 1179 961; baseline -0.006 -8"><span class='ocrx_word' id='word_1_112' title='bbox 251 912 332 953; x_wconf 83' lang='lat' dir='ltr'>test·</span> <span class='ocrx_word' id='word_1_113' title='bbox 360 914 421 952; x_wconf 85' lang='lat' dir='ltr'>Sed</span> <span class='ocrx_word' id='word_1_114' title='bbox 449 924 486 950; x_wconf 87' lang='lat' dir='ltr'>ut</span> <span class='ocrx_word' id='word_1_115' title='bbox 516 910 675 961; x_wconf 87' lang='lat' dir='ltr'>potestate</span> <span class='ocrx_word' id='word_1_116' title='bbox 693 911 818 959; x_wconf 83' lang='lat' dir='ltr'>aliquid</span> <span class='ocrx_word' id='word_1_117' title='bbox 836 913 912 954; x_wconf 86' lang='lat' dir='ltr'>fiat,</span> <span class='ocrx_word' id='word_1_118' title='bbox 937 910 1088 949; x_wconf 81' lang='lat' dir='ltr'>voluntas</span> <span class='ocrx_word' id='word_1_119' title='bbox 1105 912 1179 949; x_wconf 86' lang='lat' dir='ltr'>ade-</span> 
     </span>
     <span class='ocr_line' id='line_1_23' title="bbox 250 961 1182 1012; baseline -0.002 -11"><span class='ocrx_word' id='word_1_120' title='bbox 250 967 315 1002; x_wconf 78' lang='lat' dir='ltr'>rit.</span> <span class='ocrx_word' id='word_1_121' title='bbox 342 967 464 1012; x_wconf 84' lang='lat' dir='ltr'>Neque</span> <span class='ocrx_word' id='word_1_122' title='bbox 481 967 568 1000; x_wconf 89' lang='lat' dir='ltr'>enim</span> <span class='ocrx_word' id='word_1_123' title='bbox 588 962 652 999; x_wconf 88' lang='lat' dir='ltr'>diei</span> <span class='ocrx_word' id='word_1_124' title='bbox 673 961 758 999; x_wconf 89' lang='lat' dir='ltr'>solet</span> <span class='ocrx_word' id='word_1_125' title='bbox 777 962 938 1009; x_wconf 85' lang='lat' dir='ltr'>quispiam</span> <span class='ocrx_word' id='word_1_126' title='bbox 957 961 1118 1009; x_wconf 81' lang='lat' dir='ltr'>potestate</span> <span class='ocrx_word' id='word_1_127' title='bbox 1139 961 1182 999; x_wconf 84' lang='lat' dir='ltr'>fe-</span> 
     </span>
     <span class='ocr_line' id='line_1_24' title="bbox 250 1011 1182 1062; baseline -0.002 -11"><span class='ocrx_word' id='word_1_128' title='bbox 250 1012 392 1062; x_wconf 26' lang='lat' dir='ltr'>eiffe,*fi</span> <span class='ocrx_word' id='word_1_129' title='bbox 413 1013 493 1062; x_wconf 87' lang='lat' dir='ltr'>quid</span> <span class='ocrx_word' id='word_1_130' title='bbox 512 1012 591 1050; x_wconf 85' lang='lat' dir='ltr'>fecit</span> <span class='ocrx_word' id='word_1_131' title='bbox 611 1015 750 1049; x_wconf 86' lang='lat' dir='ltr'>invitus.</span> <span class='ocrx_word' id='word_1_132' title='bbox 778 1011 1182 1060; x_wconf 78' lang='lat' dir='ltr'>Quamquamfisubtilius</span> 
     </span>
     <span class='ocr_line' id='line_1_25' title="bbox 250 1061 1182 1112; baseline -0.002 -10"><span class='ocrx_word' id='word_1_133' title='bbox 250 1065 481 1107; x_wconf 78' lang='lat' dir='ltr'>advertamus,</span> <span class='ocrx_word' id='word_1_134' title='bbox 515 1066 613 1100; x_wconf 89' lang='lat' dir='ltr'>etiam</span> <span class='ocrx_word' id='word_1_135' title='bbox 639 1062 732 1112; x_wconf 89' lang='lat' dir='ltr'>quod</span> <span class='ocrx_word' id='word_1_136' title='bbox 761 1061 898 1111; x_wconf 87' lang='lat' dir='ltr'>quisque</span> <span class='ocrx_word' id='word_1_137' title='bbox 923 1063 1045 1099; x_wconf 83' lang='lat' dir='ltr'>invitus</span> <span class='ocrx_word' id='word_1_138' title='bbox 1075 1062 1182 1100; x_wconf 85' lang='lat' dir='ltr'>facere</span> 
     </span>
     <span class='ocr_line' id='line_1_26' title="bbox 250 1110 1182 1161; baseline -0.004 -10"><span class='ocrx_word' id='word_1_139' title='bbox 250 1118 405 1161; x_wconf 85' lang='lat' dir='ltr'>cogitur,</span> <span class='ocrx_word' id='word_1_140' title='bbox 432 1113 455 1150; x_wconf 81' lang='lat' dir='ltr'><strong>fi</strong></span> <span class='ocrx_word' id='word_1_141' title='bbox 473 1113 573 1157; x_wconf 84' lang='lat' dir='ltr'>facit,</span> <span class='ocrx_word' id='word_1_142' title='bbox 598 1113 769 1150; x_wconf 84' lang='lat' dir='ltr'>voluntate</span> <span class='ocrx_word' id='word_1_143' title='bbox 789 1112 881 1150; x_wconf 80' lang='lat' dir='ltr'>facit:</span> <span class='ocrx_word' id='word_1_144' title='bbox 907 1110 963 1149; x_wconf 84' lang='lat' dir='ltr'>sed</span> <span class='ocrx_word' id='word_1_145' title='bbox 982 1117 1059 1160; x_wconf 82' lang='lat' dir='ltr'>quia</span> <span class='ocrx_word' id='word_1_146' title='bbox 1069 1112 1182 1149; x_wconf 85' lang='lat' dir='ltr'>mallet</span> 
     </span>
     <span class='ocr_line' id='line_1_27' title="bbox 249 1161 1182 1208; baseline -0.005 -6"><span class='ocrx_word' id='word_1_147' title='bbox 249 1164 363 1208; x_wconf 84' lang='lat' dir='ltr'>aliud,</span> <span class='ocrx_word' id='word_1_148' title='bbox 388 1163 465 1202; x_wconf 90' lang='lat' dir='ltr'>ideo</span> <span class='ocrx_word' id='word_1_149' title='bbox 484 1166 631 1206; x_wconf 85' lang='lat' dir='ltr'>invitus,</span> <span class='ocrx_word' id='word_1_150' title='bbox 656 1162 724 1201; x_wconf 89' lang='lat' dir='ltr'>hoe</span> <span class='ocrx_word' id='word_1_151' title='bbox 742 1161 812 1206; x_wconf 89' lang='lat' dir='ltr'>est,</span> <span class='ocrx_word' id='word_1_152' title='bbox 836 1161 948 1199; x_wconf 87' lang='lat' dir='ltr'>nolens</span> <span class='ocrx_word' id='word_1_153' title='bbox 968 1161 1071 1199; x_wconf 68' lang='lat' dir='ltr'>lacere</span> <span class='ocrx_word' id='word_1_154' title='bbox 1101 1162 1182 1198; x_wconf 88' lang='lat' dir='ltr'>dici-</span> 
     </span>
     <span class='ocr_line' id='line_1_28' title="bbox 249 1210 1181 1262; baseline -0.002 -10"><span class='ocrx_word' id='word_1_155' title='bbox 249 1226 305 1252; x_wconf 87' lang='lat' dir='ltr'>tur</span> <span class='ocrx_word' id='word_1_156' title='bbox 314 1240 323 1249; x_wconf 88' lang='lat'><strong>.</strong></span> <span class='ocrx_word' id='word_1_157' title='bbox 348 1213 447 1253; x_wconf 83' lang='lat' dir='ltr'>Malo</span> <span class='ocrx_word' id='word_1_158' title='bbox 456 1217 582 1262; x_wconf 87' lang='lat' dir='ltr'>quippe</span> <span class='ocrx_word' id='word_1_159' title='bbox 593 1213 706 1259; x_wconf 86' lang='lat' dir='ltr'>aliquo</span> <span class='ocrx_word' id='word_1_160' title='bbox 717 1213 822 1251; x_wconf 85' lang='lat' dir='ltr'>facere</span> <span class='ocrx_word' id='word_1_161' title='bbox 831 1210 1047 1259; x_wconf 84' lang='lat' dir='ltr'>compellitur</span> <span class='ocrx_word' id='word_1_162' title='bbox 1057 1237 1068 1254; x_wconf 92' lang='lat'>,</span> <span class='ocrx_word' id='word_1_163' title='bbox 1088 1212 1181 1260; x_wconf 90' lang='lat' dir='ltr'>quod</span> 
     </span>
     <span class='ocr_line' id='line_1_29' title="bbox 247 1261 1180 1309; baseline -0.004 -7"><span class='ocrx_word' id='word_1_164' title='bbox 247 1264 364 1304; x_wconf 85' lang='lat' dir='ltr'>volens</span> <span class='ocrx_word' id='word_1_165' title='bbox 385 1268 506 1302; x_wconf 82' lang='lat' dir='ltr'>evitare</span> <span class='ocrx_word' id='word_1_166' title='bbox 527 1262 579 1300; x_wconf 90' lang='lat' dir='ltr'>vel</span> <span class='ocrx_word' id='word_1_167' title='bbox 598 1276 615 1299; x_wconf 89' lang='lat' dir='ltr'>a</span> <span class='ocrx_word' id='word_1_168' title='bbox 635 1263 667 1300; x_wconf 86' lang='lat' dir='ltr'>se</span> <span class='ocrx_word' id='word_1_169' title='bbox 687 1275 878 1304; x_wconf 83' lang='lat' dir='ltr'>removere,</span> <span class='ocrx_word' id='word_1_170' title='bbox 902 1261 980 1300; x_wconf 86' lang='lat' dir='ltr'>facit</span> <span class='ocrx_word' id='word_1_171' title='bbox 999 1262 1091 1309; x_wconf 88' lang='lat' dir='ltr'>quod</span> <span class='ocrx_word' id='word_1_172' title='bbox 1122 1275 1180 1298; x_wconf 88' lang='lat' dir='ltr'>co-</span> 
     </span>
     <span class='ocr_line' id='line_1_30' title="bbox 245 1310 1179 1363; baseline -0.003 -12"><span class='ocrx_word' id='word_1_173' title='bbox 245 1318 355 1363; x_wconf 79' lang='lat' dir='ltr'>gitur.</span> <span class='ocrx_word' id='word_1_174' title='bbox 381 1318 474 1354; x_wconf 85' lang='lat' dir='ltr'>Nam</span> <span class='ocrx_word' id='word_1_175' title='bbox 500 1313 524 1350; x_wconf 84' lang='lat' dir='ltr'>fi</span> <span class='ocrx_word' id='word_1_176' title='bbox 542 1324 630 1350; x_wconf 86' lang='lat' dir='ltr'>tanta</span> <span class='ocrx_word' id='word_1_177' title='bbox 658 1313 810 1351; x_wconf 75' lang='lat' dir='ltr'>voluntas</span> <span class='ocrx_word' id='word_1_178' title='bbox 836 1310 895 1354; x_wconf 82' lang='lat' dir='ltr'>sit,</span> <span class='ocrx_word' id='word_1_179' title='bbox 922 1323 959 1348; x_wconf 90' lang='lat' dir='ltr'>ut</span> <span class='ocrx_word' id='word_1_180' title='bbox 989 1312 1082 1351; x_wconf 82' lang='lat' dir='ltr'>malit</span> <span class='ocrx_word' id='word_1_181' title='bbox 1108 1310 1179 1348; x_wconf 90' lang='lat' dir='ltr'>hoc</span> 
     </span>
     <span class='ocr_line' id='line_1_31' title="bbox 246 1361 1178 1411; baseline -0.001 -9"><span class='ocrx_word' id='word_1_182' title='bbox 246 1378 316 1402; x_wconf 81' lang='lat' dir='ltr'>non</span> <span class='ocrx_word' id='word_1_183' title='bbox 337 1365 441 1403; x_wconf 84' lang='lat' dir='ltr'>faeere</span> <span class='ocrx_word' id='word_1_184' title='bbox 459 1376 558 1411; x_wconf 83' lang='lat' dir='ltr'>quam</span> <span class='ocrx_word' id='word_1_185' title='bbox 589 1362 674 1403; x_wconf 86' lang='lat' dir='ltr'>illud</span> <span class='ocrx_word' id='word_1_186' title='bbox 700 1375 768 1401; x_wconf 85' lang='lat' dir='ltr'>non</span> <span class='ocrx_word' id='word_1_187' title='bbox 788 1365 875 1410; x_wconf 60' lang='lat' dir='ltr'>path</span> <span class='ocrx_word' id='word_1_188' title='bbox 898 1366 1029 1408; x_wconf 80' lang='lat' dir='ltr'>cogenti</span> <span class='ocrx_word' id='word_1_189' title='bbox 1057 1361 1178 1410; x_wconf 89' lang='lat' dir='ltr'>procul</span> 
     </span>
     <span class='ocr_line' id='line_1_32' title="bbox 245 1411 1177 1460; baseline -0.004 -7"><span class='ocrx_word' id='word_1_190' title='bbox 245 1414 353 1454; x_wconf 89' lang='lat' dir='ltr'>dubio</span> <span class='ocrx_word' id='word_1_191' title='bbox 371 1413 508 1460; x_wconf 71' lang='lat' dir='ltr'>remit,</span> <span class='ocrx_word' id='word_1_192' title='bbox 532 1426 593 1451; x_wconf 85' lang='lat' dir='ltr'>nec</span> <span class='ocrx_word' id='word_1_193' title='bbox 613 1413 709 1451; x_wconf 84' lang='lat' dir='ltr'>facit.</span> <span class='ocrx_word' id='word_1_194' title='bbox 733 1415 787 1450; x_wconf 80' lang='lat' dir='ltr'>Ae</span> <span class='ocrx_word' id='word_1_195' title='bbox 799 1425 856 1460; x_wconf 86' lang='lat' dir='ltr'>per</span> <span class='ocrx_word' id='word_1_196' title='bbox 865 1411 966 1449; x_wconf 84' lang='lat' dir='ltr'>hocsi</span> <span class='ocrx_word' id='word_1_197' title='bbox 987 1412 1081 1451; x_wconf 83' lang='lat' dir='ltr'>sacit3</span> <span class='ocrx_word' id='word_1_198' title='bbox 1107 1425 1177 1450; x_wconf 87' lang='lat' dir='ltr'>non</span> 
     </span>
     <span class='ocr_line' id='line_1_33' title="bbox 245 1461 1178 1513; baseline -0.004 -10"><span class='ocrx_word' id='word_1_199' title='bbox 245 1465 382 1513; x_wconf 82' lang='lat' dir='ltr'>quidem</span> <span class='ocrx_word' id='word_1_200' title='bbox 401 1464 495 1512; x_wconf 84' lang='lat' dir='ltr'>plena</span> <span class='ocrx_word' id='word_1_201' title='bbox 512 1467 546 1501; x_wconf 70' lang='grc' dir='ltr'>δε</span> <span class='ocrx_word' id='word_1_202' title='bbox 566 1462 670 1502; x_wconf 80' lang='lat' dir='ltr'>libera</span> <span class='ocrx_word' id='word_1_203' title='bbox 689 1462 856 1501; x_wconf 86' lang='lat' dir='ltr'>voluntate</span> <span class='ocrx_word' id='word_1_204' title='bbox 868 1487 877 1504; x_wconf 89' lang='lat'>,</span> <span class='ocrx_word' id='word_1_205' title='bbox 904 1461 956 1499; x_wconf 90' lang='lat' dir='ltr'>sed</span> <span class='ocrx_word' id='word_1_206' title='bbox 982 1473 1091 1499; x_wconf 88' lang='lat' dir='ltr'>tamen</span> <span class='ocrx_word' id='word_1_207' title='bbox 1109 1475 1178 1501; x_wconf 86' lang='lat' dir='ltr'>non</span> 
     </span>
     <span class='ocr_line' id='line_1_34' title="bbox 246 1511 1178 1561; baseline -0.004 -8"><span class='ocrx_word' id='word_1_208' title='bbox 246 1515 324 1553; x_wconf 74' lang='lat' dir='ltr'>facit</span> <span class='ocrx_word' id='word_1_209' title='bbox 344 1514 401 1553; x_wconf 85' lang='lat' dir='ltr'>nifi</span> <span class='ocrx_word' id='word_1_210' title='bbox 423 1514 614 1553; x_wconf 75' lang='lat' dir='ltr'>voluntate:</span> <span class='ocrx_word' id='word_1_211' title='bbox 640 1525 740 1561; x_wconf 85' lang='lat' dir='ltr'>quam</span> <span class='ocrx_word' id='word_1_212' title='bbox 765 1513 971 1551; x_wconf 79' lang='lat' dir='ltr'>voluntatem</span> <span class='ocrx_word' id='word_1_213' title='bbox 999 1517 1076 1560; x_wconf 89' lang='lat' dir='ltr'>quia</span> <span class='ocrx_word' id='word_1_214' title='bbox 1102 1511 1178 1550; x_wconf 84' lang='lat' dir='ltr'>effe-</span> 
     </span>
     <span class='ocr_line' id='line_1_35' title="bbox 247 1562 1179 1611; baseline -0.003 -9"><span class='ocrx_word' id='word_1_215' title='bbox 247 1566 321 1603; x_wconf 72' lang='lat' dir='ltr'>etus</span> <span class='ocrx_word' id='word_1_216' title='bbox 345 1564 433 1603; x_wconf 88' lang='lat' dir='ltr'>cons</span> <span class='ocrx_word' id='word_1_217' title='bbox 467 1568 579 1607; x_wconf 77' lang='lat' dir='ltr'>uitur,</span> <span class='ocrx_word' id='word_1_218' title='bbox 603 1575 672 1600; x_wconf 88' lang='lat' dir='ltr'>non</span> <span class='ocrx_word' id='word_1_219' title='bbox 703 1562 871 1610; x_wconf 73' lang='lat' dir='ltr'>possumus</span> <span class='ocrx_word' id='word_1_220' title='bbox 900 1562 1010 1599; x_wconf 83' lang='lat' dir='ltr'>dicere</span> <span class='ocrx_word' id='word_1_221' title='bbox 1041 1562 1179 1611; x_wconf 87' lang='lat' dir='ltr'>potesta·</span> 
     </span>
     <span class='ocr_line' id='line_1_36' title="bbox 247 1612 1178 1660; baseline -0.004 -8"><span class='ocrx_word' id='word_1_222' title='bbox 247 1626 318 1653; x_wconf 84' lang='lat' dir='ltr'>tem</span> <span class='ocrx_word' id='word_1_223' title='bbox 347 1614 434 1654; x_wconf 74' lang='lat' dir='ltr'>defui</span> <span class='ocrx_word' id='word_1_224' title='bbox 459 1628 478 1654; x_wconf 85' lang='lat' dir='ltr'>e</span> <span class='ocrx_word' id='word_1_225' title='bbox 505 1614 635 1654; x_wconf 78' lang='lat' dir='ltr'>facienti</span> <span class='ocrx_word' id='word_1_226' title='bbox 655 1638 664 1647; x_wconf 89' lang='lat'><strong>·</strong></span> <span class='ocrx_word' id='word_1_227' title='bbox 699 1615 732 1651; x_wconf 88' lang='lat' dir='ltr'>Si</span> <span class='ocrx_word' id='word_1_228' title='bbox 773 1617 861 1650; x_wconf 87' lang='lat' dir='ltr'>enim</span> <span class='ocrx_word' id='word_1_229' title='bbox 891 1616 1022 1660; x_wconf 86' lang='lat' dir='ltr'>cogenti</span> <span class='ocrx_word' id='word_1_230' title='bbox 1059 1612 1178 1650; x_wconf 80' lang='lat' dir='ltr'>cedens</span> 
     </span>
     <span class='ocr_line' id='line_1_37' title="bbox 247 1660 1180 1714; baseline -0.001 -14"><span class='ocrx_word' id='word_1_231' title='bbox 247 1664 350 1703; x_wconf 85' lang='lat' dir='ltr'>vellet</span> <span class='ocrx_word' id='word_1_232' title='bbox 368 1665 492 1707; x_wconf 82' lang='lat' dir='ltr'>facere,</span> <span class='ocrx_word' id='word_1_233' title='bbox 517 1677 579 1701; x_wconf 90' lang='lat' dir='ltr'>nec</span> <span class='ocrx_word' id='word_1_234' title='bbox 608 1660 729 1714; x_wconf 69' lang='lat' dir='ltr'>possets</span> <span class='ocrx_word' id='word_1_235' title='bbox 761 1667 791 1700; x_wconf 90' lang='lat' dir='ltr'>ei</span> <span class='ocrx_word' id='word_1_236' title='bbox 820 1662 1022 1700; x_wconf 84' lang='lat' dir='ltr'>voluntatem</span> <span class='ocrx_word' id='word_1_237' title='bbox 1049 1660 1180 1700; x_wconf 72' lang='lat' dir='ltr'>adfuiss‘e</span> 
     </span>
     <span class='ocr_line' id='line_1_38' title="bbox 246 1711 1179 1762; baseline -0.002 -9"><span class='ocrx_word' id='word_1_238' title='bbox 246 1714 327 1753; x_wconf 84' lang='lat' dir='ltr'>licet</span> <span class='ocrx_word' id='word_1_239' title='bbox 343 1726 528 1758; x_wconf 76' lang='lat' dir='ltr'>extortam,</span> <span class='ocrx_word' id='word_1_240' title='bbox 550 1713 607 1752; x_wconf 85' lang='lat' dir='ltr'>sed</span> <span class='ocrx_word' id='word_1_241' title='bbox 635 1712 831 1762; x_wconf 87' lang='lat' dir='ltr'>potestatem</span> <span class='ocrx_word' id='word_1_242' title='bbox 841 1711 974 1751; x_wconf 77' lang='lat' dir='ltr'>defuiss&#39;e</span> <span class='ocrx_word' id='word_1_243' title='bbox 984 1713 1179 1751; x_wconf 83' lang='lat' dir='ltr'>diceremus.</span> 
     </span>
     <span class='ocr_line' id='line_1_39' title="bbox 247 1762 1181 1811; baseline -0.003 -9"><span class='ocrx_word' id='word_1_244' title='bbox 247 1767 340 1802; x_wconf 89' lang='lat' dir='ltr'>Cum</span> <span class='ocrx_word' id='word_1_245' title='bbox 369 1778 452 1803; x_wconf 79' lang='lat' dir='ltr'>vem</span> <span class='ocrx_word' id='word_1_246' title='bbox 480 1764 558 1803; x_wconf 88' lang='lat' dir='ltr'>ideo</span> <span class='ocrx_word' id='word_1_247' title='bbox 575 1778 645 1802; x_wconf 86' lang='lat' dir='ltr'>non</span> <span class='ocrx_word' id='word_1_248' title='bbox 665 1763 824 1807; x_wconf 82' lang='lat' dir='ltr'>faciebat,</span> <span class='ocrx_word' id='word_1_249' title='bbox 846 1767 923 1811; x_wconf 89' lang='lat' dir='ltr'>quia</span> <span class='ocrx_word' id='word_1_250' title='bbox 934 1762 1086 1806; x_wconf 81' lang='lat' dir='ltr'>nolebat,</span> <span class='ocrx_word' id='word_1_251' title='bbox 1112 1774 1181 1799; x_wconf 85' lang='lat' dir='ltr'>erat</span> 
     </span>
     <span class='ocr_line' id='line_1_40' title="bbox 245 1813 1181 1867; baseline -0.001 -14"><span class='ocrx_word' id='word_1_252' title='bbox 245 1818 365 1863; x_wconf 80' lang='lat' dir='ltr'>utique</span> <span class='ocrx_word' id='word_1_253' title='bbox 389 1813 529 1867; x_wconf 81' lang='lat' dir='ltr'>potestas</span> <span class='ocrx_word' id='word_1_254' title='bbox 549 1841 561 1858; x_wconf 90' lang='lat'>,</span> <span class='ocrx_word' id='word_1_255' title='bbox 594 1815 649 1855; x_wconf 83' lang='lat' dir='ltr'>sed</span> <span class='ocrx_word' id='word_1_256' title='bbox 677 1814 828 1852; x_wconf 87' lang='lat' dir='ltr'>voluntas</span> <span class='ocrx_word' id='word_1_257' title='bbox 855 1814 985 1856; x_wconf 86' lang='lat' dir='ltr'>deerat,</span> <span class='ocrx_word' id='word_1_258' title='bbox 1020 1813 1181 1860; x_wconf 78' lang='lat' dir='ltr'>quamdiu</span> 
     </span>
     <span class='ocr_line' id='line_1_41' title="bbox 244 1863 1180 1911; baseline -0.006 -6"><span class='ocrx_word' id='word_1_259' title='bbox 244 1867 380 1911; x_wconf 77' lang='lat' dir='ltr'>cogenti</span> <span class='ocrx_word' id='word_1_260' title='bbox 399 1865 596 1903; x_wconf 62' lang='lat' dir='ltr'>reluaando</span> <span class='ocrx_word' id='word_1_261' title='bbox 613 1877 682 1902; x_wconf 88' lang='lat' dir='ltr'>non</span> <span class='ocrx_word' id='word_1_262' title='bbox 713 1863 812 1901; x_wconf 84' lang='lat' dir='ltr'>fecit.</span> <span class='ocrx_word' id='word_1_263' title='bbox 836 1866 929 1903; x_wconf 84' lang='lat' dir='ltr'>Hinc</span> <span class='ocrx_word' id='word_1_264' title='bbox 955 1863 1002 1900; x_wconf 89' lang='lat' dir='ltr'>est</span> <span class='ocrx_word' id='word_1_265' title='bbox 1030 1864 1122 1911; x_wconf 87' lang='lat' dir='ltr'>quod</span> <span class='ocrx_word' id='word_1_266' title='bbox 1134 1874 1180 1900; x_wconf 91' lang='lat' dir='ltr'>et-</span> 
     </span>
     <span class='ocr_line' id='line_1_42' title="bbox 243 1913 1182 1963; baseline -0.002 -12"><span class='ocrx_word' id='word_1_267' title='bbox 243 1918 313 1954; x_wconf 84' lang='lat' dir='ltr'>iam</span> <span class='ocrx_word' id='word_1_268' title='bbox 343 1914 389 1952; x_wconf 88' lang='lat' dir='ltr'>illi</span> <span class='ocrx_word' id='word_1_269' title='bbox 415 1917 472 1962; x_wconf 87' lang='lat' dir='ltr'>qui</span> <span class='ocrx_word' id='word_1_270' title='bbox 498 1925 650 1962; x_wconf 86' lang='lat' dir='ltr'>cogunt,</span> <span class='ocrx_word' id='word_1_271' title='bbox 674 1913 730 1950; x_wconf 72' lang='lat' dir='ltr'>vei</span> <span class='ocrx_word' id='word_1_272' title='bbox 750 1917 808 1963; x_wconf 90' lang='lat' dir='ltr'>qui</span> <span class='ocrx_word' id='word_1_273' title='bbox 830 1913 964 1952; x_wconf 80' lang='lat' dir='ltr'>suadent</span> <span class='ocrx_word' id='word_1_274' title='bbox 975 1913 1182 1951; x_wconf 85' lang='lat' dir='ltr'>solentdice-</span> 
     </span>
     <span class='ocr_line' id='line_1_43' title="bbox 243 1962 1182 2012; baseline 0 -11"><span class='ocrx_word' id='word_1_275' title='bbox 243 1977 303 2006; x_wconf 80' lang='lat' dir='ltr'>re,</span> <span class='ocrx_word' id='word_1_276' title='bbox 330 1965 435 2010; x_wconf 90' lang='lat' dir='ltr'>Quod</span> <span class='ocrx_word' id='word_1_277' title='bbox 452 1962 554 2001; x_wconf 82' lang='lat' dir='ltr'>habes</span> <span class='ocrx_word' id='word_1_278' title='bbox 574 1967 607 2000; x_wconf 89' lang='lat' dir='ltr'>in</span> <span class='ocrx_word' id='word_1_279' title='bbox 628 1963 789 2012; x_wconf 86' lang='lat' dir='ltr'>potestate</span> <span class='ocrx_word' id='word_1_280' title='bbox 809 1976 910 2011; x_wconf 84' lang='lat' dir='ltr'>quare</span> <span class='ocrx_word' id='word_1_281' title='bbox 932 1976 998 1999; x_wconf 87' lang='lat' dir='ltr'>non</span> <span class='ocrx_word' id='word_1_282' title='bbox 1019 1964 1115 2005; x_wconf 81' lang='lat' dir='ltr'>facis,</span> <span class='ocrx_word' id='word_1_283' title='bbox 1143 1975 1182 2001; x_wconf 84' lang='lat' dir='ltr'>ut</span> 
     </span>
     <span class='ocr_line' id='line_1_44' title="bbox 242 2012 1180 2062; baseline -0.001 -10"><span class='ocrx_word' id='word_1_284' title='bbox 242 2012 313 2052; x_wconf 72' lang='lat' dir='ltr'>hoc</span> <span class='ocrx_word' id='word_1_285' title='bbox 334 2014 423 2052; x_wconf 84' lang='lat' dir='ltr'>malo</span> <span class='ocrx_word' id='word_1_286' title='bbox 439 2017 566 2053; x_wconf 79' lang='lat' dir='ltr'>careas?</span> <span class='ocrx_word' id='word_1_287' title='bbox 591 2016 638 2052; x_wconf 85' lang='lat' dir='ltr'>Et</span> <span class='ocrx_word' id='word_1_288' title='bbox 656 2017 713 2062; x_wconf 85' lang='lat' dir='ltr'>qui</span> <span class='ocrx_word' id='word_1_289' title='bbox 736 2016 878 2050; x_wconf 88' lang='lat' dir='ltr'>omnino</span> <span class='ocrx_word' id='word_1_290' title='bbox 905 2013 1011 2051; x_wconf 82' lang='lat' dir='ltr'>facere</span> <span class='ocrx_word' id='word_1_291' title='bbox 1032 2026 1099 2050; x_wconf 89' lang='lat' dir='ltr'>non</span> <span class='ocrx_word' id='word_1_292' title='bbox 1111 2013 1180 2061; x_wconf 87' lang='lat' dir='ltr'>pos-</span> 
     </span>
     <span class='ocr_line' id='line_1_45' title="bbox 241 2061 1181 2112; baseline 0.001 -11"><span class='ocrx_word' id='word_1_293' title='bbox 241 2063 340 2108; x_wconf 81' lang='lat' dir='ltr'>sunt,</span> <span class='ocrx_word' id='word_1_294' title='bbox 366 2077 440 2112; x_wconf 77' lang='lat' dir='ltr'>quae</span> <span class='ocrx_word' id='word_1_295' title='bbox 467 2064 546 2102; x_wconf 88' lang='lat' dir='ltr'>ideo</span> <span class='ocrx_word' id='word_1_296' title='bbox 571 2075 737 2111; x_wconf 87' lang='lat' dir='ltr'>coguntur</span> <span class='ocrx_word' id='word_1_297' title='bbox 767 2077 806 2103; x_wconf 88' lang='lat' dir='ltr'>ur</span> <span class='ocrx_word' id='word_1_298' title='bbox 823 2062 964 2106; x_wconf 85' lang='lat' dir='ltr'>faciant,</span> <span class='ocrx_word' id='word_1_299' title='bbox 989 2067 1066 2112; x_wconf 86' lang='lat' dir='ltr'>quia</span> <span class='ocrx_word' id='word_1_300' title='bbox 1092 2061 1181 2111; x_wconf 74' lang='lat' dir='ltr'>polle</span> 
     </span>
     <span class='ocr_line' id='line_1_46' title="bbox 241 2113 1178 2159; baseline 0 -10"><span class='ocrx_word' id='word_1_301' title='bbox 241 2114 448 2154; x_wconf 76' lang='lat' dir='ltr'>ereduntur,</span> <span class='ocrx_word' id='word_1_302' title='bbox 471 2113 578 2149; x_wconf 83' lang='lat' dir='ltr'>solent</span> <span class='ocrx_word' id='word_1_303' title='bbox 598 2113 784 2148; x_wconf 71' lang='lat' dir='ltr'>exeussndo</span> <span class='ocrx_word' id='word_1_304' title='bbox 814 2113 1012 2159; x_wconf 86' lang='lat' dir='ltr'>respondere</span> <span class='ocrx_word' id='word_1_305' title='bbox 1030 2119 1064 2151; x_wconf 80' lang='grc' dir='ltr'>δε</span> <span class='ocrx_word' id='word_1_306' title='bbox 1092 2114 1178 2150; x_wconf 87' lang='lat' dir='ltr'>dice-</span> 
     </span>
     <span class='ocr_line' id='line_1_47' title="bbox 240 2157 1180 2206; baseline -0.007 -8"><span class='ocrx_word' id='word_1_307' title='bbox 240 2163 297 2203; x_wconf 68' lang='lat' dir='ltr'>re,</span> <span class='ocrx_word' id='word_1_308' title='bbox 323 2163 496 2202; x_wconf 80' lang='lat' dir='ltr'>Facerem,</span> <span class='ocrx_word' id='word_1_309' title='bbox 521 2159 545 2196; x_wconf 83' lang='lat' dir='ltr'>fi</span> <span class='ocrx_word' id='word_1_310' title='bbox 564 2157 637 2194; x_wconf 81' lang='lat' dir='ltr'>effer</span> <span class='ocrx_word' id='word_1_311' title='bbox 654 2162 688 2194; x_wconf 92' lang='lat' dir='ltr'>in</span> <span class='ocrx_word' id='word_1_312' title='bbox 708 2159 885 2204; x_wconf 84' lang='lat' dir='ltr'>potestate.</span> <span class='ocrx_word' id='word_1_313' title='bbox 914 2163 1008 2205; x_wconf 75' lang='lat' dir='ltr'>Quid</span> <span class='ocrx_word' id='word_1_314' title='bbox 1021 2167 1122 2206; x_wconf 86' lang='lat' dir='ltr'>igitur</span> <span class='ocrx_word' id='word_1_315' title='bbox 1132 2163 1180 2200; x_wconf 87' lang='lat' dir='ltr'>ul.</span> 
     </span>
     <span class='ocr_line' id='line_1_48' title="bbox 241 2206 1180 2259; baseline -0.005 -12"><span class='ocrx_word' id='word_1_316' title='bbox 241 2221 294 2247; x_wconf 80' lang='lat' dir='ltr'>tra</span> <span class='ocrx_word' id='word_1_317' title='bbox 309 2213 514 2259; x_wconf 72' lang='lat' dir='ltr'>quaerimuS,</span> <span class='ocrx_word' id='word_1_318' title='bbox 541 2207 677 2257; x_wconf 89' lang='lat' dir='ltr'>quando</span> <span class='ocrx_word' id='word_1_319' title='bbox 695 2206 833 2255; x_wconf 88' lang='lat' dir='ltr'>quidem</span> <span class='ocrx_word' id='word_1_320' title='bbox 854 2206 941 2241; x_wconf 84' lang='lat' dir='ltr'>hanc</span> <span class='ocrx_word' id='word_1_321' title='bbox 959 2208 1100 2244; x_wconf 83' lang='lat' dir='ltr'>dicimus</span> <span class='ocrx_word' id='word_1_322' title='bbox 1120 2222 1180 2254; x_wconf 88' lang='lat' dir='ltr'>po-</span> 
     </span>
     <span class='ocr_line' id='line_1_49' title="bbox 109 2254 1178 2302; baseline -0.006 -6"><span class='ocrx_word' id='word_1_323' title='bbox 109 2279 113 2282; x_wconf 45' lang='lat'>«</span> <span class='ocrx_word' id='word_1_324' title='bbox 166 2294 172 2298; x_wconf 81' lang='grc'><strong>,</strong></span> <span class='ocrx_word' id='word_1_325' title='bbox 242 2259 414 2302; x_wconf 75' lang='lat' dir='ltr'>testatem,</span> <span class='ocrx_word' id='word_1_326' title='bbox 439 2258 497 2299; x_wconf 86' lang='lat' dir='ltr'>ubi</span> <span class='ocrx_word' id='word_1_327' title='bbox 525 2257 688 2294; x_wconf 82' lang='lat' dir='ltr'>voluntati</span> <span class='ocrx_word' id='word_1_328' title='bbox 711 2255 836 2298; x_wconf 85' lang='lat' dir='ltr'>adiacet</span> <span class='ocrx_word' id='word_1_329' title='bbox 862 2254 996 2292; x_wconf 76' lang='lat' dir='ltr'>facultas</span> <span class='ocrx_word' id='word_1_330' title='bbox 1023 2255 1178 2292; x_wconf 76' lang='lat' dir='ltr'>faciendi?</span> 
     </span>
     <span class='ocr_line' id='line_1_50' title="bbox 243 2304 1182 2355; baseline -0.005 -9"><span class='ocrx_word' id='word_1_331' title='bbox 243 2307 344 2347; x_wconf 82' lang='lat' dir='ltr'>Unde</span> <span class='ocrx_word' id='word_1_332' title='bbox 369 2307 439 2344; x_wconf 89' lang='lat' dir='ltr'>hoc</span> <span class='ocrx_word' id='word_1_333' title='bbox 464 2306 604 2355; x_wconf 86' lang='lat' dir='ltr'>quisque</span> <span class='ocrx_word' id='word_1_334' title='bbox 631 2310 666 2343; x_wconf 88' lang='lat' dir='ltr'>in</span> <span class='ocrx_word' id='word_1_335' title='bbox 694 2304 853 2354; x_wconf 86' lang='lat' dir='ltr'>potestate</span> <span class='ocrx_word' id='word_1_336' title='bbox 877 2304 1000 2344; x_wconf 87' lang='lat' dir='ltr'>habere</span> <span class='ocrx_word' id='word_1_337' title='bbox 1025 2307 1150 2343; x_wconf 89' lang='lat' dir='ltr'>dicitur</span> <span class='ocrx_word' id='word_1_338' title='bbox 1169 2333 1182 2352; x_wconf 90' lang='lat'>,</span> 
     </span>
     <span class='ocr_line' id='line_1_51' title="bbox 244 2353 1111 2411; baseline -0.006 -16"><span class='ocrx_word' id='word_1_339' title='bbox 244 2358 337 2411; x_wconf 75' lang='lat' dir='ltr'>quod</span> <span class='ocrx_word' id='word_1_340' title='bbox 363 2356 385 2394; x_wconf 86' lang='lat' dir='ltr'>fi</span> <span class='ocrx_word' id='word_1_341' title='bbox 415 2357 506 2400; x_wconf 89' lang='lat' dir='ltr'>vult,</span> <span class='ocrx_word' id='word_1_342' title='bbox 531 2356 630 2395; x_wconf 63' lang='lat' dir='ltr'>faciti</span> <span class='ocrx_word' id='word_1_343' title='bbox 653 2354 677 2394; x_wconf 83' lang='lat' dir='ltr'>fi</span> <span class='ocrx_word' id='word_1_344' title='bbox 703 2368 770 2393; x_wconf 87' lang='lat' dir='ltr'>non</span> <span class='ocrx_word' id='word_1_345' title='bbox 797 2353 893 2398; x_wconf 88' lang='lat' dir='ltr'>vult,</span> <span class='ocrx_word' id='word_1_346' title='bbox 919 2368 987 2393; x_wconf 90' lang='lat' dir='ltr'>non</span> <span class='ocrx_word' id='word_1_347' title='bbox 1014 2355 1111 2392; x_wconf 71' lang='lat' dir='ltr'>iacit.</span> 
     </span>
     <span class='ocr_line' id='line_1_52' title="bbox 253 2405 1185 2456; baseline -0.004 -10"><span class='ocrx_word' id='word_1_348' title='bbox 253 2429 259 2435; x_wconf 83' lang='lat'><em>-</em></span> <span class='ocrx_word' id='word_1_349' title='bbox 297 2407 443 2446; x_wconf 76' lang='lat' dir='ltr'>Attende</span> <span class='ocrx_word' id='word_1_350' title='bbox 469 2410 531 2456; x_wconf 75' lang='lat' dir='ltr'>jam</span> <span class='ocrx_word' id='word_1_351' title='bbox 558 2405 641 2445; x_wconf 89' lang='lat' dir='ltr'>illud</span> <span class='ocrx_word' id='word_1_352' title='bbox 676 2405 770 2454; x_wconf 88' lang='lat' dir='ltr'>quod</span> <span class='ocrx_word' id='word_1_353' title='bbox 803 2405 1036 2443; x_wconf 85' lang='lat' dir='ltr'>excutiendum</span> <span class='ocrx_word' id='word_1_354' title='bbox 1074 2405 1185 2452; x_wconf 83' lang='lat' dir='ltr'>posui·</span> 
     </span>
     <span class='ocr_line' id='line_1_53' title="bbox 249 2454 1185 2504; baseline -0.003 -11"><span class='ocrx_word' id='word_1_355' title='bbox 249 2468 345 2499; x_wconf 65' lang='lat' dir='ltr'>mus,</span> <span class='ocrx_word' id='word_1_356' title='bbox 368 2467 482 2494; x_wconf 83' lang='lat' dir='ltr'>utrum</span> <span class='ocrx_word' id='word_1_357' title='bbox 509 2456 592 2494; x_wconf 76' lang='lat' dir='ltr'>fides</span> <span class='ocrx_word' id='word_1_358' title='bbox 615 2461 649 2493; x_wconf 84' lang='lat' dir='ltr'>in</span> <span class='ocrx_word' id='word_1_359' title='bbox 674 2454 834 2504; x_wconf 81' lang='lat' dir='ltr'>potestate</span> <span class='ocrx_word' id='word_1_360' title='bbox 859 2455 920 2492; x_wconf 79' lang='lat' dir='ltr'>fit?</span> <span class='ocrx_word' id='word_1_361' title='bbox 945 2459 999 2493; x_wconf 94' lang='lat' dir='ltr'>De</span> <span class='ocrx_word' id='word_1_362' title='bbox 1025 2454 1185 2492; x_wconf 78' lang='lat' dir='ltr'>hacenim</span> 
     </span>
     <span class='ocr_line' id='line_1_54' title="bbox 250 2502 1184 2552; baseline -0.005 -10"><span class='ocrx_word' id='word_1_363' title='bbox 250 2507 316 2546; x_wconf 77' lang='lat' dir='ltr'>fide</span> <span class='ocrx_word' id='word_1_364' title='bbox 342 2518 428 2542; x_wconf 88' lang='lat' dir='ltr'>nune</span> <span class='ocrx_word' id='word_1_365' title='bbox 453 2505 644 2552; x_wconf 74' lang='lat' dir='ltr'>loquimur,</span> <span class='ocrx_word' id='word_1_366' title='bbox 680 2516 778 2552; x_wconf 85' lang='lat' dir='ltr'>quam</span> <span class='ocrx_word' id='word_1_367' title='bbox 804 2503 1000 2540; x_wconf 79' lang='lat' dir='ltr'>adhibemus</span> <span class='ocrx_word' id='word_1_368' title='bbox 1025 2515 1102 2539; x_wconf 90' lang='lat' dir='ltr'>cum</span> <span class='ocrx_word' id='word_1_369' title='bbox 1127 2502 1184 2538; x_wconf 85' lang='lat' dir='ltr'>ali·</span> 
     </span>
     <span class='ocr_line' id='line_1_55' title="bbox 5 2551 1186 2606; baseline -0.005 -12"><span class='ocrx_word' id='word_1_370' title='bbox 5 2582 14 2603; x_wconf 59' lang='lat'>=1</span> <span class='ocrx_word' id='word_1_371' title='bbox 105 2601 110 2605; x_wconf 24' lang='lat'><strong>⁹</strong></span> <span class='ocrx_word' id='word_1_372' title='bbox 250 2557 330 2606; x_wconf 85' lang='lat' dir='ltr'>quid</span> <span class='ocrx_word' id='word_1_373' title='bbox 357 2556 524 2594; x_wconf 80' lang='lat' dir='ltr'>credimus</span> <span class='ocrx_word' id='word_1_374' title='bbox 544 2581 557 2599; x_wconf 86' lang='lat'>,</span> <span class='ocrx_word' id='word_1_375' title='bbox 589 2566 658 2591; x_wconf 84' lang='lat' dir='ltr'>non</span> <span class='ocrx_word' id='word_1_376' title='bbox 682 2566 780 2600; x_wconf 85' lang='lat' dir='ltr'>quam</span> <span class='ocrx_word' id='word_1_377' title='bbox 806 2552 920 2591; x_wconf 81' lang='lat' dir='ltr'>damus</span> <span class='ocrx_word' id='word_1_378' title='bbox 953 2564 1031 2589; x_wconf 90' lang='lat' dir='ltr'>cum</span> <span class='ocrx_word' id='word_1_379' title='bbox 1059 2551 1186 2598; x_wconf 88' lang='lat' dir='ltr'>aliquid</span> 
     </span>
     <span class='ocr_line' id='line_1_56' title="bbox 74 2598 1186 2655; baseline -0.007 -11"><span class='ocrx_word' id='word_1_380' title='bbox 74 2598 163 2632; x_wconf 69' lang='lat' dir='ltr'>F¹d⁰⁵</span> <span class='ocrx_word' id='word_1_381' title='bbox 182 2599 233 2631; x_wconf 67' lang='lat' dir='ltr'>du·</span> <span class='ocrx_word' id='word_1_382' title='bbox 251 2607 471 2655; x_wconf 57' lang='lat' dir='ltr'>pollicemur}</span> <span class='ocrx_word' id='word_1_383' title='bbox 497 2617 571 2641; x_wconf 88' lang='lat' dir='ltr'>nam</span> <span class='ocrx_word' id='word_1_384' title='bbox 598 2608 632 2641; x_wconf 68' lang='lat' dir='ltr'>dc</span> <span class='ocrx_word' id='word_1_385' title='bbox 659 2602 726 2650; x_wconf 78' lang='lat' dir='ltr'>ipsa</span> <span class='ocrx_word' id='word_1_386' title='bbox 749 2604 871 2640; x_wconf 84' lang='lat' dir='ltr'>dicitur</span> <span class='ocrx_word' id='word_1_387' title='bbox 897 2601 977 2638; x_wconf 87' lang='lat' dir='ltr'>fides</span> <span class='ocrx_word' id='word_1_388' title='bbox 996 2626 1006 2635; x_wconf 85' lang='lat'><strong><em>.</em></strong></span> <span class='ocrx_word' id='word_1_389' title='bbox 1042 2601 1104 2638; x_wconf 89' lang='lat' dir='ltr'>Sed</span> <span class='ocrx_word' id='word_1_390' title='bbox 1128 2599 1186 2637; x_wconf 89' lang='lat' dir='ltr'>ali·</span> 
     </span>
     <span class='ocr_line' id='line_1_57' title="bbox 251 2650 1188 2699; baseline -0.009 -5"><span class='ocrx_word' id='word_1_391' title='bbox 251 2669 304 2694; x_wconf 86' lang='lat' dir='ltr'>ter</span> <span class='ocrx_word' id='word_1_392' title='bbox 327 2658 488 2699; x_wconf 78' lang='lat' dir='ltr'>dicimus,</span> <span class='ocrx_word' id='word_1_393' title='bbox 523 2658 604 2694; x_wconf 88' lang='lat' dir='ltr'>Non</span> <span class='ocrx_word' id='word_1_394' title='bbox 633 2651 716 2690; x_wconf 86' lang='lat' dir='ltr'>mihi</span> <span class='ocrx_word' id='word_1_395' title='bbox 744 2651 860 2690; x_wconf 84' lang='lat' dir='ltr'>habuit</span> <span class='ocrx_word' id='word_1_396' title='bbox 889 2651 1019 2688; x_wconf 81' lang='lat' dir='ltr'>fidem:</span> <span class='ocrx_word' id='word_1_397' title='bbox 1054 2650 1149 2688; x_wconf 84' lang='lat' dir='ltr'>aliter</span> <span class='ocrx_word' id='word_1_398' title='bbox 1175 2677 1188 2695; x_wconf 88' lang='lat'><em>‚</em></span> 
     </span>
     <span class='ocr_line' id='line_1_58' title="bbox 251 2701 1189 2746; baseline -0.004 -3"><span class='ocrx_word' id='word_1_399' title='bbox 251 2710 335 2746; x_wconf 86' lang='lat' dir='ltr'>Non</span> <span class='ocrx_word' id='word_1_400' title='bbox 364 2705 448 2746; x_wconf 81' lang='lat' dir='ltr'>mihi</span> <span class='ocrx_word' id='word_1_401' title='bbox 478 2704 617 2742; x_wconf 81' lang='lat' dir='ltr'>servavit</span> <span class='ocrx_word' id='word_1_402' title='bbox 639 2704 761 2743; x_wconf 78' lang='lat' dir='ltr'>fidem·</span> <span class='ocrx_word' id='word_1_403' title='bbox 788 2706 876 2740; x_wconf 83' lang='lat' dir='ltr'>Nam</span> <span class='ocrx_word' id='word_1_404' title='bbox 903 2701 985 2739; x_wconf 89' lang='lat' dir='ltr'>illud</span> <span class='ocrx_word' id='word_1_405' title='bbox 1012 2701 1081 2744; x_wconf 88' lang='lat' dir='ltr'>est,</span> <span class='ocrx_word' id='word_1_406' title='bbox 1105 2704 1189 2739; x_wconf 80' lang='lat' dir='ltr'>Non</span> 
     </span>
     <span class='ocr_line' id='line_1_59' title="bbox 250 2751 1186 2804; baseline -0.007 -9"><span class='ocrx_word' id='word_1_407' title='bbox 250 2757 393 2795; x_wconf 83' lang='lat' dir='ltr'>credidit</span> <span class='ocrx_word' id='word_1_408' title='bbox 418 2756 508 2804; x_wconf 84' lang='lat' dir='ltr'>quod</span> <span class='ocrx_word' id='word_1_409' title='bbox 535 2755 632 2791; x_wconf 80' lang='lat' dir='ltr'>dixi:</span> <span class='ocrx_word' id='word_1_410' title='bbox 660 2752 740 2789; x_wconf 85' lang='lat' dir='ltr'>illud</span> <span class='ocrx_word' id='word_1_411' title='bbox 762 2778 774 2795; x_wconf 96' lang='lat'>,</span> <span class='ocrx_word' id='word_1_412' title='bbox 801 2756 883 2791; x_wconf 90' lang='lat' dir='ltr'>Non</span> <span class='ocrx_word' id='word_1_413' title='bbox 911 2751 988 2790; x_wconf 81' lang='lat' dir='ltr'>feeit</span> <span class='ocrx_word' id='word_1_414' title='bbox 1015 2751 1108 2798; x_wconf 86' lang='lat' dir='ltr'>quod</span> <span class='ocrx_word' id='word_1_415' title='bbox 1136 2751 1186 2788; x_wconf 89' lang='lat' dir='ltr'>di-</span> 
     </span>
     <span class='ocr_line' id='line_1_60' title="bbox 251 2801 1186 2849; baseline -0.006 -4"><span class='ocrx_word' id='word_1_416' title='bbox 251 2812 302 2845; x_wconf 80' lang='lat' dir='ltr'>xit</span> <span class='ocrx_word' id='word_1_417' title='bbox 318 2832 327 2842; x_wconf 89' lang='lat'><strong>.</strong></span> <span class='ocrx_word' id='word_1_418' title='bbox 354 2806 546 2845; x_wconf 42' lang='lat' dir='ltr'>Secundum&gt;</span> <span class='ocrx_word' id='word_1_419' title='bbox 566 2803 650 2841; x_wconf 86' lang='lat' dir='ltr'>hanc</span> <span class='ocrx_word' id='word_1_420' title='bbox 676 2803 776 2841; x_wconf 85' lang='lat' dir='ltr'>fidem</span> <span class='ocrx_word' id='word_1_421' title='bbox 803 2816 866 2849; x_wconf 84' lang='lat' dir='ltr'>qua</span> <span class='ocrx_word' id='word_1_422' title='bbox 892 2801 1080 2844; x_wconf 84' lang='lat' dir='ltr'>credimus,</span> <span class='ocrx_word' id='word_1_423' title='bbox 1106 2801 1186 2839; x_wconf 81' lang='lat' dir='ltr'>fide·</span> 
     </span>
     <span class='ocr_line' id='line_1_61' title="bbox 251 2851 1186 2899; baseline -0.004 -5"><span class='ocrx_word' id='word_1_424' title='bbox 251 2857 298 2894; x_wconf 89' lang='lat' dir='ltr'>les</span> <span class='ocrx_word' id='word_1_425' title='bbox 325 2857 432 2894; x_wconf 83' lang='lat' dir='ltr'>sumus</span> <span class='ocrx_word' id='word_1_426' title='bbox 459 2858 555 2893; x_wconf 85' lang='lat' dir='ltr'>Deo:</span> <span class='ocrx_word' id='word_1_427' title='bbox 581 2853 756 2892; x_wconf 87' lang='lat' dir='ltr'>secundum</span> <span class='ocrx_word' id='word_1_428' title='bbox 782 2852 869 2891; x_wconf 79' lang='lat' dir='ltr'>illam</span> <span class='ocrx_word' id='word_1_429' title='bbox 882 2864 1033 2899; x_wconf 83' lang='lat' dir='ltr'>veroqua</span> <span class='ocrx_word' id='word_1_430' title='bbox 1044 2851 1186 2897; x_wconf 85' lang='lat' dir='ltr'>fitquod</span> 
     </span>
     <span class='ocr_line' id='line_1_62' title="bbox 252 2901 1184 2955; baseline -0.004 -13"><span class='ocrx_word' id='word_1_431' title='bbox 252 2909 461 2955; x_wconf 76' lang='lat' dir='ltr'>promittitur</span> <span class='ocrx_word' id='word_1_432' title='bbox 479 2930 492 2948; x_wconf 87' lang='lat'>,</span> <span class='ocrx_word' id='word_1_433' title='bbox 526 2908 622 2942; x_wconf 86' lang='lat' dir='ltr'>etiam</span> <span class='ocrx_word' id='word_1_434' title='bbox 647 2907 738 2942; x_wconf 84' lang='lat' dir='ltr'>Deus</span> <span class='ocrx_word' id='word_1_435' title='bbox 763 2902 829 2952; x_wconf 81' lang='lat' dir='ltr'>ipse</span> <span class='ocrx_word' id='word_1_436' title='bbox 855 2902 960 2939; x_wconf 82' lang='lat' dir='ltr'>fidelis</span> <span class='ocrx_word' id='word_1_437' title='bbox 985 2901 1031 2938; x_wconf 89' lang='lat' dir='ltr'>est</span> <span class='ocrx_word' id='word_1_438' title='bbox 1057 2901 1151 2940; x_wconf 87' lang='lat' dir='ltr'>nobis</span> <span class='ocrx_word' id='word_1_439' title='bbox 1175 2929 1184 2942; x_wconf 93' lang='lat'>.</span> 
     </span>
     <span class='ocr_line' id='line_1_63' title="bbox 251 2950 1185 3002; baseline -0.009 -8"><span class='ocrx_word' id='word_1_440' title='bbox 251 2960 332 2999; x_wconf 81' lang='lat' dir='ltr'>Hoc</span> <span class='ocrx_word' id='word_1_441' title='bbox 358 2960 445 2994; x_wconf 88' lang='lat' dir='ltr'>enim</span> <span class='ocrx_word' id='word_1_442' title='bbox 471 2956 551 2991; x_wconf 87' lang='lat' dir='ltr'>dicit</span> <span class='ocrx_word' id='word_1_443' title='bbox 575 2953 760 3002; x_wconf 82' lang='lat' dir='ltr'>Apostolus</span> <span class='ocrx_word' id='word_1_444' title='bbox 778 2978 790 2996; x_wconf 92' lang='lat'>,</span> <span class='ocrx_word' id='word_1_445' title='bbox 824 2950 950 2987; x_wconf 77' lang='lat' dir='ltr'>Fidelis</span> <span class='ocrx_word' id='word_1_446' title='bbox 980 2952 1095 2994; x_wconf 75' lang='lat' dir='ltr'>Deus,</span> <span class='ocrx_word' id='word_1_447' title='bbox 1128 2951 1185 2997; x_wconf 73' lang='lat' dir='ltr'>qui</span> 
     </span>
     <span class='ocr_line' id='line_1_64' title="bbox 251 2999 1184 3052; baseline -0.008 -11"><span class='ocrx_word' id='word_1_448' title='bbox 251 3019 313 3043; x_wconf 74' lang='lat' dir='ltr'>mn</span> <span class='ocrx_word' id='word_1_449' title='bbox 333 3019 394 3041; x_wconf 84' lang='lat' dir='ltr'>vos</span> <span class='ocrx_word' id='word_1_450' title='bbox 412 3007 577 3052; x_wconf 75' lang='lat' dir='ltr'>permittat</span> <span class='ocrx_word' id='word_1_451' title='bbox 597 3002 716 3038; x_wconf 73' lang='lat' dir='ltr'>tentari</span> <span class='ocrx_word' id='word_1_452' title='bbox 737 3003 836 3049; x_wconf 81' lang='lat' dir='ltr'>super</span> <span class='ocrx_word' id='word_1_453' title='bbox 858 3001 897 3038; x_wconf 81' lang='lat' dir='ltr'>id</span> <span class='ocrx_word' id='word_1_454' title='bbox 925 3001 1010 3047; x_wconf 82' lang='lat' dir='ltr'>quod</span> <span class='ocrx_word' id='word_1_455' title='bbox 1035 2999 1184 3047; x_wconf 66' lang='lat' dir='ltr'>potestis.</span> 
     </span>
     <span class='ocr_line' id='line_1_65' title="bbox 252 3054 1185 3103; baseline -0.005 -9"><span class='ocrx_word' id='word_1_456' title='bbox 252 3060 308 3094; x_wconf 89' lang='lat' dir='ltr'>De</span> <span class='ocrx_word' id='word_1_457' title='bbox 332 3056 389 3096; x_wconf 88' lang='lat' dir='ltr'>illa</span> <span class='ocrx_word' id='word_1_458' title='bbox 413 3060 524 3103; x_wconf 89' lang='lat' dir='ltr'>itaque</span> <span class='ocrx_word' id='word_1_459' title='bbox 549 3054 614 3092; x_wconf 86' lang='lat' dir='ltr'>fide</span> <span class='ocrx_word' id='word_1_460' title='bbox 639 3056 817 3102; x_wconf 65' lang='lat' dir='ltr'>quai-imus</span> <span class='ocrx_word' id='word_1_461' title='bbox 836 3077 850 3096; x_wconf 88' lang='lat'>,</span> <span class='ocrx_word' id='word_1_462' title='bbox 884 3064 997 3090; x_wconf 85' lang='lat' dir='ltr'>utrum</span> <span class='ocrx_word' id='word_1_463' title='bbox 1032 3055 1064 3088; x_wconf 88' lang='lat' dir='ltr'>in</span> <span class='ocrx_word' id='word_1_464' title='bbox 1094 3064 1185 3099; x_wconf 89' lang='lat' dir='ltr'>pote-</span> 
     </span>
     <span class='ocr_line' id='line_1_66' title="bbox 252 3102 1184 3154; baseline -0.004 -12"><span class='ocrx_word' id='word_1_465' title='bbox 252 3106 333 3146; x_wconf 82' lang='lat' dir='ltr'>state</span> <span class='ocrx_word' id='word_1_466' title='bbox 359 3105 422 3147; x_wconf 77' lang='lat' dir='ltr'>fit,</span> <span class='ocrx_word' id='word_1_467' title='bbox 457 3118 523 3154; x_wconf 83' lang='lat' dir='ltr'>qua</span> <span class='ocrx_word' id='word_1_468' title='bbox 547 3105 710 3142; x_wconf 86' lang='lat' dir='ltr'>eredimus</span> <span class='ocrx_word' id='word_1_469' title='bbox 735 3106 813 3142; x_wconf 84' lang='lat' dir='ltr'>Deo</span> <span class='ocrx_word' id='word_1_470' title='bbox 832 3128 844 3145; x_wconf 91' lang='lat'>,</span> <span class='ocrx_word' id='word_1_471' title='bbox 879 3102 931 3140; x_wconf 88' lang='lat' dir='ltr'>vel</span> <span class='ocrx_word' id='word_1_472' title='bbox 963 3103 1125 3141; x_wconf 82' lang='lat' dir='ltr'>eredimus</span> <span class='ocrx_word' id='word_1_473' title='bbox 1150 3106 1184 3139; x_wconf 89' lang='lat' dir='ltr'>in</span> 
     </span>
     <span class='ocr_line' id='line_1_67' title="bbox 65 3150 1184 3201; baseline -0.007 -6"><span class='ocrx_word' id='word_1_474' title='bbox 65 3156 233 3189; x_wconf 65' lang='lat' dir='ltr'>Gen-155.</span> <span class='ocrx_word' id='word_1_475' title='bbox 254 3159 388 3194; x_wconf 89' lang='lat' dir='ltr'>Deum.</span> <span class='ocrx_word' id='word_1_476' title='bbox 416 3156 504 3193; x_wconf 87' lang='lat' dir='ltr'>Hinc</span> <span class='ocrx_word' id='word_1_477' title='bbox 530 3159 619 3193; x_wconf 78' lang='lat' dir='ltr'>enim</span> <span class='ocrx_word' id='word_1_478' title='bbox 644 3153 799 3201; x_wconf 87' lang='lat' dir='ltr'>scriptum</span> <span class='ocrx_word' id='word_1_479' title='bbox 824 3151 891 3196; x_wconf 87' lang='lat' dir='ltr'>est,</span> <span class='ocrx_word' id='word_1_480' title='bbox 916 3150 1066 3187; x_wconf 77' lang='lat' dir='ltr'>Credidit</span> <span class='ocrx_word' id='word_1_481' title='bbox 1077 3152 1184 3187; x_wconf 80' lang='lat' dir='ltr'>Abra-</span> 
     </span>
    </p>
   </div>
   <div class='ocr_carea' id='block_1_9' title="bbox 73 3198 1184 3275">
    <p class='ocr_par' dir='ltr' id='par_1_9' title="bbox 73 3198 1184 3275">
     <span class='ocr_line' id='line_1_68' title="bbox 73 3198 1184 3275; baseline -0.005 -35"><span class='ocrx_word' id='word_1_482' title='bbox 73 3198 235 3275; x_wconf 39' lang='lat' dir='ltr'>{3⁷34sp</span> <span class='ocrx_word' id='word_1_483' title='bbox 255 3205 330 3239; x_wconf 82' lang='lat' dir='ltr'>bam</span> <span class='ocrx_word' id='word_1_484' title='bbox 355 3205 451 3247; x_wconf 69' lang='lat' dir='ltr'>Deo,</span> <span class='ocrx_word' id='word_1_485' title='bbox 474 3202 517 3238; x_wconf 68' lang='lat'>&amp;⁶</span> <span class='ocrx_word' id='word_1_486' title='bbox 537 3203 723 3250; x_wconf 75' lang='lat' dir='ltr'>deputatum</span> <span class='ocrx_word' id='word_1_487' title='bbox 743 3201 785 3244; x_wconf 83' lang='lat' dir='ltr'>est</span> <span class='ocrx_word' id='word_1_488' title='bbox 804 3202 856 3237; x_wconf 80' lang='lat' dir='ltr'>illi</span> <span class='ocrx_word' id='word_1_489' title='bbox 875 3201 920 3238; x_wconf 86' lang='lat' dir='ltr'>ad</span> <span class='ocrx_word' id='word_1_490' title='bbox 926 3201 1107 3245; x_wconf 78' lang='lat' dir='ltr'>justitiam:</span> <span class='ocrx_word' id='word_1_491' title='bbox 1135 3207 1184 3246; x_wconf 83' lang='lat'>&amp;‚</span> 
     </span>
    </p>
   </div>
   <div class='ocr_carea' id='block_1_10' title="bbox 74 1013 194 1085">
    <p class='ocr_par' dir='ltr' id='par_1_10' title="bbox 74 1013 194 1085">
     <span class='ocr_line' id='line_1_69' title="bbox 75 1013 194 1046; baseline 0 0"><span class='ocrx_word' id='word_1_492' title='bbox 75 1013 194 1046; x_wconf 78' lang='lat' dir='ltr'>Invitus</span> 
     </span>
     <span class='ocr_line' id='line_1_70' title="bbox 74 1055 166 1085; baseline -0.011 0"><span class='ocrx_word' id='word_1_493' title='bbox 74 1055 166 1085; x_wconf 75' lang='lat' dir='ltr'>facere</span> 
     </span>
    </p>
   </div>
   <div class='ocr_carea' id='block_1_11' title="bbox 64 2399 231 2512">
    <p class='ocr_par' dir='ltr' id='par_1_11' title="bbox 64 2399 231 2512">
     <span class='ocr_line' id='line_1_71' title="bbox 64 2399 194 2434; baseline -0.031 0"><span class='ocrx_word' id='word_1_494' title='bbox 64 2403 113 2434; x_wconf 83' lang='lat' dir='ltr'>An</span> <span class='ocrx_word' id='word_1_495' title='bbox 125 2399 194 2431; x_wconf 84' lang='lat' dir='ltr'>fides</span> 
     </span>
     <span class='ocr_line' id='line_1_72' title="bbox 66 2438 231 2512; baseline -0.012 0"><span class='ocrx_word' id='word_1_496' title='bbox 66 2438 231 2512; x_wconf 55' lang='lat' dir='ltr'>{lffi‘fffl&#39;</span> 
     </span>
    </p>
   </div>
   <div class='ocr_carea' id='block_1_12' title="bbox 15 3250 1184 3801">
    <p class='ocr_par' dir='ltr' id='par_1_12' title="bbox 15 3250 1184 3801">
     <span class='ocr_line' id='line_1_73' title="bbox 256 3250 1184 3299; baseline -0.004 -11"><span class='ocrx_word' id='word_1_497' title='bbox 256 3253 417 3289; x_wconf 77' lang='lat' dir='ltr'>Credenti</span> <span class='ocrx_word' id='word_1_498' title='bbox 435 3253 469 3286; x_wconf 78' lang='lat' dir='ltr'>in</span> <span class='ocrx_word' id='word_1_499' title='bbox 495 3263 564 3287; x_wconf 82' lang='lat' dir='ltr'>eum</span> <span class='ocrx_word' id='word_1_500' title='bbox 582 3251 637 3298; x_wconf 77' lang='lat' dir='ltr'>qui</span> <span class='ocrx_word' id='word_1_501' title='bbox 652 3252 808 3296; x_wconf 76' lang='lat' dir='ltr'>justificat</span> <span class='ocrx_word' id='word_1_502' title='bbox 827 3250 980 3298; x_wconf 81' lang='lat' dir='ltr'>impium,</span> <span class='ocrx_word' id='word_1_503' title='bbox 1007 3251 1184 3299; x_wconf 80' lang='lat' dir='ltr'>deputatur</span> 
     </span>
     <span class='ocr_line' id='line_1_74' title="bbox 249 3300 1184 3350; baseline 0.003 -13"><span class='ocrx_word' id='word_1_504' title='bbox 249 3305 334 3349; x_wconf 73' lang='lat' dir='ltr'>fides</span> <span class='ocrx_word' id='word_1_505' title='bbox 354 3305 423 3350; x_wconf 81' lang='lat' dir='ltr'>ejus</span> <span class='ocrx_word' id='word_1_506' title='bbox 449 3302 494 3337; x_wconf 82' lang='lat' dir='ltr'>ad</span> <span class='ocrx_word' id='word_1_507' title='bbox 507 3300 683 3346; x_wconf 76' lang='lat' dir='ltr'>justitiam.</span> <span class='ocrx_word' id='word_1_508' title='bbox 709 3304 798 3340; x_wconf 88' lang='lat' dir='ltr'>Vide</span> <span class='ocrx_word' id='word_1_509' title='bbox 823 3315 912 3340; x_wconf 84' lang='lat' dir='ltr'>nunc</span> <span class='ocrx_word' id='word_1_510' title='bbox 923 3314 1035 3342; x_wconf 87' lang='lat' dir='ltr'>utrum</span> <span class='ocrx_word' id='word_1_511' title='bbox 1047 3302 1184 3350; x_wconf 81' lang='lat' dir='ltr'>quisque</span> 
     </span>
     <span class='ocr_line' id='line_1_75' title="bbox 16 3352 1183 3400; baseline -0.005 -6"><span class='ocrx_word' id='word_1_512' title='bbox 16 3391 17 3394; x_wconf 75' lang='grc'>,</span> <span class='ocrx_word' id='word_1_513' title='bbox 107 3394 112 3400; x_wconf 81' lang='grc'><strong>,</strong></span> <span class='ocrx_word' id='word_1_514' title='bbox 187 3391 195 3399; x_wconf 85' lang='grc'><em>,</em></span> <span class='ocrx_word' id='word_1_515' title='bbox 255 3355 388 3396; x_wconf 85' lang='lat' dir='ltr'>credat,</span> <span class='ocrx_word' id='word_1_516' title='bbox 413 3353 435 3391; x_wconf 88' lang='lat' dir='ltr'>fi</span> <span class='ocrx_word' id='word_1_517' title='bbox 462 3353 628 3392; x_wconf 72' lang='lat' dir='ltr'>noluerits</span> <span class='ocrx_word' id='word_1_518' title='bbox 651 3363 707 3390; x_wconf 87' lang='lat' dir='ltr'>aut</span> <span class='ocrx_word' id='word_1_519' title='bbox 731 3366 799 3389; x_wconf 84' lang='lat' dir='ltr'>non</span> <span class='ocrx_word' id='word_1_520' title='bbox 824 3353 933 3390; x_wconf 82' lang='lat' dir='ltr'>credat</span> <span class='ocrx_word' id='word_1_521' title='bbox 960 3352 982 3388; x_wconf 85' lang='lat' dir='ltr'>fi</span> <span class='ocrx_word' id='word_1_522' title='bbox 1011 3353 1154 3390; x_wconf 87' lang='lat' dir='ltr'>voluerit</span> <span class='ocrx_word' id='word_1_523' title='bbox 1173 3379 1183 3388; x_wconf 92' lang='lat'><strong>.</strong></span> 
     </span>
     <span class='ocr_line' id='line_1_76' title="bbox 15 3393 1184 3464; baseline -0.003 -23"><span class='ocrx_word' id='word_1_524' title='bbox 15 3407 17 3409; x_wconf 74' lang='grc'>’</span> <span class='ocrx_word' id='word_1_525' title='bbox 76 3393 169 3464; x_wconf 42' lang='lat' dir='ltr'>adef}</span> <span class='ocrx_word' id='word_1_526' title='bbox 187 3403 217 3423; x_wconf 82' lang='lat'>¹¹¹</span> <span class='ocrx_word' id='word_1_527' title='bbox 256 3404 364 3450; x_wconf 87' lang='lat' dir='ltr'>Quod</span> <span class='ocrx_word' id='word_1_528' title='bbox 389 3403 412 3439; x_wconf 74' lang='lat' dir='ltr'>fi</span> <span class='ocrx_word' id='word_1_529' title='bbox 436 3402 611 3440; x_wconf 80' lang='lat' dir='ltr'>absurdum</span> <span class='ocrx_word' id='word_1_530' title='bbox 636 3401 700 3440; x_wconf 86' lang='lat' dir='ltr'>est:</span> <span class='ocrx_word' id='word_1_531' title='bbox 726 3403 808 3450; x_wconf 85' lang='lat' dir='ltr'>quid</span> <span class='ocrx_word' id='word_1_532' title='bbox 831 3402 878 3440; x_wconf 83' lang='lat' dir='ltr'>est</span> <span class='ocrx_word' id='word_1_533' title='bbox 902 3406 990 3439; x_wconf 86' lang='lat' dir='ltr'>enim</span> <span class='ocrx_word' id='word_1_534' title='bbox 1015 3403 1147 3440; x_wconf 86' lang='lat' dir='ltr'>credere</span> <span class='ocrx_word' id='word_1_535' title='bbox 1171 3428 1184 3446; x_wconf 88' lang='lat'>,</span> 
     </span>
     <span class='ocr_line' id='line_1_77' title="bbox 73 3441 1183 3515; baseline -0.003 -24"><span class='ocrx_word' id='word_1_536' title='bbox 73 3442 145 3515; x_wconf 50' lang='grc' dir='ltr'>ἓξὲξ</span> <span class='ocrx_word' id='word_1_537' title='bbox 156 3441 237 3504; x_wconf 48' lang='lat'>„⁵:55¹</span> <span class='ocrx_word' id='word_1_538' title='bbox 255 3454 314 3491; x_wconf 76' lang='lat' dir='ltr'>nisi</span> <span class='ocrx_word' id='word_1_539' title='bbox 340 3454 518 3491; x_wconf 81' lang='lat' dir='ltr'>consentire</span> <span class='ocrx_word' id='word_1_540' title='bbox 547 3465 664 3492; x_wconf 81' lang='lat' dir='ltr'>verum</span> <span class='ocrx_word' id='word_1_541' title='bbox 689 3449 746 3491; x_wconf 76' lang='lat' dir='ltr'>eise</span> <span class='ocrx_word' id='word_1_542' title='bbox 770 3454 862 3501; x_wconf 78' lang='lat' dir='ltr'>quod</span> <span class='ocrx_word' id='word_1_543' title='bbox 879 3453 1025 3492; x_wconf 76' lang='lat' dir='ltr'>dieitur?</span> <span class='ocrx_word' id='word_1_544' title='bbox 1048 3452 1183 3492; x_wconf 73' lang='lat' dir='ltr'>consen·</span> 
     </span>
     <span class='ocr_line' id='line_1_78' title="bbox 74 3501 1182 3551; baseline -0.005 -6"><span class='ocrx_word' id='word_1_545' title='bbox 74 3515 120 3546; x_wconf 76' lang='lat' dir='ltr'>lus</span> <span class='ocrx_word' id='word_1_546' title='bbox 136 3513 232 3544; x_wconf 73' lang='lat' dir='ltr'>credit</span> <span class='ocrx_word' id='word_1_547' title='bbox 257 3505 304 3542; x_wconf 84' lang='lat' dir='ltr'>fio</span> <span class='ocrx_word' id='word_1_548' title='bbox 328 3516 440 3541; x_wconf 84' lang='lat' dir='ltr'>autem</span> <span class='ocrx_word' id='word_1_549' title='bbox 467 3508 581 3551; x_wconf 85' lang='lat' dir='ltr'>utique</span> <span class='ocrx_word' id='word_1_550' title='bbox 607 3501 837 3542; x_wconf 73' lang='lat' dir='ltr'>volentis&#39;est:</span> <span class='ocrx_word' id='word_1_551' title='bbox 866 3503 1018 3550; x_wconf 62' lang='lat' dir='ltr'>profesto</span> <span class='ocrx_word' id='word_1_552' title='bbox 1045 3503 1124 3542; x_wconf 81' lang='lat' dir='ltr'>fides</span> <span class='ocrx_word' id='word_1_553' title='bbox 1148 3506 1182 3540; x_wconf 92' lang='lat' dir='ltr'>in</span> 
     </span>
     <span class='ocr_line' id='line_1_79' title="bbox 73 3547 1182 3604; baseline -0.005 -13"><span class='ocrx_word' id='word_1_554' title='bbox 73 3547 128 3601; x_wconf 56' lang='lat' dir='ltr'>¹³in</span> <span class='ocrx_word' id='word_1_555' title='bbox 143 3553 226 3585; x_wconf 84' lang='lat' dir='ltr'>volue</span> <span class='ocrx_word' id='word_1_556' title='bbox 259 3554 417 3604; x_wconf 86' lang='lat' dir='ltr'>potestate</span> <span class='ocrx_word' id='word_1_557' title='bbox 442 3553 506 3591; x_wconf 82' lang='lat' dir='ltr'>cst.</span> <span class='ocrx_word' id='word_1_558' title='bbox 533 3552 596 3589; x_wconf 88' lang='lat' dir='ltr'>Sed</span> <span class='ocrx_word' id='word_1_559' title='bbox 621 3551 700 3589; x_wconf 83' lang='lat' dir='ltr'>sicut</span> <span class='ocrx_word' id='word_1_560' title='bbox 720 3552 903 3600; x_wconf 80' lang='lat' dir='ltr'>Apostolus</span> <span class='ocrx_word' id='word_1_561' title='bbox 927 3553 1031 3596; x_wconf 85' lang='lat' dir='ltr'>dicit,</span> <span class='ocrx_word' id='word_1_562' title='bbox 1056 3550 1182 3593; x_wconf 71' lang='lat' dir='ltr'>Nonesl</span> 
     </span>
     <span class='ocr_line' id='line_1_80' title="bbox 77 3601 1183 3651; baseline -0.002 -12"><span class='ocrx_word' id='word_1_563' title='bbox 77 3603 132 3626; x_wconf 65' lang='lat'>¹¹²·</span> <span class='ocrx_word' id='word_1_564' title='bbox 256 3603 416 3651; x_wconf 80' lang='lat' dir='ltr'>potestas,</span> <span class='ocrx_word' id='word_1_565' title='bbox 441 3601 501 3644; x_wconf 78' lang='lat' dir='ltr'>mst&#39;</span> <span class='ocrx_word' id='word_1_566' title='bbox 516 3614 537 3637; x_wconf 80' lang='lat' dir='ltr'><em>a</em></span> <span class='ocrx_word' id='word_1_567' title='bbox 554 3602 641 3639; x_wconf 51' lang='lat' dir='ltr'>Dent</span> <span class='ocrx_word' id='word_1_568' title='bbox 669 3603 764 3648; x_wconf 84' lang='lat' dir='ltr'>Quid</span> <span class='ocrx_word' id='word_1_569' title='bbox 788 3606 887 3650; x_wconf 74' lang='lat' dir='ltr'>igitur</span> <span class='ocrx_word' id='word_1_570' title='bbox 912 3601 1021 3641; x_wconf 69' lang='lat' dir='ltr'>caussae</span> <span class='ocrx_word' id='word_1_571' title='bbox 1030 3601 1098 3645; x_wconf 82' lang='lat' dir='ltr'>est,</span> <span class='ocrx_word' id='word_1_572' title='bbox 1122 3614 1183 3640; x_wconf 79' lang='lat' dir='ltr'>cur</span> 
     </span>
     <span class='ocr_line' id='line_1_81' title="bbox 81 3651 1183 3743; baseline -0.005 -51"><span class='ocrx_word' id='word_1_573' title='bbox 81 3677 203 3709; x_wconf 76' lang='lat' dir='ltr'>1.Cor.4.</span> <span class='ocrx_word' id='word_1_574' title='bbox 213 3683 241 3710; x_wconf 85' lang='lat'>7·</span> <span class='ocrx_word' id='word_1_575' title='bbox 259 3659 389 3739; x_wconf 68' lang='lat' dir='ltr'>nond&amp;</span> <span class='ocrx_word' id='word_1_576' title='bbox 413 3653 454 3690; x_wconf 88' lang='lat' dir='ltr'>de</span> <span class='ocrx_word' id='word_1_577' title='bbox 478 3652 537 3738; x_wconf 48' lang='lat' dir='ltr'>{scia</span> <span class='ocrx_word' id='word_1_578' title='bbox 556 3651 658 3743; x_wconf 46' lang='lat' dir='ltr'>5291}ss</span> <span class='ocrx_word' id='word_1_579' title='bbox 682 3653 829 3694; x_wconf 81' lang='lat' dir='ltr'>dicatur,</span> <span class='ocrx_word' id='word_1_580' title='bbox 853 3651 942 3695; x_wconf 76' lang='lat' dir='ltr'>Qid</span> <span class='ocrx_word' id='word_1_581' title='bbox 969 3652 1054 3687; x_wconf 76' lang='lat' dir='ltr'>enim</span> <span class='ocrx_word' id='word_1_582' title='bbox 1086 3652 1183 3687; x_wconf 85' lang='lat' dir='ltr'>habes</span> 
     </span>
     <span class='ocr_line' id='line_1_82' title="bbox 18 3702 1184 3801; baseline -0.003 -7"><span class='ocrx_word' id='word_1_583' title='bbox 18 3739 19 3743; x_wconf 75' lang='grc'>’</span> <span class='ocrx_word' id='word_1_584' title='bbox 79 3715 220 3794; x_wconf 59' lang='grc' dir='ltr'>ιὲἰῗὲἣῒς,</span> <span class='ocrx_word' id='word_1_585' title='bbox 258 3710 569 3801; x_wconf 53' lang='grc' dir='ltr'>Ξῗῶηῗῖἰυῗῳέζ</span> <span class='ocrx_word' id='word_1_586' title='bbox 589 3702 1184 3799; x_wconf 45' lang='lat' dir='ltr'>‘am22¹?0gi1‘12212‘115‘3‘252sst&#39;sf23335</span> 
     </span>
    </p>
   </div>
   <div class='ocr_carea' id='block_1_13' title="bbox 80 3794 1184 3866">
    <p class='ocr_par' dir='ltr' id='par_1_13' title="bbox 80 3794 1184 3866">
     <span class='ocr_line' id='line_1_83' title="bbox 80 3794 1184 3866; baseline -0.023 -10"><span class='ocrx_word' id='word_1_587' title='bbox 80 3794 246 3866; x_wconf 47' lang='grc' dir='ltr'>Σεὲῃῗξῖο,</span> <span class='ocrx_word' id='word_1_588' title='bbox 260 3806 345 3849; x_wconf 67' lang='grc' dir='ltr'>ἂίδ,</span> <span class='ocrx_word' id='word_1_589' title='bbox 368 3807 450 3842; x_wconf 81' lang='lat' dir='ltr'>Non</span> <span class='ocrx_word' id='word_1_590' title='bbox 476 3802 523 3844; x_wconf 86' lang='lat' dir='ltr'>est</span> <span class='ocrx_word' id='word_1_591' title='bbox 549 3801 700 3841; x_wconf 86' lang='lat' dir='ltr'>voluntas</span> <span class='ocrx_word' id='word_1_592' title='bbox 711 3801 769 3839; x_wconf 85' lang='lat' dir='ltr'>nifi</span> <span class='ocrx_word' id='word_1_593' title='bbox 793 3814 811 3838; x_wconf 78' lang='lat' dir='ltr'>a</span> <span class='ocrx_word' id='word_1_594' title='bbox 836 3803 944 3841; x_wconf 75' lang='lat' dir='ltr'>Dee.-</span> <span class='ocrx_word' id='word_1_595' title='bbox 959 3803 1102 3842; x_wconf 67' lang='grc' dir='ltr'><strong><em>Ειηᾱε</em></strong></span> <span class='ocrx_word' id='word_1_596' title='bbox 1118 3814 1184 3838; x_wconf 76' lang='lat' dir='ltr'>non</span> 
     </span>
    </p>
   </div>
   <div class='ocr_carea' id='block_1_14' title="bbox 80 3912 163 3945">
    <p class='ocr_par' dir='ltr' id='par_1_14' title="bbox 80 3912 163 3945">
     <span class='ocr_line' id='line_1_84' title="bbox 80 3912 163 3945; baseline 0.012 -1"><span class='ocrx_word' id='word_1_597' title='bbox 80 3912 146 3944; x_wconf 82' lang='lat' dir='ltr'>Deo</span> <span class='ocrx_word' id='word_1_598' title='bbox 153 3934 163 3945; x_wconf 84' lang='lat'>.</span> 
     </span>
    </p>
   </div>
   <div class='ocr_carea' id='block_1_15' title="bbox 2054 280 2153 351">
    <p class='ocr_par' dir='ltr' id='par_1_15' title="bbox 2054 280 2153 351">
     <span class='ocr_line' id='line_1_85' title="bbox 2054 280 2153 351; baseline -0.01 -17"><span class='ocrx_word' id='word_1_599' title='bbox 2054 280 2153 351; x_wconf 77' lang='lat'>185</span> 
     </span>
    </p>
   </div>
   <div class='ocr_carea' id='block_1_16' title="bbox 1239 363 2365 3253">
    <p class='ocr_par' dir='ltr' id='par_1_16' title="bbox 1241 363 2168 413">
     <span class='ocr_line' id='line_1_86' title="bbox 1241 363 2168 413; baseline 0.008 -15"><span class='ocrx_word' id='word_1_600' title='bbox 1241 374 1451 410; x_wconf 84' lang='lat' dir='ltr'>peccatorum</span> <span class='ocrx_word' id='word_1_601' title='bbox 1469 388 1478 405; x_wconf 89' lang='lat'><strong><em>‚</em></strong></span> <span class='ocrx_word' id='word_1_602' title='bbox 1514 364 1609 412; x_wconf 86' lang='lat' dir='ltr'>quod</span> <span class='ocrx_word' id='word_1_603' title='bbox 1634 363 1714 402; x_wconf 86' lang='lat' dir='ltr'>absit</span> <span class='ocrx_word' id='word_1_604' title='bbox 1731 390 1743 407; x_wconf 84' lang='lat'>,</span> <span class='ocrx_word' id='word_1_605' title='bbox 1778 367 1895 403; x_wconf 70' lang='grc' dir='ltr'>ιιιᾶαι·</span> <span class='ocrx_word' id='word_1_606' title='bbox 1919 365 1966 403; x_wconf 83' lang='lat' dir='ltr'>est</span> <span class='ocrx_word' id='word_1_607' title='bbox 1990 369 2082 406; x_wconf 85' lang='lat' dir='ltr'>Deus</span> <span class='ocrx_word' id='word_1_608' title='bbox 2101 395 2113 413; x_wconf 90' lang='lat'>,</span> <span class='ocrx_word' id='word_1_609' title='bbox 2143 372 2168 409; x_wconf 79' lang='lat' dir='ltr'>fi</span> 
     </span>
    </p>

    <p class='ocr_par' dir='ltr' id='par_1_17' title="bbox 1240 413 2170 465">
     <span class='ocr_line' id='line_1_87' title="bbox 1240 413 2170 465; baseline 0.006 -16"><span class='ocrx_word' id='word_1_610' title='bbox 1240 426 1308 449; x_wconf 89' lang='lat' dir='ltr'>non</span> <span class='ocrx_word' id='word_1_611' title='bbox 1333 414 1379 450; x_wconf 86' lang='lat' dir='ltr'>est</span> <span class='ocrx_word' id='word_1_612' title='bbox 1406 413 1556 451; x_wconf 81' lang='lat' dir='ltr'>voluntas</span> <span class='ocrx_word' id='word_1_613' title='bbox 1582 414 1639 450; x_wconf 85' lang='lat' dir='ltr'>nisi</span> <span class='ocrx_word' id='word_1_614' title='bbox 1663 414 1704 451; x_wconf 83' lang='lat' dir='ltr'>ab</span> <span class='ocrx_word' id='word_1_615' title='bbox 1729 415 1809 452; x_wconf 72' lang='lat' dir='ltr'>illot</span> <span class='ocrx_word' id='word_1_616' title='bbox 1833 421 1993 465; x_wconf 81' lang='lat' dir='ltr'>quoniam</span> <span class='ocrx_word' id='word_1_617' title='bbox 2019 418 2101 454; x_wconf 87' lang='lat' dir='ltr'>mala</span> <span class='ocrx_word' id='word_1_618' title='bbox 2112 433 2170 455; x_wconf 77' lang='lat' dir='ltr'>vo-</span> 
     </span>
    </p>

    <p class='ocr_par' dir='ltr' id='par_1_18' title="bbox 1241 463 2173 512">
     <span class='ocr_line' id='line_1_88' title="bbox 1241 463 2173 512; baseline 0.006 -13"><span class='ocrx_word' id='word_1_619' title='bbox 1241 463 1348 503; x_wconf 84' lang='lat' dir='ltr'>luntas</span> <span class='ocrx_word' id='word_1_620' title='bbox 1372 466 1435 510; x_wconf 82' lang='lat' dir='ltr'>jam</span> <span class='ocrx_word' id='word_1_621' title='bbox 1460 463 1526 500; x_wconf 87' lang='lat' dir='ltr'>sola</span> <span class='ocrx_word' id='word_1_622' title='bbox 1552 477 1723 512; x_wconf 88' lang='lat' dir='ltr'>peccatum</span> <span class='ocrx_word' id='word_1_623' title='bbox 1748 465 1816 510; x_wconf 87' lang='lat' dir='ltr'>cst,</span> <span class='ocrx_word' id='word_1_624' title='bbox 1841 470 1938 503; x_wconf 79' lang='lat' dir='ltr'>etiam</span> <span class='ocrx_word' id='word_1_625' title='bbox 1961 467 1984 505; x_wconf 81' lang='lat' dir='ltr'>fi</span> <span class='ocrx_word' id='word_1_626' title='bbox 2009 468 2173 505; x_wconf 73' lang='lat' dir='ltr'>defiteffe-</span> 
     </span>
    </p>

    <p class='ocr_par' dir='ltr' id='par_1_19' title="bbox 1244 513 2173 564">
     <span class='ocr_line' id='line_1_89' title="bbox 1244 513 2173 564; baseline 0.003 -13"><span class='ocrx_word' id='word_1_627' title='bbox 1244 517 1339 560; x_wconf 66' lang='lat' dir='ltr'>stus,</span> <span class='ocrx_word' id='word_1_628' title='bbox 1364 514 1396 550; x_wconf 90' lang='lat' dir='ltr'>id</span> <span class='ocrx_word' id='word_1_629' title='bbox 1425 513 1493 556; x_wconf 87' lang='lat' dir='ltr'>est,</span> <span class='ocrx_word' id='word_1_630' title='bbox 1519 513 1542 551; x_wconf 81' lang='lat' dir='ltr'>fi</span> <span class='ocrx_word' id='word_1_631' title='bbox 1567 526 1636 550; x_wconf 88' lang='lat' dir='ltr'>non</span> <span class='ocrx_word' id='word_1_632' title='bbox 1661 513 1779 553; x_wconf 85' lang='lat' dir='ltr'>habeat</span> <span class='ocrx_word' id='word_1_633' title='bbox 1806 517 2002 564; x_wconf 83' lang='lat' dir='ltr'>potestatem</span> <span class='ocrx_word' id='word_1_634' title='bbox 2019 544 2030 555; x_wconf 90' lang='lat'>.</span> <span class='ocrx_word' id='word_1_635' title='bbox 2065 522 2173 557; x_wconf 81' lang='lat' dir='ltr'>Porro</span> 
     </span>
    </p>

    <p class='ocr_par' dir='ltr' id='par_1_20' title="bbox 1241 562 2174 616">
     <span class='ocr_line' id='line_1_90' title="bbox 1241 562 2174 616; baseline 0.008 -17"><span class='ocrx_word' id='word_1_636' title='bbox 1241 578 1321 603; x_wconf 82' lang='lat' dir='ltr'>cum</span> <span class='ocrx_word' id='word_1_637' title='bbox 1357 562 1508 601; x_wconf 77' lang='lat' dir='ltr'>voluntas</span> <span class='ocrx_word' id='word_1_638' title='bbox 1542 563 1626 602; x_wconf 84' lang='lat' dir='ltr'>mala</span> <span class='ocrx_word' id='word_1_639' title='bbox 1654 565 1846 612; x_wconf 81' lang='lat' dir='ltr'>potestatem</span> <span class='ocrx_word' id='word_1_640' title='bbox 1882 571 2000 616; x_wconf 76' lang='lat' dir='ltr'>accipit</span> <span class='ocrx_word' id='word_1_641' title='bbox 2035 567 2174 616; x_wconf 80' lang='lat' dir='ltr'>implere</span> 
     </span>
    </p>

    <p class='ocr_par' dir='ltr' id='par_1_21' title="bbox 1240 614 2344 714">
     <span class='ocr_line' id='line_1_91' title="bbox 1240 614 2344 670; baseline 0.005 -19"><span class='ocrx_word' id='word_1_642' title='bbox 1240 615 1332 664; x_wconf 89' lang='lat' dir='ltr'>quod</span> <span class='ocrx_word' id='word_1_643' title='bbox 1358 614 1498 651; x_wconf 88' lang='lat' dir='ltr'>intendit</span> <span class='ocrx_word' id='word_1_644' title='bbox 1518 638 1532 658; x_wconf 90' lang='lat'>,</span> <span class='ocrx_word' id='word_1_645' title='bbox 1564 626 1604 651; x_wconf 83' lang='lat' dir='ltr'>ex</span> <span class='ocrx_word' id='word_1_646' title='bbox 1638 615 1761 661; x_wconf 80' lang='lat' dir='ltr'>judicio</span> <span class='ocrx_word' id='word_1_647' title='bbox 1800 619 1862 654; x_wconf 88' lang='lat' dir='ltr'>Dei</span> <span class='ocrx_word' id='word_1_648' title='bbox 1897 621 1988 655; x_wconf 81' lang='lat' dir='ltr'>venit</span> <span class='ocrx_word' id='word_1_649' title='bbox 2011 642 2022 661; x_wconf 87' lang='lat'>,</span> <span class='ocrx_word' id='word_1_650' title='bbox 2054 619 2174 668; x_wconf 76' lang='lat' dir='ltr'>apud,</span> <span class='ocrx_word' id='word_1_651' title='bbox 2189 633 2344 670; x_wconf 61' lang='lat' dir='ltr'>Rom-9³4·</span> 
     </span>
     <span class='ocr_line' id='line_1_92' title="bbox 1244 662 2175 714; baseline 0.005 -13"><span class='ocrx_word' id='word_1_652' title='bbox 1244 677 1344 714; x_wconf 85' lang='lat' dir='ltr'>quem</span> <span class='ocrx_word' id='word_1_653' title='bbox 1371 676 1439 701; x_wconf 86' lang='lat' dir='ltr'>non</span> <span class='ocrx_word' id='word_1_654' title='bbox 1465 662 1512 701; x_wconf 86' lang='lat' dir='ltr'>est</span> <span class='ocrx_word' id='word_1_655' title='bbox 1537 667 1711 712; x_wconf 80' lang='lat' dir='ltr'>iniquitas.</span> <span class='ocrx_word' id='word_1_656' title='bbox 1746 670 1847 703; x_wconf 76' lang='lat' dir='ltr'>Punic</span> <span class='ocrx_word' id='word_1_657' title='bbox 1872 670 1963 705; x_wconf 87' lang='lat' dir='ltr'>enim</span> <span class='ocrx_word' id='word_1_658' title='bbox 1986 671 2083 706; x_wconf 79' lang='lat' dir='ltr'>etiam</span> <span class='ocrx_word' id='word_1_659' title='bbox 2110 667 2175 706; x_wconf 78' lang='lat' dir='ltr'>isto</span> 
     </span>
    </p>

    <p class='ocr_par' dir='ltr' id='par_1_22' title="bbox 1244 714 2173 767">
     <span class='ocr_line' id='line_1_93' title="bbox 1244 714 2173 767; baseline 0.004 -15"><span class='ocrx_word' id='word_1_660' title='bbox 1244 715 1370 754; x_wconf 65' lang='lat' dir='ltr'>modos</span> <span class='ocrx_word' id='word_1_661' title='bbox 1395 727 1456 752; x_wconf 85' lang='lat' dir='ltr'>nec</span> <span class='ocrx_word' id='word_1_662' title='bbox 1482 714 1559 751; x_wconf 78' lang='lat' dir='ltr'>ideo</span> <span class='ocrx_word' id='word_1_663' title='bbox 1584 715 1723 760; x_wconf 79' lang='lat' dir='ltr'>injuste,</span> <span class='ocrx_word' id='word_1_664' title='bbox 1747 717 1985 767; x_wconf 78' lang='lat' dir='ltr'>quiaocculte.</span> <span class='ocrx_word' id='word_1_665' title='bbox 2012 722 2173 756; x_wconf 68' lang='lat' dir='ltr'>Ceterum</span> 
     </span>
    </p>

    <p class='ocr_par' dir='ltr' id='par_1_23' title="bbox 1240 764 2174 864">
     <span class='ocr_line' id='line_1_94' title="bbox 1244 764 2174 815; baseline 0.004 -14"><span class='ocrx_word' id='word_1_666' title='bbox 1244 769 1375 815; x_wconf 85' lang='lat' dir='ltr'>iniquus</span> <span class='ocrx_word' id='word_1_667' title='bbox 1412 767 1520 814; x_wconf 84' lang='lat' dir='ltr'>puniri</span> <span class='ocrx_word' id='word_1_668' title='bbox 1546 764 1577 802; x_wconf 73' lang='lat' dir='ltr'>st</span> <span class='ocrx_word' id='word_1_669' title='bbox 1613 768 1770 812; x_wconf 83' lang='lat' dir='ltr'>ignorat,</span> <span class='ocrx_word' id='word_1_670' title='bbox 1804 766 1863 803; x_wconf 81' lang='lat' dir='ltr'>nisi</span> <span class='ocrx_word' id='word_1_671' title='bbox 1897 780 1976 805; x_wconf 86' lang='lat' dir='ltr'>cum</span> <span class='ocrx_word' id='word_1_672' title='bbox 2001 768 2174 807; x_wconf 75' lang='lat' dir='ltr'>manifesto</span> 
     </span>
     <span class='ocr_line' id='line_1_95' title="bbox 1240 813 2072 864; baseline 0.002 -11"><span class='ocrx_word' id='word_1_673' title='bbox 1240 816 1402 863; x_wconf 75' lang='lat' dir='ltr'>supplicio</span> <span class='ocrx_word' id='word_1_674' title='bbox 1429 813 1558 852; x_wconf 72' lang='lat' dir='ltr'>senserit</span> <span class='ocrx_word' id='word_1_675' title='bbox 1584 815 1722 858; x_wconf 82' lang='lat' dir='ltr'>nolens,</span> <span class='ocrx_word' id='word_1_676' title='bbox 1746 829 1908 864; x_wconf 85' lang='lat' dir='ltr'>quantum</span> <span class='ocrx_word' id='word_1_677' title='bbox 1931 817 2010 854; x_wconf 77' lang='lat' dir='ltr'>mali</span> <span class='ocrx_word' id='word_1_678' title='bbox 2033 819 2072 855; x_wconf 85' lang='lat' dir='ltr'>fit</span> 
     </span>
    </p>

    <p class='ocr_par' dir='ltr' id='par_1_24' title="bbox 1241 863 2350 1011">
     <span class='ocr_line' id='line_1_96' title="bbox 1241 863 2176 917; baseline 0.007 -17"><span class='ocrx_word' id='word_1_679' title='bbox 1241 868 1441 914; x_wconf 71' lang='lat' dir='ltr'>perpetravit</span> <span class='ocrx_word' id='word_1_680' title='bbox 1466 863 1600 903; x_wconf 81' lang='lat' dir='ltr'>volens.</span> <span class='ocrx_word' id='word_1_681' title='bbox 1628 868 1706 905; x_wconf 89' lang='lat' dir='ltr'>Hoc</span> <span class='ocrx_word' id='word_1_682' title='bbox 1732 866 1778 903; x_wconf 88' lang='lat' dir='ltr'>est</span> <span class='ocrx_word' id='word_1_683' title='bbox 1805 868 1897 915; x_wconf 90' lang='lat' dir='ltr'>quod</span> <span class='ocrx_word' id='word_1_684' title='bbox 1921 868 1963 905; x_wconf 85' lang='lat' dir='ltr'>de</span> <span class='ocrx_word' id='word_1_685' title='bbox 1982 868 2176 917; x_wconf 72' lang='lat' dir='ltr'>quibusdam</span> 
     </span>
     <span class='ocr_line' id='line_1_97' title="bbox 1241 915 2350 965; baseline 0.002 -15"><span class='ocrx_word' id='word_1_686' title='bbox 1241 915 1426 962; x_wconf 80' lang='lat' dir='ltr'>Apostolus</span> <span class='ocrx_word' id='word_1_687' title='bbox 1451 918 1519 961; x_wconf 87' lang='lat' dir='ltr'>ait,</span> <span class='ocrx_word' id='word_1_688' title='bbox 1546 915 1705 951; x_wconf 68' lang='lat' dir='ltr'>Tradidit</span> <span class='ocrx_word' id='word_1_689' title='bbox 1725 916 1799 951; x_wconf 78' lang='lat' dir='ltr'>illos</span> <span class='ocrx_word' id='word_1_690' title='bbox 1809 917 1902 952; x_wconf 75' lang='lat' dir='ltr'>Deus</span> <span class='ocrx_word' id='word_1_691' title='bbox 1917 917 1951 952; x_wconf 79' lang='lat' dir='ltr'>in</span> <span class='ocrx_word' id='word_1_692' title='bbox 1961 918 2176 965; x_wconf 59' lang='lat' dir='ltr'>compescen·</span> <span class='ocrx_word' id='word_1_693' title='bbox 2192 923 2350 961; x_wconf 74' lang='lat' dir='ltr'>Rom.8.24.</span> 
     </span>
     <span class='ocr_line' id='line_1_98' title="bbox 1241 964 2176 1011; baseline 0.005 -12"><span class='ocrx_word' id='word_1_694' title='bbox 1241 965 1306 999; x_wconf 73' lang='lat' dir='ltr'>iias</span> <span class='ocrx_word' id='word_1_695' title='bbox 1328 964 1434 998; x_wconf 85' lang='lat' dir='ltr'>cordis</span> <span class='ocrx_word' id='word_1_696' title='bbox 1456 964 1604 1007; x_wconf 78' lang='lat' dir='ltr'>illorum,</span> <span class='ocrx_word' id='word_1_697' title='bbox 1633 965 1801 1009; x_wconf 61' lang='lat' dir='ltr'>ursacium</span> <span class='ocrx_word' id='word_1_698' title='bbox 1811 978 1879 1011; x_wconf 68' lang='lat' dir='ltr'>qua·</span> <span class='ocrx_word' id='word_1_699' title='bbox 1900 967 2176 1004; x_wconf 71' lang='lat' dir='ltr'>nonconveniume.</span> 
     </span>
    </p>

    <p class='ocr_par' dir='ltr' id='par_1_25' title="bbox 1240 1014 2354 1315">
     <span class='ocr_line' id='line_1_99' title="bbox 1240 1014 2348 1083; baseline 0.003 -32"><span class='ocrx_word' id='word_1_700' title='bbox 1240 1018 1332 1055; x_wconf 79' lang='lat' dir='ltr'>Hinc</span> <span class='ocrx_word' id='word_1_701' title='bbox 1360 1018 1394 1052; x_wconf 77' lang='grc' dir='ltr'>δι</span> <span class='ocrx_word' id='word_1_702' title='bbox 1424 1017 1596 1054; x_wconf 84' lang='lat' dir='ltr'>Dominus</span> <span class='ocrx_word' id='word_1_703' title='bbox 1621 1014 1730 1067; x_wconf 76' lang='lat' dir='ltr'>Pilato</span> <span class='ocrx_word' id='word_1_704' title='bbox 1749 1041 1762 1059; x_wconf 91' lang='lat'>,</span> <span class='ocrx_word' id='word_1_705' title='bbox 1793 1016 1869 1050; x_wconf 83' lang='lat' dir='ltr'>Nan</span> <span class='ocrx_word' id='word_1_706' title='bbox 1889 1015 2080 1053; x_wconf 17' lang='lat' dir='ltr'>haberesyin</span> <span class='ocrx_word' id='word_1_707' title='bbox 2109 1029 2243 1083; x_wconf 66' lang='lat' dir='ltr'>’²¹⁶5Ja</span> <span class='ocrx_word' id='word_1_708' title='bbox 2277 1053 2287 1072; x_wconf 60' lang='lat'><em>¹</em></span> <span class='ocrx_word' id='word_1_709' title='bbox 2324 1051 2348 1075; x_wconf 70' lang='lat' dir='ltr'><strong>u</strong></span> 
     </span>
     <span class='ocr_line' id='line_1_100' title="bbox 1243 1053 2321 1114; baseline 0.001 -16"><span class='ocrx_word' id='word_1_710' title='bbox 1243 1069 1376 1114; x_wconf 75' lang='lat' dir='ltr'>inquit,</span> <span class='ocrx_word' id='word_1_711' title='bbox 1399 1061 1611 1110; x_wconf 75' lang='lat' dir='ltr'>potestatem,</span> <span class='ocrx_word' id='word_1_712' title='bbox 1638 1062 1701 1105; x_wconf 82' lang='lat' dir='ltr'>mfi</span> <span class='ocrx_word' id='word_1_713' title='bbox 1719 1066 1797 1098; x_wconf 80' lang='lat' dir='ltr'>data</span> <span class='ocrx_word' id='word_1_714' title='bbox 1816 1064 1887 1111; x_wconf 71' lang='lat' dir='ltr'>effin</span> <span class='ocrx_word' id='word_1_715' title='bbox 1905 1067 1968 1101; x_wconf 66' lang='lat' dir='ltr'>eibi</span> <span class='ocrx_word' id='word_1_716' title='bbox 1993 1066 2034 1101; x_wconf 80' lang='lat' dir='ltr'>de</span> <span class='ocrx_word' id='word_1_717' title='bbox 2059 1066 2178 1113; x_wconf 76' lang='lat' dir='ltr'>super.</span> <span class='ocrx_word' id='word_1_718' title='bbox 2212 1056 2226 1074; x_wconf 78' lang='lat'><em>⁰</em></span> <span class='ocrx_word' id='word_1_719' title='bbox 2244 1057 2271 1075; x_wconf 64' lang='grc' dir='ltr'>η’</span> <span class='ocrx_word' id='word_1_720' title='bbox 2294 1053 2321 1081; x_wconf 77' lang='lat'>9⁸</span> 
     </span>
     <span class='ocr_line' id='line_1_101' title="bbox 1243 1113 2178 1166; baseline 0.001 -13"><span class='ocrx_word' id='word_1_721' title='bbox 1243 1117 1305 1154; x_wconf 89' lang='lat' dir='ltr'>Sed</span> <span class='ocrx_word' id='word_1_722' title='bbox 1331 1128 1407 1151; x_wconf 89' lang='lat' dir='ltr'>cum</span> <span class='ocrx_word' id='word_1_723' title='bbox 1435 1113 1573 1165; x_wconf 84' lang='lat' dir='ltr'>potestas</span> <span class='ocrx_word' id='word_1_724' title='bbox 1598 1115 1696 1153; x_wconf 87' lang='lat' dir='ltr'>datur</span> <span class='ocrx_word' id='word_1_725' title='bbox 1714 1140 1727 1160; x_wconf 92' lang='lat'>,</span> <span class='ocrx_word' id='word_1_726' title='bbox 1762 1128 1829 1151; x_wconf 88' lang='lat' dir='ltr'>non</span> <span class='ocrx_word' id='word_1_727' title='bbox 1863 1117 2028 1155; x_wconf 76' lang='lat' dir='ltr'>neceffitas</span> <span class='ocrx_word' id='word_1_728' title='bbox 2063 1120 2178 1166; x_wconf 83' lang='lat' dir='ltr'>utique</span> 
     </span>
     <span class='ocr_line' id='line_1_102' title="bbox 1244 1164 2354 1223; baseline 0.001 -20"><span class='ocrx_word' id='word_1_729' title='bbox 1244 1168 1431 1213; x_wconf 84' lang='lat' dir='ltr'>imponitur</span> <span class='ocrx_word' id='word_1_730' title='bbox 1450 1189 1459 1197; x_wconf 87' lang='lat'><strong>·</strong></span> <span class='ocrx_word' id='word_1_731' title='bbox 1493 1164 1594 1202; x_wconf 87' lang='lat' dir='ltr'>Unde</span> <span class='ocrx_word' id='word_1_732' title='bbox 1619 1177 1696 1203; x_wconf 85' lang='lat' dir='ltr'>cum</span> <span class='ocrx_word' id='word_1_733' title='bbox 1721 1166 1833 1203; x_wconf 86' lang='lat' dir='ltr'>David</span> <span class='ocrx_word' id='word_1_734' title='bbox 1859 1166 1962 1203; x_wconf 80' lang='lat' dir='ltr'>Saulis</span> <span class='ocrx_word' id='word_1_735' title='bbox 1995 1167 2173 1204; x_wconf 86' lang='lat' dir='ltr'>occidendi</span> <span class='ocrx_word' id='word_1_736' title='bbox 2195 1186 2354 1223; x_wconf 82' lang='lat' dir='ltr'>1.Reg.24.</span> 
     </span>
     <span class='ocr_line' id='line_1_103' title="bbox 1242 1212 2350 1267; baseline 0.001 -15"><span class='ocrx_word' id='word_1_737' title='bbox 1242 1215 1438 1265; x_wconf 82' lang='lat' dir='ltr'>potestatem</span> <span class='ocrx_word' id='word_1_738' title='bbox 1462 1212 1649 1262; x_wconf 73' lang='lat' dir='ltr'>accepisset,</span> <span class='ocrx_word' id='word_1_739' title='bbox 1676 1214 1790 1253; x_wconf 89' lang='lat' dir='ltr'>maluit</span> <span class='ocrx_word' id='word_1_740' title='bbox 1816 1228 1949 1264; x_wconf 77' lang='lat' dir='ltr'>parcere</span> <span class='ocrx_word' id='word_1_741' title='bbox 1966 1241 1979 1259; x_wconf 89' lang='lat'>,</span> <span class='ocrx_word' id='word_1_742' title='bbox 2005 1230 2106 1267; x_wconf 80' lang='lat' dir='ltr'>quam</span> <span class='ocrx_word' id='word_1_743' title='bbox 2132 1217 2229 1257; x_wconf 53' lang='lat' dir='ltr'>fv&amp;</span> <span class='ocrx_word' id='word_1_744' title='bbox 2255 1225 2303 1255; x_wconf 72' lang='lat' dir='ltr'>ae.</span> <span class='ocrx_word' id='word_1_745' title='bbox 2323 1230 2350 1259; x_wconf 68' lang='lat'>9.</span> 
     </span>
     <span class='ocr_line' id='line_1_104' title="bbox 1242 1263 2178 1315; baseline 0 -12"><span class='ocrx_word' id='word_1_746' title='bbox 1242 1270 1331 1304; x_wconf 84' lang='lat' dir='ltr'>rire.</span> <span class='ocrx_word' id='word_1_747' title='bbox 1367 1264 1468 1303; x_wconf 82' lang='lat' dir='ltr'>Unde</span> <span class='ocrx_word' id='word_1_748' title='bbox 1495 1263 1706 1311; x_wconf 85' lang='lat' dir='ltr'>intelligimus</span> <span class='ocrx_word' id='word_1_749' title='bbox 1733 1264 1838 1302; x_wconf 85' lang='lat' dir='ltr'>malos</span> <span class='ocrx_word' id='word_1_750' title='bbox 1863 1269 2010 1314; x_wconf 87' lang='lat' dir='ltr'>accipere</span> <span class='ocrx_word' id='word_1_751' title='bbox 2036 1266 2178 1315; x_wconf 80' lang='lat' dir='ltr'>potesta-</span> 
     </span>
    </p>

    <p class='ocr_par' dir='ltr' id='par_1_26' title="bbox 1239 1314 2177 1360">
     <span class='ocr_line' id='line_1_105' title="bbox 1239 1314 2177 1360; baseline 0.003 -7"><span class='ocrx_word' id='word_1_752' title='bbox 1239 1328 1308 1354; x_wconf 87' lang='lat' dir='ltr'>tem</span> <span class='ocrx_word' id='word_1_753' title='bbox 1333 1316 1382 1352; x_wconf 87' lang='lat' dir='ltr'>ad·</span> <span class='ocrx_word' id='word_1_754' title='bbox 1397 1315 1642 1354; x_wconf 82' lang='lat' dir='ltr'>damnationem</span> <span class='ocrx_word' id='word_1_755' title='bbox 1668 1314 1760 1352; x_wconf 82' lang='lat' dir='ltr'>malae</span> <span class='ocrx_word' id='word_1_756' title='bbox 1784 1315 1964 1353; x_wconf 80' lang='lat' dir='ltr'>voluntatis</span> <span class='ocrx_word' id='word_1_757' title='bbox 1989 1315 2050 1354; x_wconf 81' lang='lat' dir='ltr'>suae</span> <span class='ocrx_word' id='word_1_758' title='bbox 2072 1341 2083 1360; x_wconf 90' lang='lat'><strong>‚</strong></span> <span class='ocrx_word' id='word_1_759' title='bbox 2117 1316 2177 1356; x_wconf 70' lang='lat' dir='ltr'>bo·</span> 
     </span>
    </p>

    <p class='ocr_par' dir='ltr' id='par_1_27' title="bbox 1239 1364 2174 1413">
     <span class='ocr_line' id='line_1_106' title="bbox 1239 1364 2174 1413; baseline -0.002 -8"><span class='ocrx_word' id='word_1_760' title='bbox 1239 1380 1299 1405; x_wconf 87' lang='lat' dir='ltr'>nos</span> <span class='ocrx_word' id='word_1_761' title='bbox 1323 1377 1435 1402; x_wconf 84' lang='lat' dir='ltr'>autem</span> <span class='ocrx_word' id='word_1_762' title='bbox 1459 1366 1499 1404; x_wconf 87' lang='lat' dir='ltr'>ad</span> <span class='ocrx_word' id='word_1_763' title='bbox 1526 1364 1758 1413; x_wconf 84' lang='lat' dir='ltr'>probationem</span> <span class='ocrx_word' id='word_1_764' title='bbox 1784 1364 1880 1403; x_wconf 73' lang='lat' dir='ltr'>bonae</span> <span class='ocrx_word' id='word_1_765' title='bbox 1906 1366 2174 1404; x_wconf 62' lang='lat' dir='ltr'>voluntatisfum</span> 
     </span>
    </p>

    <p class='ocr_par' dir='ltr' id='par_1_28' title="bbox 1239 1415 2359 2261">
     <span class='ocr_line' id='line_1_107' title="bbox 1289 1415 2343 1466; baseline -0.001 -12"><span class='ocrx_word' id='word_1_766' title='bbox 1289 1418 1402 1454; x_wconf 90' lang='lat' dir='ltr'>CUM</span> <span class='ocrx_word' id='word_1_767' title='bbox 1428 1427 1509 1462; x_wconf 88' lang='lat' dir='ltr'>ergo</span> <span class='ocrx_word' id='word_1_768' title='bbox 1534 1415 1617 1453; x_wconf 85' lang='lat' dir='ltr'>fides</span> <span class='ocrx_word' id='word_1_769' title='bbox 1651 1418 1683 1452; x_wconf 85' lang='lat' dir='ltr'>in</span> <span class='ocrx_word' id='word_1_770' title='bbox 1721 1416 1879 1463; x_wconf 88' lang='lat' dir='ltr'>potestate</span> <span class='ocrx_word' id='word_1_771' title='bbox 1912 1416 1952 1455; x_wconf 82' lang='lat' dir='ltr'>fit</span> <span class='ocrx_word' id='word_1_772' title='bbox 1970 1441 1983 1460; x_wconf 90' lang='lat'>,</span> <span class='ocrx_word' id='word_1_773' title='bbox 2019 1422 2177 1466; x_wconf 81' lang='lat' dir='ltr'>quoniam</span> <span class='ocrx_word' id='word_1_774' title='bbox 2197 1424 2279 1453; x_wconf 71' lang='lat' dir='ltr'>cu</span> <span class='ocrx_word' id='word_1_775' title='bbox 2293 1429 2343 1453; x_wconf 81' lang='grc' dir='ltr'>υτ</span> 
     </span>
     <span class='ocr_line' id='line_1_108' title="bbox 1240 1462 2326 1516; baseline -0.002 -11"><span class='ocrx_word' id='word_1_776' title='bbox 1240 1481 1316 1507; x_wconf 89' lang='lat' dir='ltr'>cum</span> <span class='ocrx_word' id='word_1_777' title='bbox 1342 1466 1414 1503; x_wconf 90' lang='lat' dir='ltr'>vult</span> <span class='ocrx_word' id='word_1_778' title='bbox 1440 1465 1579 1516; x_wconf 87' lang='lat' dir='ltr'>quisque</span> <span class='ocrx_word' id='word_1_779' title='bbox 1605 1466 1726 1504; x_wconf 79' lang='lat' dir='ltr'>credit:</span> <span class='ocrx_word' id='word_1_780' title='bbox 1755 1469 1788 1504; x_wconf 74' lang='grc' dir='ltr'>δι</span> <span class='ocrx_word' id='word_1_781' title='bbox 1815 1479 1893 1505; x_wconf 88' lang='lat' dir='ltr'>cum</span> <span class='ocrx_word' id='word_1_782' title='bbox 1910 1467 2037 1511; x_wconf 91' lang='lat' dir='ltr'>credit,</span> <span class='ocrx_word' id='word_1_783' title='bbox 2064 1466 2178 1503; x_wconf 82' lang='lat' dir='ltr'>volens</span> <span class='ocrx_word' id='word_1_784' title='bbox 2192 1462 2326 1496; x_wconf 79' lang='lat' dir='ltr'><strong>XXXII.</strong></span> 
     </span>
     <span class='ocr_line' id='line_1_109' title="bbox 1240 1500 2356 1573; baseline 0 -18"><span class='ocrx_word' id='word_1_785' title='bbox 1240 1518 1375 1556; x_wconf 74' lang='lat' dir='ltr'>credits</span> <span class='ocrx_word' id='word_1_786' title='bbox 1399 1516 1517 1552; x_wconf 86' lang='lat' dir='ltr'>deinde</span> <span class='ocrx_word' id='word_1_787' title='bbox 1543 1516 1758 1565; x_wconf 66' lang='lat' dir='ltr'>quaerendum</span> <span class='ocrx_word' id='word_1_788' title='bbox 1785 1515 1831 1553; x_wconf 90' lang='lat' dir='ltr'>est</span> <span class='ocrx_word' id='word_1_789' title='bbox 1851 1541 1862 1559; x_wconf 91' lang='lat'>,</span> <span class='ocrx_word' id='word_1_790' title='bbox 1899 1520 2005 1556; x_wconf 86' lang='lat' dir='ltr'>immo</span> <span class='ocrx_word' id='word_1_791' title='bbox 2031 1517 2178 1555; x_wconf 78' lang='lat' dir='ltr'>recolen-</span> <span class='ocrx_word' id='word_1_792' title='bbox 2194 1503 2272 1573; x_wconf 48' lang='grc' dir='ltr'>ξω</span> <span class='ocrx_word' id='word_1_793' title='bbox 2286 1500 2356 1535; x_wconf 62' lang='lat'>⁶⁶⁶⁸</span> 
     </span>
     <span class='ocr_line' id='line_1_110' title="bbox 1239 1566 2177 1615; baseline -0.002 -11"><span class='ocrx_word' id='word_1_794' title='bbox 1239 1569 1345 1610; x_wconf 89' lang='lat' dir='ltr'>dum,</span> <span class='ocrx_word' id='word_1_795' title='bbox 1371 1579 1473 1615; x_wconf 83' lang='lat' dir='ltr'>quam</span> <span class='ocrx_word' id='word_1_796' title='bbox 1500 1566 1603 1604; x_wconf 83' lang='lat' dir='ltr'>fidem</span> <span class='ocrx_word' id='word_1_797' title='bbox 1629 1577 1716 1604; x_wconf 85' lang='lat' dir='ltr'>tanta</span> <span class='ocrx_word' id='word_1_798' title='bbox 1743 1567 1993 1605; x_wconf 64' lang='lat' dir='ltr'>conflictatione</span> <span class='ocrx_word' id='word_1_799' title='bbox 2005 1580 2177 1605; x_wconf 78' lang='lat' dir='ltr'>commen·</span> 
     </span>
     <span class='ocr_line' id='line_1_111' title="bbox 1240 1615 2179 1666; baseline -0.003 -11"><span class='ocrx_word' id='word_1_800' title='bbox 1240 1618 1297 1656; x_wconf 90' lang='lat' dir='ltr'>det</span> <span class='ocrx_word' id='word_1_801' title='bbox 1321 1615 1526 1665; x_wconf 81' lang='lat' dir='ltr'>Apostolus.</span> <span class='ocrx_word' id='word_1_802' title='bbox 1554 1620 1634 1653; x_wconf 91' lang='lat' dir='ltr'>Non</span> <span class='ocrx_word' id='word_1_803' title='bbox 1661 1620 1748 1653; x_wconf 88' lang='lat' dir='ltr'>enim</span> <span class='ocrx_word' id='word_1_804' title='bbox 1773 1616 1949 1666; x_wconf 83' lang='lat' dir='ltr'>quodlibet</span> <span class='ocrx_word' id='word_1_805' title='bbox 1975 1615 2179 1654; x_wconf 76' lang='lat' dir='ltr'>crederebo·</span> 
     </span>
     <span class='ocr_line' id='line_1_112' title="bbox 1243 1665 2359 1722; baseline 0.001 -18"><span class='ocrx_word' id='word_1_806' title='bbox 1243 1681 1324 1706; x_wconf 87' lang='lat' dir='ltr'>num</span> <span class='ocrx_word' id='word_1_807' title='bbox 1350 1667 1397 1704; x_wconf 87' lang='lat' dir='ltr'>est</span> <span class='ocrx_word' id='word_1_808' title='bbox 1412 1683 1423 1705; x_wconf 75' lang='lat'>.-</span> <span class='ocrx_word' id='word_1_809' title='bbox 1449 1679 1523 1704; x_wconf 82' lang='lat' dir='ltr'>nam</span> <span class='ocrx_word' id='word_1_810' title='bbox 1548 1667 1638 1704; x_wconf 89' lang='lat' dir='ltr'>unde</span> <span class='ocrx_word' id='word_1_811' title='bbox 1662 1666 1708 1704; x_wconf 91' lang='lat' dir='ltr'>est</span> <span class='ocrx_word' id='word_1_812' title='bbox 1733 1667 1816 1704; x_wconf 90' lang='lat' dir='ltr'>illud</span> <span class='ocrx_word' id='word_1_813' title='bbox 1836 1695 1845 1705; x_wconf 86' lang='lat'><strong><em>.</em></strong></span> <span class='ocrx_word' id='word_1_814' title='bbox 1882 1668 2014 1703; x_wconf 70' lang='lat' dir='ltr'>Fratres</span> <span class='ocrx_word' id='word_1_815' title='bbox 2035 1692 2048 1711; x_wconf 91' lang='lat'>,</span> <span class='ocrx_word' id='word_1_816' title='bbox 2082 1665 2180 1704; x_wconf 67' lang='lat' dir='ltr'>nolin</span> <span class='ocrx_word' id='word_1_817' title='bbox 2202 1693 2210 1710; x_wconf 84' lang='lat'><em>.</em></span> <span class='ocrx_word' id='word_1_818' title='bbox 2220 1684 2359 1722; x_wconf 62' lang='lat' dir='ltr'>J„„,4.1„</span> 
     </span>
     <span class='ocr_line' id='line_1_113' title="bbox 1243 1715 2357 1765; baseline 0 -14"><span class='ocrx_word' id='word_1_819' title='bbox 1243 1715 1326 1752; x_wconf 78' lang='lat' dir='ltr'>omni</span> <span class='ocrx_word' id='word_1_820' title='bbox 1339 1716 1473 1762; x_wconf 81' lang='lat' dir='ltr'>spiritui</span> <span class='ocrx_word' id='word_1_821' title='bbox 1495 1717 1623 1750; x_wconf 82' lang='lat' dir='ltr'>credere</span> <span class='ocrx_word' id='word_1_822' title='bbox 1637 1741 1647 1758; x_wconf 81' lang='lat'>,</span> <span class='ocrx_word' id='word_1_823' title='bbox 1668 1717 1730 1761; x_wconf 77' lang='lat' dir='ltr'>sed</span> <span class='ocrx_word' id='word_1_824' title='bbox 1741 1716 1881 1762; x_wconf 73' lang='lat' dir='ltr'>probare</span> <span class='ocrx_word' id='word_1_825' title='bbox 1895 1716 2052 1763; x_wconf 73' lang='lat' dir='ltr'>spiritum</span> <span class='ocrx_word' id='word_1_826' title='bbox 2073 1715 2181 1765; x_wconf 55' lang='grc' dir='ltr'>φάσθε</span> <span class='ocrx_word' id='word_1_827' title='bbox 2202 1725 2357 1759; x_wconf 70' lang='lat' dir='ltr'>t.Cnr.x3.7</span> 
     </span>
     <span class='ocr_line' id='line_1_114' title="bbox 1243 1765 2184 1812; baseline -0.001 -8"><span class='ocrx_word' id='word_1_828' title='bbox 1243 1768 1315 1804; x_wconf 84' lang='lat' dir='ltr'>Deo</span> <span class='ocrx_word' id='word_1_829' title='bbox 1334 1766 1499 1808; x_wconf 62' lang='lat' dir='ltr'>0J12¹Nec</span> <span class='ocrx_word' id='word_1_830' title='bbox 1517 1769 1551 1802; x_wconf 86' lang='lat' dir='ltr'>in</span> <span class='ocrx_word' id='word_1_831' title='bbox 1578 1765 1730 1804; x_wconf 82' lang='lat' dir='ltr'>laudibus</span> <span class='ocrx_word' id='word_1_832' title='bbox 1756 1765 1924 1803; x_wconf 82' lang='lat' dir='ltr'>charitatis</span> <span class='ocrx_word' id='word_1_833' title='bbox 1950 1767 2043 1812; x_wconf 85' lang='lat' dir='ltr'>quod</span> <span class='ocrx_word' id='word_1_834' title='bbox 2053 1766 2184 1805; x_wconf 62' lang='lat' dir='ltr'>dierum</span> 
     </span>
     <span class='ocr_line' id='line_1_115' title="bbox 1242 1814 2185 1863; baseline 0.003 -15"><span class='ocrx_word' id='word_1_835' title='bbox 1242 1817 1313 1860; x_wconf 73' lang='lat' dir='ltr'>est,</span> <span class='ocrx_word' id='word_1_836' title='bbox 1338 1815 1454 1850; x_wconf 75' lang='lat' dir='ltr'>omnia</span> <span class='ocrx_word' id='word_1_837' title='bbox 1474 1814 1599 1857; x_wconf 72' lang='lat' dir='ltr'>credis,</span> <span class='ocrx_word' id='word_1_838' title='bbox 1625 1814 1667 1851; x_wconf 86' lang='lat' dir='ltr'>sic</span> <span class='ocrx_word' id='word_1_839' title='bbox 1694 1815 1921 1863; x_wconf 85' lang='lat' dir='ltr'>accipiendum</span> <span class='ocrx_word' id='word_1_840' title='bbox 1946 1816 2015 1858; x_wconf 87' lang='lat' dir='ltr'>est,</span> <span class='ocrx_word' id='word_1_841' title='bbox 2040 1827 2078 1851; x_wconf 90' lang='lat' dir='ltr'>ut</span> <span class='ocrx_word' id='word_1_842' title='bbox 2105 1814 2185 1852; x_wconf 58' lang='lat' dir='ltr'>cha*</span> 
     </span>
     <span class='ocr_line' id='line_1_116' title="bbox 1242 1865 2187 1915; baseline -0.004 -10"><span class='ocrx_word' id='word_1_843' title='bbox 1242 1870 1331 1906; x_wconf 83' lang='lat' dir='ltr'>titati</span> <span class='ocrx_word' id='word_1_844' title='bbox 1358 1867 1539 1914; x_wconf 81' lang='lat' dir='ltr'>cujuspiam</span> <span class='ocrx_word' id='word_1_845' title='bbox 1565 1865 1784 1912; x_wconf 76' lang='lat' dir='ltr'>derogemus,</span> <span class='ocrx_word' id='word_1_846' title='bbox 1814 1865 1836 1901; x_wconf 85' lang='lat' dir='ltr'>fi</span> <span class='ocrx_word' id='word_1_847' title='bbox 1864 1878 1931 1902; x_wconf 88' lang='lat' dir='ltr'>non</span> <span class='ocrx_word' id='word_1_848' title='bbox 1955 1865 2052 1915; x_wconf 90' lang='lat' dir='ltr'>quod</span> <span class='ocrx_word' id='word_1_849' title='bbox 2078 1865 2187 1902; x_wconf 74' lang='lat' dir='ltr'>audie·</span> 
     </span>
     <span class='ocr_line' id='line_1_117' title="bbox 1242 1914 2189 1963; baseline -0.005 -8"><span class='ocrx_word' id='word_1_850' title='bbox 1242 1921 1308 1959; x_wconf 86' lang='lat' dir='ltr'>rit,</span> <span class='ocrx_word' id='word_1_851' title='bbox 1334 1915 1442 1953; x_wconf 81' lang='lat' dir='ltr'>statim</span> <span class='ocrx_word' id='word_1_852' title='bbox 1472 1915 1667 1953; x_wconf 84' lang='lat' dir='ltr'>crediderit.</span> <span class='ocrx_word' id='word_1_853' title='bbox 1696 1916 1790 1960; x_wconf 82' lang='lat' dir='ltr'>Quid</span> <span class='ocrx_word' id='word_1_854' title='bbox 1817 1917 1910 1963; x_wconf 85' lang='lat' dir='ltr'>quod</span> <span class='ocrx_word' id='word_1_855' title='bbox 1941 1917 2056 1954; x_wconf 79' lang='lat' dir='ltr'>eadem</span> <span class='ocrx_word' id='word_1_856' title='bbox 2081 1914 2189 1951; x_wconf 81' lang='lat' dir='ltr'>chari-</span> 
     </span>
     <span class='ocr_line' id='line_1_118' title="bbox 1242 1964 2187 2011; baseline -0.004 -7"><span class='ocrx_word' id='word_1_857' title='bbox 1242 1980 1291 2005; x_wconf 80' lang='lat' dir='ltr'>tas</span> <span class='ocrx_word' id='word_1_858' title='bbox 1318 1967 1475 2003; x_wconf 84' lang='lat' dir='ltr'>admonet</span> <span class='ocrx_word' id='word_1_859' title='bbox 1493 1991 1506 2007; x_wconf 92' lang='lat'>,</span> <span class='ocrx_word' id='word_1_860' title='bbox 1542 1977 1610 2000; x_wconf 89' lang='lat' dir='ltr'>non</span> <span class='ocrx_word' id='word_1_861' title='bbox 1637 1964 1731 2000; x_wconf 84' lang='lat' dir='ltr'>facile</span> <span class='ocrx_word' id='word_1_862' title='bbox 1756 1966 1797 2000; x_wconf 89' lang='lat' dir='ltr'>de</span> <span class='ocrx_word' id='word_1_863' title='bbox 1824 1965 1926 2000; x_wconf 84' lang='lat' dir='ltr'>fratre</span> <span class='ocrx_word' id='word_1_864' title='bbox 1961 1965 2038 1999; x_wconf 78' lang='lat' dir='ltr'>mali</span> <span class='ocrx_word' id='word_1_865' title='bbox 2062 1964 2187 2011; x_wconf 77' lang='lat' dir='ltr'>aliquid</span> 
     </span>
     <span class='ocr_line' id='line_1_119' title="bbox 1242 2012 2187 2061; baseline -0.005 -7"><span class='ocrx_word' id='word_1_866' title='bbox 1242 2017 1302 2054; x_wconf 76' lang='lat' dir='ltr'>css&#39;e</span> <span class='ocrx_word' id='word_1_867' title='bbox 1315 2015 1542 2058; x_wconf 87' lang='lat' dir='ltr'>credendum,</span> <span class='ocrx_word' id='word_1_868' title='bbox 1568 2019 1602 2051; x_wconf 89' lang='lat'>&amp;</span> <span class='ocrx_word' id='word_1_869' title='bbox 1616 2027 1695 2050; x_wconf 89' lang='lat' dir='ltr'>cum</span> <span class='ocrx_word' id='word_1_870' title='bbox 1707 2013 1769 2049; x_wconf 88' lang='lat' dir='ltr'>tale</span> <span class='ocrx_word' id='word_1_871' title='bbox 1794 2013 1917 2061; x_wconf 88' lang='lat' dir='ltr'>aliquid</span> <span class='ocrx_word' id='word_1_872' title='bbox 1939 2014 2063 2049; x_wconf 81' lang='lat' dir='ltr'>dicitur</span> <span class='ocrx_word' id='word_1_873' title='bbox 2079 2038 2092 2055; x_wconf 94' lang='lat'>,</span> <span class='ocrx_word' id='word_1_874' title='bbox 2117 2012 2187 2054; x_wconf 80' lang='lat' dir='ltr'>hoe</span> 
     </span>
     <span class='ocr_line' id='line_1_120' title="bbox 1243 2062 2189 2111; baseline -0.007 -7"><span class='ocrx_word' id='word_1_875' title='bbox 1243 2068 1284 2104; x_wconf 87' lang='lat' dir='ltr'>da</span> <span class='ocrx_word' id='word_1_876' title='bbox 1310 2066 1340 2102; x_wconf 87' lang='lat' dir='ltr'>se</span> <span class='ocrx_word' id='word_1_877' title='bbox 1366 2069 1467 2111; x_wconf 82' lang='lat' dir='ltr'>magis</span> <span class='ocrx_word' id='word_1_878' title='bbox 1480 2065 1598 2108; x_wconf 79' lang='lat' dir='ltr'>iudicat</span> <span class='ocrx_word' id='word_1_879' title='bbox 1610 2067 1774 2111; x_wconf 86' lang='lat' dir='ltr'>pertinere</span> <span class='ocrx_word' id='word_1_880' title='bbox 1802 2063 1984 2100; x_wconf 79' lang='lat' dir='ltr'>necredat.</span> <span class='ocrx_word' id='word_1_881' title='bbox 2013 2062 2189 2100; x_wconf 80' lang='lat' dir='ltr'>Postremo</span> 
     </span>
     <span class='ocr_line' id='line_1_121' title="bbox 1243 2113 2188 2166; baseline -0.007 -12"><span class='ocrx_word' id='word_1_882' title='bbox 1243 2117 1311 2166; x_wconf 84' lang='lat' dir='ltr'>ipsa</span> <span class='ocrx_word' id='word_1_883' title='bbox 1329 2116 1469 2153; x_wconf 81' lang='lat' dir='ltr'>charitas</span> <span class='ocrx_word' id='word_1_884' title='bbox 1487 2113 1818 2162; x_wconf 84' lang='lat' dir='ltr'>quaeomniacredit,</span> <span class='ocrx_word' id='word_1_885' title='bbox 1845 2126 1912 2148; x_wconf 87' lang='lat' dir='ltr'>non</span> <span class='ocrx_word' id='word_1_886' title='bbox 1940 2115 2031 2149; x_wconf 70' lang='lat' dir='ltr'>omni</span> <span class='ocrx_word' id='word_1_887' title='bbox 2059 2113 2188 2161; x_wconf 77' lang='lat' dir='ltr'>spiritui</span> 
     </span>
     <span class='ocr_line' id='line_1_122' title="bbox 1243 2161 2190 2212; baseline -0.004 -10"><span class='ocrx_word' id='word_1_888' title='bbox 1243 2167 1370 2204; x_wconf 85' lang='lat' dir='ltr'>credit:</span> <span class='ocrx_word' id='word_1_889' title='bbox 1398 2179 1433 2201; x_wconf 86' lang='lat' dir='ltr'>ac</span> <span class='ocrx_word' id='word_1_890' title='bbox 1457 2178 1514 2212; x_wconf 90' lang='lat' dir='ltr'>per</span> <span class='ocrx_word' id='word_1_891' title='bbox 1540 2164 1630 2207; x_wconf 86' lang='lat' dir='ltr'>hoc,</span> <span class='ocrx_word' id='word_1_892' title='bbox 1666 2167 1776 2199; x_wconf 83' lang='lat' dir='ltr'>omnia</span> <span class='ocrx_word' id='word_1_893' title='bbox 1802 2163 1938 2211; x_wconf 82' lang='lat' dir='ltr'>quidem</span> <span class='ocrx_word' id='word_1_894' title='bbox 1964 2162 2068 2199; x_wconf 87' lang='lat' dir='ltr'>credit</span> <span class='ocrx_word' id='word_1_895' title='bbox 2089 2187 2102 2205; x_wconf 93' lang='lat'>,</span> <span class='ocrx_word' id='word_1_896' title='bbox 2136 2161 2190 2199; x_wconf 80' lang='lat' dir='ltr'>sed</span> 
     </span>
     <span class='ocr_line' id='line_1_123' title="bbox 1243 2211 2191 2261; baseline -0.002 -12"><span class='ocrx_word' id='word_1_897' title='bbox 1243 2218 1342 2250; x_wconf 73' lang='lat' dir='ltr'>Deos</span> <span class='ocrx_word' id='word_1_898' title='bbox 1367 2218 1525 2261; x_wconf 83' lang='lat' dir='ltr'>quianon</span> <span class='ocrx_word' id='word_1_899' title='bbox 1550 2214 1677 2249; x_wconf 69' lang='lat' dir='ltr'>distum</span> <span class='ocrx_word' id='word_1_900' title='bbox 1691 2213 1753 2257; x_wconf 84' lang='lat' dir='ltr'>est,</span> <span class='ocrx_word' id='word_1_901' title='bbox 1776 2212 2076 2248; x_wconf 84' lang='lat' dir='ltr'>Omnibuscredit.</span> <span class='ocrx_word' id='word_1_902' title='bbox 2103 2211 2191 2248; x_wconf 78' lang='lat' dir='ltr'>Nul-</span> 
     </span>
    </p>

    <p class='ocr_par' dir='ltr' id='par_1_29' title="bbox 1241 2259 2191 2356">
     <span class='ocr_line' id='line_1_124' title="bbox 1241 2259 2191 2309; baseline 0.003 -14"><span class='ocrx_word' id='word_1_903' title='bbox 1241 2261 1265 2296; x_wconf 88' lang='lat' dir='ltr'>li</span> <span class='ocrx_word' id='word_1_904' title='bbox 1294 2265 1406 2307; x_wconf 87' lang='lat' dir='ltr'>itaque</span> <span class='ocrx_word' id='word_1_905' title='bbox 1432 2260 1572 2297; x_wconf 85' lang='lat' dir='ltr'>dubium</span> <span class='ocrx_word' id='word_1_906' title='bbox 1599 2259 1645 2296; x_wconf 88' lang='lat' dir='ltr'>est</span> <span class='ocrx_word' id='word_1_907' title='bbox 1665 2284 1678 2301; x_wconf 93' lang='lat'>,</span> <span class='ocrx_word' id='word_1_908' title='bbox 1710 2273 1783 2295; x_wconf 88' lang='lat' dir='ltr'>eam</span> <span class='ocrx_word' id='word_1_909' title='bbox 1819 2262 1922 2297; x_wconf 87' lang='lat' dir='ltr'>fidem</span> <span class='ocrx_word' id='word_1_910' title='bbox 1956 2261 1996 2297; x_wconf 83' lang='lat' dir='ltr'>ab</span> <span class='ocrx_word' id='word_1_911' title='bbox 2021 2260 2191 2309; x_wconf 79' lang='lat' dir='ltr'>Apostolo</span> 
     </span>
     <span class='ocr_line' id='line_1_125' title="bbox 1241 2309 1866 2356; baseline -0.002 -10"><span class='ocrx_word' id='word_1_912' title='bbox 1241 2309 1488 2352; x_wconf 88' lang='lat' dir='ltr'>commendari,</span> <span class='ocrx_word' id='word_1_913' title='bbox 1515 2321 1580 2356; x_wconf 80' lang='lat' dir='ltr'>qua</span> <span class='ocrx_word' id='word_1_914' title='bbox 1599 2309 1743 2345; x_wconf 89' lang='lat' dir='ltr'>creditur</span> <span class='ocrx_word' id='word_1_915' title='bbox 1769 2312 1866 2347; x_wconf 88' lang='lat' dir='ltr'>Deo.</span> 
     </span>
    </p>

    <p class='ocr_par' dir='ltr' id='par_1_30' title="bbox 1240 2357 2365 3253">
     <span class='ocr_line' id='line_1_126' title="bbox 1295 2357 2363 2419; baseline 0.003 -23"><span class='ocrx_word' id='word_1_916' title='bbox 1295 2360 1358 2396; x_wconf 88' lang='lat' dir='ltr'>Sed</span> <span class='ocrx_word' id='word_1_917' title='bbox 1384 2358 1493 2396; x_wconf 83' lang='lat' dir='ltr'>adhuc</span> <span class='ocrx_word' id='word_1_918' title='bbox 1520 2358 1647 2406; x_wconf 87' lang='lat' dir='ltr'>aliquid</span> <span class='ocrx_word' id='word_1_919' title='bbox 1673 2357 1921 2396; x_wconf 87' lang='lat' dir='ltr'>discernendum</span> <span class='ocrx_word' id='word_1_920' title='bbox 1934 2360 2002 2398; x_wconf 86' lang='lat' dir='ltr'>est.-</span> <span class='ocrx_word' id='word_1_921' title='bbox 2029 2366 2189 2409; x_wconf 79' lang='lat' dir='ltr'>quoniam</span> <span class='ocrx_word' id='word_1_922' title='bbox 2206 2381 2283 2409; x_wconf 72' lang='lat' dir='ltr'>Rom.</span> <span class='ocrx_word' id='word_1_923' title='bbox 2298 2391 2363 2419; x_wconf 80' lang='lat'><em>4-3·</em></span> 
     </span>
     <span class='ocr_line' id='line_1_127' title="bbox 1247 2406 2365 2456; baseline 0.009 -15"><span class='ocrx_word' id='word_1_924' title='bbox 1247 2414 1281 2446; x_wconf 87' lang='lat'>&amp;</span> <span class='ocrx_word' id='word_1_925' title='bbox 1307 2409 1355 2444; x_wconf 83' lang='lat' dir='ltr'>illi</span> <span class='ocrx_word' id='word_1_926' title='bbox 1381 2411 1439 2454; x_wconf 85' lang='lat' dir='ltr'>qui</span> <span class='ocrx_word' id='word_1_927' title='bbox 1466 2406 1525 2444; x_wconf 84' lang='lat' dir='ltr'>sub</span> <span class='ocrx_word' id='word_1_928' title='bbox 1551 2407 1622 2451; x_wconf 84' lang='lat' dir='ltr'>lege</span> <span class='ocrx_word' id='word_1_929' title='bbox 1648 2406 1721 2442; x_wconf 79' lang='lat' dir='ltr'>sunt</span> <span class='ocrx_word' id='word_1_930' title='bbox 1739 2431 1750 2447; x_wconf 82' lang='lat'>,</span> <span class='ocrx_word' id='word_1_931' title='bbox 1789 2411 1823 2443; x_wconf 75' lang='grc' dir='ltr'>δε</span> <span class='ocrx_word' id='word_1_932' title='bbox 1847 2411 1972 2443; x_wconf 78' lang='lat' dir='ltr'>timore</span> <span class='ocrx_word' id='word_1_933' title='bbox 2007 2421 2114 2456; x_wconf 66' lang='lat' dir='ltr'>puina</span> <span class='ocrx_word' id='word_1_934' title='bbox 2138 2412 2185 2455; x_wconf 69' lang='lat' dir='ltr'>jur</span> <span class='ocrx_word' id='word_1_935' title='bbox 2204 2419 2289 2450; x_wconf 81' lang='lat' dir='ltr'>Fides</span> <span class='ocrx_word' id='word_1_936' title='bbox 2316 2430 2365 2451; x_wconf 81' lang='lat' dir='ltr'>eo·-</span> 
     </span>
     <span class='ocr_line' id='line_1_128' title="bbox 1247 2453 2336 2499; baseline -0.003 -6"><span class='ocrx_word' id='word_1_937' title='bbox 1247 2458 1368 2493; x_wconf 80' lang='lat' dir='ltr'>stitiam</span> <span class='ocrx_word' id='word_1_938' title='bbox 1394 2455 1482 2494; x_wconf 81' lang='lat' dir='ltr'>suam</span> <span class='ocrx_word' id='word_1_939' title='bbox 1509 2453 1615 2491; x_wconf 84' lang='lat' dir='ltr'>facere</span> <span class='ocrx_word' id='word_1_940' title='bbox 1642 2464 1806 2491; x_wconf 88' lang='lat' dir='ltr'>conantur</span> <span class='ocrx_word' id='word_1_941' title='bbox 1824 2479 1836 2496; x_wconf 93' lang='lat'>‚</span> <span class='ocrx_word' id='word_1_942' title='bbox 1871 2459 1905 2492; x_wconf 85' lang='lat'>&amp;</span> <span class='ocrx_word' id='word_1_943' title='bbox 1940 2456 2017 2492; x_wconf 89' lang='lat' dir='ltr'>ideo</span> <span class='ocrx_word' id='word_1_944' title='bbox 2046 2470 2113 2494; x_wconf 85' lang='lat' dir='ltr'>non</span> <span class='ocrx_word' id='word_1_945' title='bbox 2140 2457 2183 2497; x_wconf 50' lang='lat' dir='ltr'>fi,</span> <span class='ocrx_word' id='word_1_946' title='bbox 2203 2468 2265 2489; x_wconf 83' lang='lat' dir='ltr'>rum</span> <span class='ocrx_word' id='word_1_947' title='bbox 2286 2462 2336 2499; x_wconf 86' lang='lat' dir='ltr'>qui</span> 
     </span>
     <span class='ocr_line' id='line_1_129' title="bbox 1247 2499 2342 2553; baseline 0.001 -11"><span class='ocrx_word' id='word_1_948' title='bbox 1247 2509 1340 2543; x_wconf 88' lang='lat' dir='ltr'>ciunt</span> <span class='ocrx_word' id='word_1_949' title='bbox 1366 2507 1432 2541; x_wconf 89' lang='lat' dir='ltr'>Dei</span> <span class='ocrx_word' id='word_1_950' title='bbox 1460 2502 1618 2548; x_wconf 84' lang='lat' dir='ltr'>justitiam</span> <span class='ocrx_word' id='word_1_951' title='bbox 1639 2529 1648 2545; x_wconf 89' lang='lat'><strong><em>‚</em></strong></span> <span class='ocrx_word' id='word_1_952' title='bbox 1684 2507 1761 2552; x_wconf 87' lang='lat' dir='ltr'>quia</span> <span class='ocrx_word' id='word_1_953' title='bbox 1793 2502 1931 2542; x_wconf 82' lang='lat' dir='ltr'>charitas</span> <span class='ocrx_word' id='word_1_954' title='bbox 1964 2519 2035 2543; x_wconf 87' lang='lat' dir='ltr'>eam</span> <span class='ocrx_word' id='word_1_955' title='bbox 2068 2507 2146 2545; x_wconf 84' lang='lat' dir='ltr'>facit</span> <span class='ocrx_word' id='word_1_956' title='bbox 2169 2534 2182 2553; x_wconf 83' lang='lat'>,</span> <span class='ocrx_word' id='word_1_957' title='bbox 2201 2499 2342 2546; x_wconf 39' lang='lat' dir='ltr'>sublege·</span> 
     </span>
     <span class='ocr_line' id='line_1_130' title="bbox 1248 2539 2363 2611; baseline 0.003 -20"><span class='ocrx_word' id='word_1_958' title='bbox 1248 2567 1348 2604; x_wconf 86' lang='lat' dir='ltr'>quam</span> <span class='ocrx_word' id='word_1_959' title='bbox 1375 2562 1444 2590; x_wconf 85' lang='lat' dir='ltr'>non</span> <span class='ocrx_word' id='word_1_960' title='bbox 1470 2551 1552 2591; x_wconf 86' lang='lat' dir='ltr'>libet</span> <span class='ocrx_word' id='word_1_961' title='bbox 1578 2551 1635 2588; x_wconf 75' lang='lat' dir='ltr'>nisi</span> <span class='ocrx_word' id='word_1_962' title='bbox 1662 2554 1864 2601; x_wconf 87' lang='lat' dir='ltr'>quodlicet,</span> <span class='ocrx_word' id='word_1_963' title='bbox 1888 2568 1957 2592; x_wconf 87' lang='lat' dir='ltr'>non</span> <span class='ocrx_word' id='word_1_964' title='bbox 1978 2559 2099 2600; x_wconf 85' lang='lat' dir='ltr'>timor,</span> <span class='ocrx_word' id='word_1_965' title='bbox 2124 2563 2181 2609; x_wconf 81' lang='lat' dir='ltr'>qui</span> <span class='ocrx_word' id='word_1_966' title='bbox 2198 2539 2363 2611; x_wconf 46' lang='lat' dir='ltr'>gugggflffff</span> 
     </span>
     <span class='ocr_line' id='line_1_131' title="bbox 1248 2601 2280 2653; baseline 0.005 -11"><span class='ocrx_word' id='word_1_967' title='bbox 1248 2608 1382 2650; x_wconf 82' lang='lat' dir='ltr'>cogitur</span> <span class='ocrx_word' id='word_1_968' title='bbox 1407 2609 1440 2642; x_wconf 88' lang='lat' dir='ltr'>in</span> <span class='ocrx_word' id='word_1_969' title='bbox 1466 2615 1568 2650; x_wconf 84' lang='lat' dir='ltr'>opere</span> <span class='ocrx_word' id='word_1_970' title='bbox 1594 2601 1714 2640; x_wconf 84' lang='lat' dir='ltr'>habere</span> <span class='ocrx_word' id='word_1_971' title='bbox 1739 2605 1833 2653; x_wconf 91' lang='lat' dir='ltr'>quod</span> <span class='ocrx_word' id='word_1_972' title='bbox 1859 2604 1957 2648; x_wconf 87' lang='lat' dir='ltr'>licet,</span> <span class='ocrx_word' id='word_1_973' title='bbox 1991 2619 2067 2644; x_wconf 89' lang='lat' dir='ltr'>cum</span> <span class='ocrx_word' id='word_1_974' title='bbox 2091 2607 2183 2647; x_wconf 81' lang='lat' dir='ltr'>aliud</span> <span class='ocrx_word' id='word_1_975' title='bbox 2199 2628 2280 2651; x_wconf 66' lang='lat' dir='ltr'>rum.</span> 
     </span>
     <span class='ocr_line' id='line_1_132' title="bbox 1249 2653 2182 2706; baseline 0.003 -14"><span class='ocrx_word' id='word_1_976' title='bbox 1249 2654 1367 2692; x_wconf 83' lang='lat' dir='ltr'>habeat</span> <span class='ocrx_word' id='word_1_977' title='bbox 1393 2658 1426 2689; x_wconf 90' lang='lat' dir='ltr'>in</span> <span class='ocrx_word' id='word_1_978' title='bbox 1453 2653 1646 2696; x_wconf 80' lang='lat' dir='ltr'>voluntate,</span> <span class='ocrx_word' id='word_1_979' title='bbox 1672 2666 1736 2701; x_wconf 84' lang='lat' dir='ltr'>qua</span> <span class='ocrx_word' id='word_1_980' title='bbox 1762 2654 1894 2699; x_wconf 84' lang='lat' dir='ltr'>mallet,</span> <span class='ocrx_word' id='word_1_981' title='bbox 1919 2655 1942 2693; x_wconf 90' lang='lat' dir='ltr'>fi</span> <span class='ocrx_word' id='word_1_982' title='bbox 1967 2655 2039 2694; x_wconf 82' lang='lat' dir='ltr'>fieri</span> <span class='ocrx_word' id='word_1_983' title='bbox 2067 2657 2182 2706; x_wconf 68' lang='lat' dir='ltr'>pollet,</span> 
     </span>
     <span class='ocr_line' id='line_1_133' title="bbox 1249 2703 2182 2753; baseline 0.004 -11"><span class='ocrx_word' id='word_1_984' title='bbox 1249 2706 1350 2742; x_wconf 91' lang='lat' dir='ltr'>licere</span> <span class='ocrx_word' id='word_1_985' title='bbox 1365 2704 1459 2753; x_wconf 84' lang='lat' dir='ltr'>quod</span> <span class='ocrx_word' id='word_1_986' title='bbox 1480 2703 1665 2740; x_wconf 70' lang='lat' dir='ltr'>nonlicet:</span> <span class='ocrx_word' id='word_1_987' title='bbox 1692 2707 1726 2741; x_wconf 79' lang='grc' dir='ltr'>δι</span> <span class='ocrx_word' id='word_1_988' title='bbox 1757 2704 1804 2741; x_wconf 93' lang='lat' dir='ltr'>illi</span> <span class='ocrx_word' id='word_1_989' title='bbox 1830 2717 1910 2752; x_wconf 84' lang='lat' dir='ltr'>ergo</span> <span class='ocrx_word' id='word_1_990' title='bbox 1938 2707 2078 2744; x_wconf 85' lang='lat' dir='ltr'>creduut</span> <span class='ocrx_word' id='word_1_991' title='bbox 2104 2710 2182 2746; x_wconf 84' lang='lat' dir='ltr'>Deo</span> 
     </span>
     <span class='ocr_line' id='line_1_134' title="bbox 1251 2754 2181 2805; baseline 0.004 -14"><span class='ocrx_word' id='word_1_992' title='bbox 1251 2767 1326 2793; x_wconf 88' lang='lat' dir='ltr'>nam</span> <span class='ocrx_word' id='word_1_993' title='bbox 1344 2754 1368 2790; x_wconf 83' lang='lat' dir='ltr'>si</span> <span class='ocrx_word' id='word_1_994' title='bbox 1388 2756 1527 2790; x_wconf 88' lang='lat' dir='ltr'>omnino</span> <span class='ocrx_word' id='word_1_995' title='bbox 1547 2766 1616 2790; x_wconf 87' lang='lat' dir='ltr'>non</span> <span class='ocrx_word' id='word_1_996' title='bbox 1637 2754 1829 2797; x_wconf 83' lang='lat' dir='ltr'>crederent,</span> <span class='ocrx_word' id='word_1_997' title='bbox 1855 2768 1914 2794; x_wconf 87' lang='lat' dir='ltr'>nec</span> <span class='ocrx_word' id='word_1_998' title='bbox 1941 2769 2071 2803; x_wconf 81' lang='lat' dir='ltr'>poenam</span> <span class='ocrx_word' id='word_1_999' title='bbox 2099 2758 2181 2805; x_wconf 84' lang='lat' dir='ltr'>legis</span> 
     </span>
     <span class='ocr_line' id='line_1_135' title="bbox 1249 2803 2183 2853; baseline 0.003 -11"><span class='ocrx_word' id='word_1_1000' title='bbox 1249 2808 1364 2853; x_wconf 86' lang='lat' dir='ltr'>utique</span> <span class='ocrx_word' id='word_1_1001' title='bbox 1381 2803 1620 2841; x_wconf 81' lang='lat' dir='ltr'>formidarent.</span> <span class='ocrx_word' id='word_1_1002' title='bbox 1646 2804 1708 2840; x_wconf 88' lang='lat' dir='ltr'>Sed</span> <span class='ocrx_word' id='word_1_1003' title='bbox 1727 2803 1814 2840; x_wconf 89' lang='lat' dir='ltr'>hanc</span> <span class='ocrx_word' id='word_1_1004' title='bbox 1842 2806 1944 2842; x_wconf 82' lang='lat' dir='ltr'>fidem</span> <span class='ocrx_word' id='word_1_1005' title='bbox 1972 2809 2183 2845; x_wconf 83' lang='lat' dir='ltr'>commendat</span> 
     </span>
     <span class='ocr_line' id='line_1_136' title="bbox 1249 2853 2360 2904; baseline -0.004 -14"><span class='ocrx_word' id='word_1_1006' title='bbox 1249 2854 1433 2904; x_wconf 71' lang='lat' dir='ltr'>Apostolus</span> <span class='ocrx_word' id='word_1_1007' title='bbox 1453 2856 1510 2902; x_wconf 87' lang='lat' dir='ltr'>qui</span> <span class='ocrx_word' id='word_1_1008' title='bbox 1530 2854 1634 2896; x_wconf 86' lang='lat' dir='ltr'>dicit,</span> <span class='ocrx_word' id='word_1_1009' title='bbox 1657 2853 1731 2890; x_wconf 69' lang='lat' dir='ltr'>Non</span> <span class='ocrx_word' id='word_1_1010' title='bbox 1750 2854 1834 2889; x_wconf 79' lang='lat' dir='ltr'>enim</span> <span class='ocrx_word' id='word_1_1011' title='bbox 1855 2854 2017 2902; x_wconf 74' lang='lat' dir='ltr'>accepistis</span> <span class='ocrx_word' id='word_1_1012' title='bbox 2028 2857 2183 2903; x_wconf 74' lang='lat' dir='ltr'>spiritum</span> <span class='ocrx_word' id='word_1_1013' title='bbox 2200 2858 2360 2893; x_wconf 80' lang='lat' dir='ltr'>Rom-8.x5.</span> 
     </span>
     <span class='ocr_line' id='line_1_137' title="bbox 1240 2902 2183 2954; baseline 0.002 -16"><span class='ocrx_word' id='word_1_1014' title='bbox 1240 2904 1412 2954; x_wconf 70' lang='lat' dir='ltr'>servitutis</span> <span class='ocrx_word' id='word_1_1015' title='bbox 1431 2913 1547 2939; x_wconf 71' lang='lat' dir='ltr'>iterum</span> <span class='ocrx_word' id='word_1_1016' title='bbox 1573 2903 1606 2937; x_wconf 83' lang='lat' dir='ltr'>in</span> <span class='ocrx_word' id='word_1_1017' title='bbox 1625 2902 1790 2948; x_wconf 74' lang='lat' dir='ltr'>timorem,</span> <span class='ocrx_word' id='word_1_1018' title='bbox 1811 2904 1875 2950; x_wconf 75' lang='lat' dir='ltr'>sod</span> <span class='ocrx_word' id='word_1_1019' title='bbox 1898 2904 2063 2953; x_wconf 62' lang='lat' dir='ltr'>accepistis</span> <span class='ocrx_word' id='word_1_1020' title='bbox 2083 2906 2183 2952; x_wconf 74' lang='lat' dir='ltr'>spiri.</span> 
     </span>
     <span class='ocr_line' id='line_1_138' title="bbox 1248 2952 2307 3006; baseline 0.003 -16"><span class='ocrx_word' id='word_1_1021' title='bbox 1248 2964 1314 2990; x_wconf 81' lang='lat' dir='ltr'>tum</span> <span class='ocrx_word' id='word_1_1022' title='bbox 1331 2952 1512 2998; x_wconf 82' lang='lat' dir='ltr'>adoptionis</span> <span class='ocrx_word' id='word_1_1023' title='bbox 1523 2952 1689 2997; x_wconf 83' lang='lat' dir='ltr'>filiorum,</span> <span class='ocrx_word' id='word_1_1024' title='bbox 1715 2952 1750 2987; x_wconf 84' lang='lat' dir='ltr'>in</span> <span class='ocrx_word' id='word_1_1025' title='bbox 1769 2965 1829 2998; x_wconf 87' lang='lat' dir='ltr'>quo</span> <span class='ocrx_word' id='word_1_1026' title='bbox 1848 2953 2044 2997; x_wconf 73' lang='lat' dir='ltr'>clamamus,</span> <span class='ocrx_word' id='word_1_1027' title='bbox 2071 2956 2181 3000; x_wconf 71' lang='lat' dir='ltr'>Abba,</span> <span class='ocrx_word' id='word_1_1028' title='bbox 2198 2976 2307 3006; x_wconf 89' lang='lat' dir='ltr'>Timor</span> 
     </span>
     <span class='ocr_line' id='line_1_139' title="bbox 1244 3002 2324 3054; baseline 0.002 -15"><span class='ocrx_word' id='word_1_1029' title='bbox 1244 3014 1357 3052; x_wconf 73' lang='lat' dir='ltr'>pater.</span> <span class='ocrx_word' id='word_1_1030' title='bbox 1383 3006 1508 3041; x_wconf 86' lang='lat' dir='ltr'>Timor</span> <span class='ocrx_word' id='word_1_1031' title='bbox 1527 3015 1608 3050; x_wconf 83' lang='lat' dir='ltr'>ergo</span> <span class='ocrx_word' id='word_1_1032' title='bbox 1625 3002 1679 3040; x_wconf 89' lang='lat' dir='ltr'>ille</span> <span class='ocrx_word' id='word_1_1033' title='bbox 1698 3003 1818 3040; x_wconf 73' lang='lat' dir='ltr'>servilis</span> <span class='ocrx_word' id='word_1_1034' title='bbox 1837 3003 1904 3043; x_wconf 75' lang='lat' dir='ltr'>ests</span> <span class='ocrx_word' id='word_1_1035' title='bbox 1927 3008 1961 3040; x_wconf 87' lang='lat'>&amp;</span> <span class='ocrx_word' id='word_1_1036' title='bbox 1981 3004 2061 3042; x_wconf 88' lang='lat' dir='ltr'>ideo</span> <span class='ocrx_word' id='word_1_1037' title='bbox 2069 3017 2324 3054; x_wconf 61' lang='lat' dir='ltr'>‹pram-sewius,</span> 
     </span>
     <span class='ocr_line' id='line_1_140' title="bbox 1247 3054 2180 3100; baseline 0.002 -8"><span class='ocrx_word' id='word_1_1038' title='bbox 1247 3059 1297 3092; x_wconf 83' lang='lat' dir='ltr'>vis</span> <span class='ocrx_word' id='word_1_1039' title='bbox 1317 3058 1350 3091; x_wconf 89' lang='lat' dir='ltr'>in</span> <span class='ocrx_word' id='word_1_1040' title='bbox 1370 3054 1430 3093; x_wconf 90' lang='lat' dir='ltr'>illo</span> <span class='ocrx_word' id='word_1_1041' title='bbox 1451 3056 1607 3091; x_wconf 88' lang='lat' dir='ltr'>Domino</span> <span class='ocrx_word' id='word_1_1042' title='bbox 1626 3054 1802 3098; x_wconf 83' lang='lat' dir='ltr'>credatur,</span> <span class='ocrx_word' id='word_1_1043' title='bbox 1826 3067 1893 3090; x_wconf 84' lang='lat' dir='ltr'>non</span> <span class='ocrx_word' id='word_1_1044' title='bbox 1921 3065 2029 3091; x_wconf 84' lang='lat' dir='ltr'>tamen</span> <span class='ocrx_word' id='word_1_1045' title='bbox 2058 3056 2180 3100; x_wconf 73' lang='lat' dir='ltr'>justitia</span> 
     </span>
     <span class='ocr_line' id='line_1_141' title="bbox 1246 3103 2179 3152; baseline 0.001 -10"><span class='ocrx_word' id='word_1_1046' title='bbox 1246 3106 1419 3152; x_wconf 79' lang='lat' dir='ltr'>diligitur,</span> <span class='ocrx_word' id='word_1_1047' title='bbox 1444 3103 1498 3142; x_wconf 71' lang='lat' dir='ltr'>fed</span> <span class='ocrx_word' id='word_1_1048' title='bbox 1515 3103 1685 3142; x_wconf 83' lang='lat' dir='ltr'>damnatio</span> <span class='ocrx_word' id='word_1_1049' title='bbox 1712 3107 1863 3141; x_wconf 86' lang='lat' dir='ltr'>timetur.</span> <span class='ocrx_word' id='word_1_1050' title='bbox 1902 3104 1974 3142; x_wconf 87' lang='lat' dir='ltr'>Filii</span> <span class='ocrx_word' id='word_1_1051' title='bbox 2004 3117 2086 3141; x_wconf 84' lang='lat' dir='ltr'>vero</span> <span class='ocrx_word' id='word_1_1052' title='bbox 2115 3106 2179 3145; x_wconf 84' lang='lat' dir='ltr'>cla-</span> 
     </span>
     <span class='ocr_line' id='line_1_142' title="bbox 1247 3153 2353 3210; baseline 0 -17"><span class='ocrx_word' id='word_1_1053' title='bbox 1247 3167 1361 3198; x_wconf 82' lang='lat' dir='ltr'>mant,</span> <span class='ocrx_word' id='word_1_1054' title='bbox 1387 3153 1506 3196; x_wconf 83' lang='lat' dir='ltr'><em>Abba,</em></span> <span class='ocrx_word' id='word_1_1055' title='bbox 1529 3163 1645 3199; x_wconf 71' lang='lat' dir='ltr'>pater,</span> <span class='ocrx_word' id='word_1_1056' title='bbox 1670 3166 1810 3202; x_wconf 87' lang='lat' dir='ltr'>quarum</span> <span class='ocrx_word' id='word_1_1057' title='bbox 1828 3154 1969 3191; x_wconf 85' lang='lat' dir='ltr'>duarum</span> <span class='ocrx_word' id='word_1_1058' title='bbox 1979 3167 2100 3193; x_wconf 86' lang='lat' dir='ltr'>vocum</span> <span class='ocrx_word' id='word_1_1059' title='bbox 2114 3169 2179 3194; x_wconf 79' lang='lat' dir='ltr'>una</span> <span class='ocrx_word' id='word_1_1060' title='bbox 2194 3176 2274 3209; x_wconf 80' lang='lat' dir='ltr'>Rom.</span> <span class='ocrx_word' id='word_1_1061' title='bbox 2297 3183 2353 3210; x_wconf 80' lang='lat'><strong>2·9·</strong></span> 
     </span>
     <span class='ocr_line' id='line_1_143' title="bbox 1247 3203 2178 3253; baseline 0.004 -13"><span class='ocrx_word' id='word_1_1062' title='bbox 1247 3205 1294 3243; x_wconf 80' lang='lat' dir='ltr'>est</span> <span class='ocrx_word' id='word_1_1063' title='bbox 1313 3217 1352 3245; x_wconf 82' lang='lat' dir='ltr'>ex</span> <span class='ocrx_word' id='word_1_1064' title='bbox 1373 3203 1643 3248; x_wconf 79' lang='lat' dir='ltr'>circumcisione,</span> <span class='ocrx_word' id='word_1_1065' title='bbox 1667 3205 1766 3241; x_wconf 83' lang='lat' dir='ltr'>altera</span> <span class='ocrx_word' id='word_1_1066' title='bbox 1791 3217 1832 3242; x_wconf 77' lang='lat' dir='ltr'>ex</span> <span class='ocrx_word' id='word_1_1067' title='bbox 1861 3208 2049 3253; x_wconf 81' lang='lat' dir='ltr'>praeputio,</span> <span class='ocrx_word' id='word_1_1068' title='bbox 2074 3206 2178 3247; x_wconf 76' lang='lat' dir='ltr'>Judaei</span> 
     </span>
    </p>
   </div>
   <div class='ocr_carea' id='block_1_17' title="bbox 2224 1542 2355 1573">
    <p class='ocr_par' dir='ltr' id='par_1_31' title="bbox 2224 1542 2355 1573">
     <span class='ocr_line' id='line_1_144' title="bbox 2224 1542 2355 1573; baseline -0.015 -1"><span class='ocrx_word' id='word_1_1069' title='bbox 2224 1542 2336 1573; x_wconf 83' lang='lat' dir='ltr'>udanda</span> <span class='ocrx_word' id='word_1_1070' title='bbox 2347 1561 2355 1570; x_wconf 90' lang='lat'><strong>.</strong></span> 
     </span>
    </p>
   </div>
   <div class='ocr_carea' id='block_1_18' title="bbox 1240 3254 2353 3850">
    <p class='ocr_par' dir='ltr' id='par_1_32' title="bbox 1240 3254 2353 3850">
     <span class='ocr_line' id='line_1_145' title="bbox 1247 3254 2353 3311; baseline -0.002 -18"><span class='ocrx_word' id='word_1_1071' title='bbox 1247 3259 1394 3303; x_wconf 82' lang='lat' dir='ltr'>primum</span> <span class='ocrx_word' id='word_1_1072' title='bbox 1413 3258 1447 3291; x_wconf 87' lang='lat'>&amp;</span> <span class='ocrx_word' id='word_1_1073' title='bbox 1468 3256 1597 3292; x_wconf 80' lang='lat' dir='ltr'>Graeei:</span> <span class='ocrx_word' id='word_1_1074' title='bbox 1623 3254 1768 3299; x_wconf 83' lang='lat' dir='ltr'>quoniam</span> <span class='ocrx_word' id='word_1_1075' title='bbox 1786 3266 1868 3290; x_wconf 77' lang='lat' dir='ltr'>unus</span> <span class='ocrx_word' id='word_1_1076' title='bbox 1888 3254 1931 3298; x_wconf 85' lang='lat' dir='ltr'>est</span> <span class='ocrx_word' id='word_1_1077' title='bbox 1952 3254 2040 3290; x_wconf 84' lang='lat' dir='ltr'>Deus</span> <span class='ocrx_word' id='word_1_1078' title='bbox 2059 3254 2178 3300; x_wconf 73' lang='lat' dir='ltr'>quiju·</span> <span class='ocrx_word' id='word_1_1079' title='bbox 2194 3273 2353 3311; x_wconf 46' lang='lat' dir='ltr'>Rom·3,30‚</span> 
     </span>
     <span class='ocr_line' id='line_1_146' title="bbox 1240 3302 2177 3351; baseline 0.001 -15"><span class='ocrx_word' id='word_1_1080' title='bbox 1240 3305 1360 3348; x_wconf 79' lang='lat' dir='ltr'>flificat</span> <span class='ocrx_word' id='word_1_1081' title='bbox 1380 3302 1642 3344; x_wconf 78' lang='lat' dir='ltr'>circumcisionem</span> <span class='ocrx_word' id='word_1_1082' title='bbox 1664 3316 1702 3337; x_wconf 84' lang='lat' dir='ltr'>ex</span> <span class='ocrx_word' id='word_1_1083' title='bbox 1714 3303 1783 3346; x_wconf 82' lang='lat' dir='ltr'>fide</span> <span class='ocrx_word' id='word_1_1084' title='bbox 1803 3303 1845 3338; x_wconf 73' lang='lat'>&lt;9¹</span> <span class='ocrx_word' id='word_1_1085' title='bbox 1859 3303 2055 3350; x_wconf 71' lang='lat' dir='ltr'>praeputium</span> <span class='ocrx_word' id='word_1_1086' title='bbox 2068 3305 2177 3351; x_wconf 71' lang='lat' dir='ltr'>perfi-</span> 
     </span>
     <span class='ocr_line' id='line_1_147' title="bbox 1244 3353 2176 3402; baseline 0 -11"><span class='ocrx_word' id='word_1_1087' title='bbox 1244 3354 1334 3391; x_wconf 80' lang='lat' dir='ltr'>dem.</span> <span class='ocrx_word' id='word_1_1088' title='bbox 1359 3358 1450 3392; x_wconf 85' lang='lat' dir='ltr'>Cum</span> <span class='ocrx_word' id='word_1_1089' title='bbox 1479 3365 1588 3391; x_wconf 79' lang='lat' dir='ltr'>autem</span> <span class='ocrx_word' id='word_1_1090' title='bbox 1617 3353 1780 3395; x_wconf 80' lang='lat' dir='ltr'>clamant,</span> <span class='ocrx_word' id='word_1_1091' title='bbox 1805 3354 1931 3401; x_wconf 82' lang='lat' dir='ltr'>aliquid</span> <span class='ocrx_word' id='word_1_1092' title='bbox 1961 3366 2103 3402; x_wconf 85' lang='lat' dir='ltr'>petunt:</span> <span class='ocrx_word' id='word_1_1093' title='bbox 2140 3359 2176 3397; x_wconf 71' lang='grc' dir='ltr'>δι</span> 
     </span>
     <span class='ocr_line' id='line_1_148' title="bbox 1244 3401 2175 3453; baseline 0.001 -11"><span class='ocrx_word' id='word_1_1094' title='bbox 1244 3405 1325 3453; x_wconf 86' lang='lat' dir='ltr'>quid</span> <span class='ocrx_word' id='word_1_1095' title='bbox 1346 3414 1481 3452; x_wconf 84' lang='lat' dir='ltr'>petunt,</span> <span class='ocrx_word' id='word_1_1096' title='bbox 1509 3403 1567 3442; x_wconf 85' lang='lat' dir='ltr'>nifi</span> <span class='ocrx_word' id='word_1_1097' title='bbox 1586 3404 1677 3451; x_wconf 86' lang='lat' dir='ltr'>quod</span> <span class='ocrx_word' id='word_1_1098' title='bbox 1688 3401 1876 3440; x_wconf 88' lang='lat' dir='ltr'>esuriunt&amp;</span> <span class='ocrx_word' id='word_1_1099' title='bbox 1897 3403 2026 3442; x_wconf 84' lang='lat' dir='ltr'>fitiunt?</span> <span class='ocrx_word' id='word_1_1100' title='bbox 2051 3403 2175 3443; x_wconf 86' lang='lat' dir='ltr'>Ethoc</span> 
     </span>
     <span class='ocr_line' id='line_1_149' title="bbox 1245 3452 2352 3512; baseline -0.002 -19"><span class='ocrx_word' id='word_1_1101' title='bbox 1245 3455 1326 3502; x_wconf 83' lang='lat' dir='ltr'>quid</span> <span class='ocrx_word' id='word_1_1102' title='bbox 1345 3453 1411 3495; x_wconf 85' lang='lat' dir='ltr'>est,</span> <span class='ocrx_word' id='word_1_1103' title='bbox 1438 3453 1495 3491; x_wconf 85' lang='lat' dir='ltr'>nifi</span> <span class='ocrx_word' id='word_1_1104' title='bbox 1516 3455 1610 3501; x_wconf 89' lang='lat' dir='ltr'>quod</span> <span class='ocrx_word' id='word_1_1105' title='bbox 1628 3454 1669 3490; x_wconf 88' lang='lat' dir='ltr'>de</span> <span class='ocrx_word' id='word_1_1106' title='bbox 1680 3452 1744 3489; x_wconf 82' lang='lat' dir='ltr'>illis</span> <span class='ocrx_word' id='word_1_1107' title='bbox 1766 3454 1894 3491; x_wconf 63' lang='lat' dir='ltr'>dictum</span> <span class='ocrx_word' id='word_1_1108' title='bbox 1913 3453 1979 3497; x_wconf 89' lang='lat' dir='ltr'>est,</span> <span class='ocrx_word' id='word_1_1109' title='bbox 2005 3454 2108 3490; x_wconf 76' lang='lat' dir='ltr'>Beati</span> <span class='ocrx_word' id='word_1_1110' title='bbox 2118 3456 2175 3500; x_wconf 76' lang='lat' dir='ltr'>qui</span> <span class='ocrx_word' id='word_1_1111' title='bbox 2190 3474 2352 3512; x_wconf 37' lang='grc' dir='ltr'>Μωλςῶ,</span> 
     </span>
     <span class='ocr_line' id='line_1_150' title="bbox 1244 3501 2172 3550; baseline 0.002 -13"><span class='ocrx_word' id='word_1_1112' title='bbox 1244 3503 1385 3550; x_wconf 65' lang='lat' dir='ltr'>esuriunt</span> <span class='ocrx_word' id='word_1_1113' title='bbox 1404 3501 1447 3537; x_wconf 72' lang='lat'>(9⁵</span> <span class='ocrx_word' id='word_1_1114' title='bbox 1464 3501 1583 3542; x_wconf 75' lang='lat' dir='ltr'>fitium</span> <span class='ocrx_word' id='word_1_1115' title='bbox 1598 3501 1774 3547; x_wconf 72' lang='lat' dir='ltr'>justitiam,</span> <span class='ocrx_word' id='word_1_1116' title='bbox 1801 3502 1951 3548; x_wconf 82' lang='lat' dir='ltr'>quoniam</span> <span class='ocrx_word' id='word_1_1117' title='bbox 1971 3502 2033 3549; x_wconf 75' lang='lat' dir='ltr'>ipsi</span> <span class='ocrx_word' id='word_1_1118' title='bbox 2043 3501 2172 3550; x_wconf 76' lang='lat' dir='ltr'>satura·</span> 
     </span>
     <span class='ocr_line' id='line_1_151' title="bbox 1245 3552 2172 3602; baseline 0.001 -12"><span class='ocrx_word' id='word_1_1119' title='bbox 1245 3554 1387 3590; x_wconf 68' lang='lat' dir='ltr'>buntur?</span> <span class='ocrx_word' id='word_1_1120' title='bbox 1412 3555 1489 3590; x_wconf 82' lang='lat' dir='ltr'>Huc</span> <span class='ocrx_word' id='word_1_1121' title='bbox 1510 3564 1593 3598; x_wconf 75' lang='lat' dir='ltr'>ergo</span> <span class='ocrx_word' id='word_1_1122' title='bbox 1613 3552 1771 3590; x_wconf 68' lang='lat' dir='ltr'>transtant</span> <span class='ocrx_word' id='word_1_1123' title='bbox 1792 3557 1849 3602; x_wconf 91' lang='lat' dir='ltr'>qui</span> <span class='ocrx_word' id='word_1_1124' title='bbox 1879 3553 1937 3590; x_wconf 82' lang='lat' dir='ltr'>sub</span> <span class='ocrx_word' id='word_1_1125' title='bbox 1966 3553 2038 3600; x_wconf 79' lang='lat' dir='ltr'>lege</span> <span class='ocrx_word' id='word_1_1126' title='bbox 2067 3554 2172 3598; x_wconf 63' lang='lat' dir='ltr'>sunt,</span> 
     </span>
     <span class='ocr_line' id='line_1_152' title="bbox 1243 3601 2172 3643; baseline 0 -2"><span class='ocrx_word' id='word_1_1127' title='bbox 1243 3614 1282 3643; x_wconf 90' lang='lat' dir='ltr'>ut</span> <span class='ocrx_word' id='word_1_1128' title='bbox 1299 3615 1340 3640; x_wconf 85' lang='lat' dir='ltr'>ex</span> <span class='ocrx_word' id='word_1_1129' title='bbox 1360 3601 1456 3639; x_wconf 81' lang='lat' dir='ltr'>servis</span> <span class='ocrx_word' id='word_1_1130' title='bbox 1477 3603 1537 3639; x_wconf 82' lang='lat' dir='ltr'>filii</span> <span class='ocrx_word' id='word_1_1131' title='bbox 1556 3603 1653 3639; x_wconf 78' lang='lat' dir='ltr'>fiant:</span> <span class='ocrx_word' id='word_1_1132' title='bbox 1679 3615 1738 3640; x_wconf 88' lang='lat' dir='ltr'>nec</span> <span class='ocrx_word' id='word_1_1133' title='bbox 1760 3602 1800 3640; x_wconf 83' lang='lat' dir='ltr'>fic</span> <span class='ocrx_word' id='word_1_1134' title='bbox 1822 3614 1927 3641; x_wconf 86' lang='lat' dir='ltr'>tamen</span> <span class='ocrx_word' id='word_1_1135' title='bbox 1948 3615 1983 3640; x_wconf 90' lang='lat' dir='ltr'>ut</span> <span class='ocrx_word' id='word_1_1136' title='bbox 2002 3604 2083 3640; x_wconf 87' lang='lat' dir='ltr'>servi</span> <span class='ocrx_word' id='word_1_1137' title='bbox 2106 3602 2172 3641; x_wconf 61' lang='lat' dir='ltr'>effi</span> 
     </span>
     <span class='ocr_line' id='line_1_153' title="bbox 1243 3651 2172 3701; baseline -0.001 -11"><span class='ocrx_word' id='word_1_1138' title='bbox 1243 3653 1409 3691; x_wconf 64' lang='lat' dir='ltr'>desistam</span> <span class='ocrx_word' id='word_1_1139' title='bbox 1436 3651 1486 3689; x_wconf 84' lang='lat' dir='ltr'>sed</span> <span class='ocrx_word' id='word_1_1140' title='bbox 1508 3663 1544 3689; x_wconf 87' lang='lat' dir='ltr'>ut</span> <span class='ocrx_word' id='word_1_1141' title='bbox 1562 3664 1729 3700; x_wconf 86' lang='lat' dir='ltr'>tamquam</span> <span class='ocrx_word' id='word_1_1142' title='bbox 1758 3653 1815 3688; x_wconf 84' lang='lat' dir='ltr'>filii</span> <span class='ocrx_word' id='word_1_1143' title='bbox 1846 3656 1999 3692; x_wconf 86' lang='lat' dir='ltr'>Domino</span> <span class='ocrx_word' id='word_1_1144' title='bbox 2027 3656 2061 3691; x_wconf 74' lang='grc' dir='ltr'>δε</span> <span class='ocrx_word' id='word_1_1145' title='bbox 2089 3657 2172 3701; x_wconf 77' lang='lat' dir='ltr'>patri</span> 
     </span>
     <span class='ocr_line' id='line_1_154' title="bbox 1244 3701 2344 3751; baseline 0.003 -12"><span class='ocrx_word' id='word_1_1146' title='bbox 1244 3702 1419 3743; x_wconf 86' lang='lat' dir='ltr'>liberaliter</span> <span class='ocrx_word' id='word_1_1147' title='bbox 1439 3701 1595 3745; x_wconf 80' lang='lat' dir='ltr'>serviant,</span> <span class='ocrx_word' id='word_1_1148' title='bbox 1622 3706 1698 3749; x_wconf 87' lang='lat' dir='ltr'>quia</span> <span class='ocrx_word' id='word_1_1149' title='bbox 1717 3705 1750 3738; x_wconf 77' lang='grc' dir='ltr'>δι</span> <span class='ocrx_word' id='word_1_1150' title='bbox 1778 3701 1847 3739; x_wconf 91' lang='lat' dir='ltr'>hoc</span> <span class='ocrx_word' id='word_1_1151' title='bbox 1872 3715 2100 3750; x_wconf 62' lang='lat' dir='ltr'>acceperunn,</span> <span class='ocrx_word' id='word_1_1152' title='bbox 2117 3703 2169 3739; x_wconf 65' lang='lat' dir='ltr'>d«.</span> <span class='ocrx_word' id='word_1_1153' title='bbox 2180 3713 2344 3751; x_wconf 83' lang='lat' dir='ltr'>Joan.1.12.</span> 
     </span>
     <span class='ocr_line' id='line_1_155' title="bbox 1243 3751 2172 3797; baseline -0.002 -7"><span class='ocrx_word' id='word_1_1154' title='bbox 1243 3753 1294 3790; x_wconf 71' lang='lat' dir='ltr'>dit</span> <span class='ocrx_word' id='word_1_1155' title='bbox 1312 3756 1400 3791; x_wconf 84' lang='lat' dir='ltr'>enim</span> <span class='ocrx_word' id='word_1_1156' title='bbox 1418 3751 1603 3797; x_wconf 70' lang='lat' dir='ltr'>potestatem</span> <span class='ocrx_word' id='word_1_1157' title='bbox 1631 3751 1685 3789; x_wconf 87' lang='lat' dir='ltr'>ille</span> <span class='ocrx_word' id='word_1_1158' title='bbox 1717 3754 1860 3795; x_wconf 84' lang='lat' dir='ltr'>Unicus,</span> <span class='ocrx_word' id='word_1_1159' title='bbox 1888 3751 1978 3796; x_wconf 79' lang='lat' dir='ltr'>filios</span> <span class='ocrx_word' id='word_1_1160' title='bbox 2007 3752 2074 3789; x_wconf 85' lang='lat' dir='ltr'>Dei</span> <span class='ocrx_word' id='word_1_1161' title='bbox 2093 3753 2172 3796; x_wconf 74' lang='lat' dir='ltr'>fieri</span> 
     </span>
     <span class='ocr_line' id='line_1_156' title="bbox 1248 3800 2172 3850; baseline 0.001 -12"><span class='ocrx_word' id='word_1_1162' title='bbox 1248 3800 1448 3839; x_wconf 65' lang='lat' dir='ltr'>credentibus</span> <span class='ocrx_word' id='word_1_1163' title='bbox 1466 3802 1499 3834; x_wconf 75' lang='lat' dir='ltr'>in</span> <span class='ocrx_word' id='word_1_1164' title='bbox 1519 3801 1639 3837; x_wconf 66' lang='lat' dir='ltr'>nomine</span> <span class='ocrx_word' id='word_1_1165' title='bbox 1659 3803 1750 3845; x_wconf 72' lang='lat' dir='ltr'>ejus:</span> <span class='ocrx_word' id='word_1_1166' title='bbox 1775 3802 1896 3850; x_wconf 84' lang='lat' dir='ltr'>cosque</span> <span class='ocrx_word' id='word_1_1167' title='bbox 1905 3803 2074 3842; x_wconf 76' lang='lat' dir='ltr'>admonuit</span> <span class='ocrx_word' id='word_1_1168' title='bbox 2085 3814 2172 3850; x_wconf 86' lang='lat' dir='ltr'>pete-</span> 
     </span>
    </p>
   </div>
   <div class='ocr_carea' id='block_1_19' title="bbox 81 3849 2171 3905">
    <p class='ocr_par' dir='ltr' id='par_1_33' title="bbox 81 3849 2171 3905">
     <span class='ocr_line' id='line_1_157' title="bbox 81 3849 2171 3905; baseline -0.003 -11"><span class='ocrx_word' id='word_1_1169' title='bbox 81 3874 178 3905; x_wconf 81' lang='lat' dir='ltr'>luntas</span> <span class='ocrx_word' id='word_1_1170' title='bbox 198 3884 216 3905; x_wconf 64' lang='lat' dir='ltr'>a</span> <span class='ocrx_word' id='word_1_1171' title='bbox 259 3854 418 3904; x_wconf 74' lang='lat' dir='ltr'>seriptum</span> <span class='ocrx_word' id='word_1_1172' title='bbox 441 3853 508 3897; x_wconf 86' lang='lat' dir='ltr'>est,</span> <span class='ocrx_word' id='word_1_1173' title='bbox 531 3855 609 3902; x_wconf 74' lang='lat' dir='ltr'>quia</span> <span class='ocrx_word' id='word_1_1174' title='bbox 633 3864 749 3890; x_wconf 83' lang='lat' dir='ltr'>verum</span> <span class='ocrx_word' id='word_1_1175' title='bbox 773 3863 843 3889; x_wconf 89' lang='lat' dir='ltr'>non</span> <span class='ocrx_word' id='word_1_1176' title='bbox 867 3849 935 3889; x_wconf 86' lang='lat' dir='ltr'>est:</span> <span class='ocrx_word' id='word_1_1177' title='bbox 959 3851 1081 3900; x_wconf 86' lang='lat' dir='ltr'>alioqui</span> <span class='ocrx_word' id='word_1_1178' title='bbox 1092 3855 1189 3890; x_wconf 87' lang='lat' dir='ltr'>etiam</span> <span class='ocrx_word' id='word_1_1179' title='bbox 1248 3866 1304 3897; x_wconf 87' lang='lat' dir='ltr'>re,</span> <span class='ocrx_word' id='word_1_1180' title='bbox 1330 3864 1494 3901; x_wconf 72' lang='lat' dir='ltr'>quaerere,</span> <span class='ocrx_word' id='word_1_1181' title='bbox 1521 3852 1661 3900; x_wconf 76' lang='lat' dir='ltr'>pulsare,</span> <span class='ocrx_word' id='word_1_1182' title='bbox 1688 3863 1725 3890; x_wconf 88' lang='lat' dir='ltr'>ut</span> <span class='ocrx_word' id='word_1_1183' title='bbox 1743 3855 1925 3900; x_wconf 80' lang='lat' dir='ltr'>accipiant,</span> <span class='ocrx_word' id='word_1_1184' title='bbox 1949 3857 2171 3896; x_wconf 55' lang='lat' dir='ltr'>&amp;inveniann</span> 
     </span>
    </p>
   </div>
   <div class='ocr_carea' id='block_1_20' title="bbox 2084 3906 2119 3938">
    <p class='ocr_par' dir='ltr' id='par_1_34' title="bbox 2084 3906 2119 3938">
     <span class='ocr_line' id='line_1_158' title="bbox 2084 3906 2119 3938; baseline 0 0"><span class='ocrx_word' id='word_1_1185' title='bbox 2084 3906 2119 3938; x_wconf 86' lang='lat'>&amp;</span> 
     </span>
    </p>
   </div>
  </div>
 </body>
</html>
