2652 4126
313 760 344 797 ὓ.
367 774 392 797 1.

264 1455 370 1491 ‘Joam
385 1465 440 1495 ω,

218 1980 220 1982 ,
256 1952 300 1989 Pfi
319 1955 348 1980 6.
363 1961 390 1991 7.

476 238 585 307 236
669 230 943 289 SCRIPTA
984 241 1064 284 ET
1106 238 1540 289 MoNUMENTA
1581 243 1730 304 QUAE
1772 243 1869 289 OP·
1896 227 2318 295 §.PROSPERL

514 453 569 489 Ex
592 446 784 484 enarratione
809 441 945 488 ejusdem
969 443 1002 477 in
1027 440 1195 485 'Psalmum
1222 445 1353 481 CXLIX.

784 492 868 541 vers.
897 504 924 528 1.
944 502 1029 546 nnm.
1053 502 1081 527 ι.

555 630 798 670 AUDEMUS
823 630 1018 669 Dominum
1044 630 1079 665 &
1105 629 1138 662 in
1164 638 1250 662 voce
1273 650 1286 667 ,
1311 629 1346 663 &
1373 628 1406 663 in

468 693 471 697 ·
579 679 777 722 intellectu,
801 682 836 715 δι
861 681 897 715 in
921 689 1026 727 opere
1042 675 1165 713 bono:
1192 680 1226 713 δε
1254 675 1407 716 ficutnos

468 729 630 770 hortatur
664 729 726 766 iste
750 727 898 771 Plalmus
925 728 950 771 ,'
971 737 1145 767 cantemus
1177 730 1209 762 ei
1235 730 1406 764 canticum

466 791 600 819 novum
618 806 628 821 ,.
656 783 709 817 Sic
734 782 826 817 enim
851 780 957 826 coepit
985 791 994 812 ε
1019 782 1156 816 cantate
1181 780 1311 815 Domino
1336 790 1408 815 can—

464 834 566 867 ticum
591 842 711 873 novum
734 856 742 871 ,
770 832 877 870 Vetus
903 827 1015 871 homo
1036 853 1049 874 ‚
1076 838 1173 869 vetus
1198 830 1369 867 canticum
1397 841 1407 862 z

465 891 577 920 novus
602 878 715 919 homo
736 905 748 925 ‚
774 891 906 916 novum
933 881 1103 915 canticum
1122 905 1131 914 .
1156 880 1265 915 Vetus
1290 879 1326 914 Τ
1327 876 1407 916 esta-

463 941 619 967 mentum
641 955 654 973 ,
690 940 788 971 vetus
813 933 1013 971 canticum:
1051 941 1182 970 novum
1210 927 1407 969 Testamen—

463 991 540 1018 tum
559 1005 573 1026 ,
598 993 729 1018 novum
756 983 927 1017 canticum
946 1006 954 1021 ,
981 982 1023 1018 In
1048 982 1156 1018 veteri
1182 978 1405 1021 Testamento

463 1032 702 1080 promiffiones
728 1030 804 1074 sunt
829 1030 1034 1079 temporales
1060 1034 1094 1069 δε
1112 1040 1271 1067 terrenae.
1300 1027 1403 1079 Quis·

462 1084 537 1129 quis
570 1093 703 1122 terrena
735 1081 849 1128 diligit
874 1106 886 1123 ‚
921 1091 1016 1120 vetus
1043 1078 1222 1119 'canticum
1256 1089 1366 1117 cantat
1393 1092 1403 1114 ε

460 1135 522 1179 qui
548 1131 625 1174 yult
649 1141 782 1168 cantare
802 1134 971 1174 canticum
991 1142 1146 1171 novum,
1171 1129 1290 1175 diligat
1311 1140 1404 1165 aeter·

462 1193 523 1223 na,
549 1181 623 1230 Ipsa
648 1181 789 1217 dileetio
815 1193 905 1221 nova
931 1178 979 1218 est
1004 1184 1038 1221 ,δε
1055 1191 1198 1222 aetcrna:
1224 1179 1302 1218 ideo
1323 1179 1404 1218 sem-

460 1240 524 1278 per
548 1243 638 1273 nova
660 1256 671 1272 ‚
707 1235 785 1283 quia
810 1241 998 1278 numquam
1024 1228 1198 1269 veterascit
1217 1258 1225 1266 .
1261 1233 1353 1266 Nam
1380 1229 1403 1265 fi

460 1280 546 1317 bene
573 1279 760 1320 confideres
784 1284 962 1327 antiquum
998 1279 1046 1319 est
1070 1279 1143 1317 hoc
1163 1304 1171 1313 .
1207 1280 1404 1327 Quomodo

460 1343 544 1379 ergo
569 1329 618 1367 est
644 1343 776 1368 novum
799 1333 812 1374 Ξ
837 1330 1020 1378 Numquid
1039 1355 1052 1372 ,
1076 1334 1210 1370 Fratres
1235 1334 1331 1374 mei,·
1352 1334 1402 1370 vi-

459 1392 492 1417 ta
528 1392 650 1418 aeterna
686 1381 796 1417 modo
831 1391 907 1417 nata
945 1380 1032 1423 est?
1068 1384 1152 1418 Vita
1186 1392 1307 1418 aeterna
1334 1382 1403 1429 ipse

457 1428 621 1475 Christus
647 1430 717 1474 est,
744 1436 778 1467 δε
805 1430 989 1474 secundum
1006 1431 1221 1468 divinitatem
1249 1446 1318 1467 non
1330 1445 1404 1466 mo-

457 1506 484 1525 „
509 1481 557 1517 do
584 1492 680 1518 natus
706 1481 754 1518 est
779 1495 789 1522 ς
815 1485 894 1530 quia
914 1507 925 1523 ,
952 1485 993 1518 In
1020 1485 1193 1530 principio
1219 1493 1290 1518 erat
1318 1485 1405 1520 Ver,

458 1557 485 1575 ‚‚
508 1530 618 1574 bum,
643 1536 678 1569 &
703 1530 861 1572 Verbum
886 1542 958 1568 erat
983 1532 1074 1580 apud
1101 1535 1218 1573 Deum
1246 1537 1279 1569 δι
1306 1535 1404 1569 Deus

455 1606 484 1626 ‚‚
508 1593 579 1618 erat
604 1580 762 1626 Verbum
789 1597 798 1618 :
834 1581 905 1619 hoc
930 1593 1002 1619 erat
1041 1586 1075 1622 in
1110 1586 1287 1631 principio
1313 1582 1404 1631 apud

458 1657 484 1675 ‚‚
510 1635 626 1670 Deum
651 1657 662 1667 .
686 1635 818 1669 Omnia
843 1646 905 1682 per
932 1632 1041 1680 ipsum
1070 1633 1157 1673 facta
1182 1633 1278 1677 sunt,
1304 1638 1339 1674 ,ἃ
1367 1633 1403 1670 fi-

455 1707 482 1725 „
509 1682 652 1732 neipfo
676 1683 804 1720 fafium
830 1683 879 1720 est
908 1683 1015 1719 nihil.
1042 1687 1074 1720 Si
1101 1696 1176 1732 quae
1202 1697 1263 1732 per
1291 1683 1399 1732 ipsum

454 1732 542 1769 faeta
567 1734 641 1769 sunt
668 1759 680 1776 ,
717 1737 854 1781 antiqua
880 1732 954 1769 sunt
980 1747 990 1772 3
1024 1734 1105 1782 quid
1131 1734 1180 1770 est
1205 1733 1273 1782 ipse
1292 1759 1304 1776 ‚
1342 1747 1401 1782 per

454 1795 558 1829 quern
585 1783 671 1819 fasta
697 1782 771 1819 sunt
794 1785 806 1817 ?
831 1782 938 1831 quid,
964 1783 1025 1822 nifi
1051 1794 1192 1824 aeternus
1212 1810 1224 1827 ‚
1250 1789 1282 1822 δι’
1310 1789 1401 1824 Patri

454 1835 664 1879 coaeternus?
690 1833 754 1878 Sed
779 1845 841 1869 nos
868 1830 991 1880 delapsi
1020 1837 1053 1872 in
1081 1846 1258 1882 peccatum
1278 1848 1398 1882 perve—

452 1885 565 1919 nimus
590 1882 634 1920 ad
659 1882 861 1920 vetustatem
886 1911 894 1918 .
922 1883 1051 1922 Nostra
1070 1888 1161 1925 enim
1190 1898 1261 1920 vox
1288 1884 1336 1920 est
1364 1888 1397 1921 in

451 1931 517 1967 illo
543 1931 701 1973 Psalm0‚
727 1930 783 1968 ubi
812 1931 938 1969 dicitur
964 1946 1042 1968 cum
1069 1938 1201 1981 gemitu
1223 1960 1235 1977 ,
1262 1938 1398 1974 Invete-

451 1985 524 2017 ravi
545 1984 580 2016 in
602 1981 764 2026 omnibus
786 1985 932 2019 inimicis
952 1986 1035 2020 meis
1063 2012 1071 2019 .
1098 1988 1309 2025 Inveteravit
1334 1985 1398 2021 ho-v

450 2043 511 2066 mo
548 2044 608 2078 per
642 2042 820 2079 peccatum
847 2057 859 2074 ,
901 2036 1084 2071 innovatur
1121 2047 1181 2082 per
1214 2039 1358 2083 gratiam
1388 2063 1396 2072 .

451 2084 584 2117 Omnes
610 2094 695 2128 ergo
721 2086 780 2130 qui
803 2084 1014 2118 innovantur
1041 2088 1072 2120 in
1093 2083 1264 2127 Christo,
1291 2097 1329 2122 ut
1353 2085 1397 2127 ad

451 2133 559 2167 vitam
578 2141 753 2169 .aeternam
789 2134 954 2180 incipiant
976 2139 1191 2181 pertinere,
1226 2129 1398 2178 canticum

451 2193 580 2226 novum
593 2206 603 2225 ,
629 2193 763 2227 cantant
782 2210 788 2219 .
1209 2195 1211 2197 ·

510 2391 564 2421 Ex
579 2385 715 2432 ejusdem
740 2386 935 2420 enarratione
948 2385 1083 2427 secunda
1111 2388 1146 2420 in
1167 2384 1334 2427 ‘Psalmum

712 2438 852 2471 XXXIII·
870 2431 954 2483 verfi
975 2446 1007 2478 9.
1026 2446 1054 2469 n.
1078 2444 1133 2483 13.
1189 2459 1200 2463 ,,
1223 2471 1229 2476 .

458 2552 461 2555 ·
531 2543 630 2575 Batus
667 2538 725 2572 vir
758 2538 824 2580 qui·
845 2509 955 2579 speret
990 2538 1033 2575 int
1054 2511 1156 2571 euml
1190 2505 1275 2574 ’I-loc
1310 2508 1393 2582 quid

555 2600 640 2637 opus
667 2584 716 2623 est
742 2585 801 2621 diu
825 2585 980 2631 exponi?
1007 2584 1264 2633 Quisquis=non
1286 2583 1393 2632 sperat

455 2644 490 2678 in
515 2640 697 2679 Domino,
723 2634 823 2673 miser
849 2633 898 2669 est
919 2661 927 2670 .
954 2638 1042 2679 Quis
1068 2635 1127 2675 est·
1143 2638 1202 2682 qui
1228 2647 1298 2670 non
1324 2634 1404 2682 spe÷⁴

455 2699 507 2727 tat
534 2693 567 2725 in
595 2687 786 2724 Domino?
812 2680 893 2730 Qui*
911 2687 944 2720 in
971 2684 1002 2719 se
1029 2683 1136 2732 sperat
1160 2682 1172 2720 .’
1196 2684 1394 2731 Aliquando

456 2739 550 2787 quod
579 2739 670 2786 pejus
695 2735 767 2778 est,
791 2738 1002 2776 Fratres‘mei
1023 2734 1217 2776 adtendite,
1244 2734 1393 2783 aliquan-

457 2789 505 2825 do
529 2788 688 2824 homines
715 2785 838 2821 nolunt
863 2784 994 2831 sperare
1021 2787 1055 2820 in
1082 2785 1111 2822 se
1133 2811 1145 2828 ,
1174 2783 1229 2821 sed
1257 2787 1291 2820 in
1317 2784 1391 2821 aliis

457 2836 674 2878 hominibus,
701 2835 797 2872 Salva
822 2833 922 2870 salute
947 2834 1095 2882 Gan-sei,
1115 2834 1203 2875 nihil
1225 2833 1310 2871 mihi
1332 2842 1393 2883 po-

456 2899 506 2925 tes
533 2888 641 2924 facere
661 2913 669 2922 .
706 2886 753 2921 Et
776 2884 866 2925 forte
902 2884 1059 2932 loquitur
1084 2885 1125 2922 de
1152 2884 1297 2922 homine
1322 2886 1388 2932 jam

458 2948 618 2975 mortuo.
645 2939 685 2972 In
711 2935 771 2972 ista
796 2938 934 2971 civitate
959 2935 1042 2971 dicit
1061 2961 1072 2978 ‚
1098 2936 1197 2973 Salva
1221 2935 1323 2973 salute
1351 2935 1390 2971 il-

458 2988 523 3025 lius
543 3013 555 3030 ,
589 2991 624 3025 θ(
651 2985 708 3022 ille
735 2989 769 3023 in
795 2985 868 3022 aliis
895 2985 980 3021 locis
1005 2985 1096 3022 forte
1115 2996 1280 3022 mortuus
1305 2985 1353 3021 est
1380 3012 1388 3020 .

458 3039 506 3079 Et
531 3049 632 3085 quam
657 3040 728 3073 cito
753 3035 870 3072 dicunt
895 3034 1055 3073 homines
1079 3034 1175 3076 hoc.-
1200 3041 1235 3077 δι
1263 3034 1391 3072 nondi-

460 3097 540 3126 cunt
558 3113 571 3131 ‚
597 3086 715 3127 Credo
739 3088 820 3122 Deo
841 3110 853 3128 ‚
877 3089 956 3132 quia
981 3099 1051 3122 non
1076 3097 1110 3121 te
1138 3089 1306 3137 permittit
1331 3098 1392 3121 no-

460 3150 534 3174 cere
561 3136 649 3172 mihi
669 3164 677 3173 .
711 3140 794 3174 Non
829 3135 945 3173 dicunt
967 3161 979 3178 ‚
1015 3136 1133 3172 Credo
1159 3138 1240 3171 Deo
1274 3149 1352 3171 meo
1379 3161 1392 3177 ,

461 3191 538 3234 quia
563 3191 597 3226 ,δε
624 3186 647 3223 fi
671 3196 705 3222 te
731 3184 917 3233 permiserit
943 3185 984 3220 ad
1009 3185 1136 3233 aliquid
1162 3198 1285 3221 meum¹
1305 3210 1316 3227 ,
1350 3185 1391 3221 ad

462 3241 607 3275 animam
633 3247 743 3272 meam
770 3247 838 3274 non
864 3244 896 3269 te
924 3239 1096 3281 permittet
1117 3263 1124 3270 .
1152 3235 1214 3271 Sed
1239 3248 1317 3271 cum
1343 3236 1392 3271 di-

461 3297 541 3323 cunt
564 3313 575 3328 ‚
610 3285 705 3324 Salva
731 3284 832 3321 salute
859 3283 950 3319 illius
977 3297 989 3324 ,·
1023 3297 1084 3320 nec
1117 3284 1241 3321 volunt
1266 3285 1392 3321 habere

462 3336 597 3373 salutem
618 3361 630 3378 ,
656 3340 691 3373 &
716 3335 792 3372 illos
819 3345 982 3382 gravant,
1009 3347 1069 3383 per
1094 3345 1180 3382 qu'os
1199 3346 1318 3384 putant
1335 3334 1394 3377 ha-

463 3385 540 3428 bere
564 3386 720 3423 salutem.
1189 3404 1192 3409 -

1315 3522 1387 3533 ψ.-

546 3594 598 3629 ,Ex
616 3589 722 3623 eadem
740 3592 932 3625 enarratione
950 3593 982 3625 in
999 3589 1161 3632 'Psalmum
1179 3595 1314 3624 XXXIII.

635 3637 718 3681 vers.
748 3649 800 3673 10.
819 3639 861 3675 (5·
893 3648 944 3677 11.
964 3652 993 3675 n.
1018 3651 1069 3685 14.
1089 3641 1131 3676 (φ
1155 3648 1207 3681 15.

469 3782 657 3873 MUlti
684 3795 859 3831 propterea
886 3788 1007 3823 nolunt
1033 3790 1153 3822 timere
1175 3790 1390 3828 Dominum,

606 3844 646 3869 ne
671 3831 793 3869 famem
820 3839 1009 3880 patiantur.
1037 3839 1173 3873 Dicitur
1200 3837 1291 3879 illis,
1318 3839 1391 3873 No-

1465 330 1527 369 lite
1552 325 1706 365 fraudem
1731 325 1841 365 faeere
1861 353 1869 362 .
1895 329 1942 365 Et
1964 326 2085 364 dicunt
2101 353 2114 371 ,
2138 328 2239 366 Unde
2265 341 2322 371 me
2344 341 2400 377 pa-

1461 383 1554 424 sto?
1578 381 1663 415 Non
1690 377 1802 426 potest
1826 390 1880 414 ars
1903 377 1970 415 fine
1996 377 2184 426 impostura
2209 378 2271 419 ess'e
2291 404 2308 423 ι
2329 391 2401 416 non

1464 428 1579 486 ‚Potest
1605 431 1781 477 negotium
1810 425 1872 465 effe
1897 427 1962 465 sine
1987 427 2133 468 fraude.
2158 429 2223 469 Sed
2243 429 2401 473 fraudem

1462 485 1564 532 'punit
1598 483 1694 521 Deus
1720 506 1728 515 .
1761 480 1867 517 Time
1902 481 2018 519 Deum
2052 486 2061 515 ·.
2093 478 2160 519 sed
2193 479 2218 517 fi
2249 484 2401 518 timuero

1464 536 1604 574 Deum,
1629 543 1699 567 non
1725 527 1840 567 habeo
1863 529 1954 568 unde
1977 532 2095 568 vivam
2114 557 2122 565 .
2142 533 2276 568 ‘Timete-
2296 534 2402 572 Domi-

1465 595 1541 623 num
1565 594 1666 621 omnes
1686 579 1791 625 sanffi
1815 579 1906 626 ejus,
1929 583 2076 629 quoniam
2100 578 2279 623 nihil=deell
2289 584 2402 622 timen-

1466 633 1552 671 tibus
1574 644 1646 669 eum
1660 659 1668 667 .
1691 634 1846 678 copiam
1872 633 2051 680 promittit
2077 630 2220 679 trepido
2237 656 2249 673 ‚
2272 635 2318 670 vssc
2341 630 2403 668 du—

1465 684 1589 723 bitanti
1614 694 1656 719 ne
1681 680 1704 717 si
1729 680 1819 718 forte
1844 683 2001 720 timuerit·
2025 683 2221 718 Dominum
2250 679 2401 721 dest-rant

1465 731 1758 780 illum>superflua
1777 758 1785 766 .
1809 729 1963 775 Pascebat
1989 742 2024 769 te
2050 733 2223 770 Dominus
2249 742 2402 768 contem-

1465 795 1603 821 nentem
1630 782 1683 824 sc,
1708 786 1741 818 &
1766 780 1895 817 deseret
1920 793 1952 819 te
1978 785 2158 823 timentem
2186 782 2216 823 st
2233 785 2251 819 2.
2270 781 2402 825 Adten—

1465 835 1530 878 de,
1554 839 1590 871 δε
1611 833 1687 870 noli
1712 831 1851 873 dicere,
1876 831 1939 869 Ille
1961 831 2059 869 dives
2083 831 2155 876 est,
2179 837 2214 870 &
2236 845 2307 881 ego
2323 845 2402 882 pau-

1466 898 1527 935 per
1553 884 1629 923 sum
1645 898 1656 922 ⁴:
1690 894 1755 929 ego
1779 886 1890 919 timeo
1915 884 2111 921 Dominum
2131 907 2142 925 ‚
2181 883 2239 921 ille
2265 895 2334 923 non
2361 886 2402 919 ti-

1462 935 1592 974 mendo
1626 944 1792 982 quantum
1827 932 2009 979 adquifivit
2035 957 2047 974 ,
2079 937 2115 969 δι’,
2147 946 2215 980 ego
2244 933 2401 972 timendo

1464 986 1573 1027 nudus
1598 983 1667 1025 sum
1683 1011 1691 1023 ,.
1718 982 1842 1020 Videte
1864 982 1949 1031 quid
1975 983 2150 1031 sequitur:
2172 987 2304 1022 Divites
2313 995 2402 1028 egue-

1461 1047 1536 1074 runt
1569 1037 1614 1076 &
1638 1034 1807 1079 esurierunt
1826 1057 1837 1076 ,
1873 1037 2061 1081 inquirentes
2096 1043 2205 1071 aurem
2230 1037 2402 1073 Dominum
2418 1024 2488 1063 vers:
2512 1031 2556 1053 '¹’

1460 1101 1520 1127 non
1543 1089 1723 1126 minuentur
1756 1087 1840 1119 omni
1863 1083 1936 1121 bono
1963 1111 1971 1122 ‚
2007 1087 2039 1120 Si
2062 1083 2117 1121 ad
2142 1079 2292 1121 litteram
2319 1086 2404 1123 acci·

1462 1142 1558 1190 pias,
1585 1135 1719 1175 videtur
1744 1146 1778 1171 te
1805 1133 1920 1175 fallere
1940 1161 1949 1171 .
1990 1133 2146 1182 Respicis
2171 1138 2265 1173 enim
2291 1134 2404 1173 multo

1460 1190 1583 1227 divites
1610 1190 1750 1234 iniquos?
1781 1189 1872 1221 mori
1898 1189 1932 1224 in
1967 1184 2100 1221 divitiis
2125 1184 2189 1225 suis
2218 1211 2230 1228 ,
2262 1198 2332 1220 non
2359 1184 2405 1220 fa—

1463 1242 1538 1276 ctos
1563 1235 1655 1278 fuiffe
1682 1248 1843 1287 pauperes
1861 1261 1873 1278 ‚
1898 1238 2129 1276 cum-vivunt
2151 1249 2160 1273 5
2203 1235 2298 1275 vides
2325 1235 2404 1271 illos

1463 1288 1628 1329 senescere
1650 1314 1661 1330 ,
1700 1286 1836 1334 perduci
1862 1286 1906 1325 ad
1931 1286 2093 1325 ultimum
2119 1289 2200 1323 vitae
2222 1290 2311 1325 inter
2335 1297 2404 1328 ma·
2434 1324 2436 1328 ,
2460 1324 2463 1327 ,

1466 1353 1546 1387 gnas
1573 1341 1690 1385 copias
1715 1337 1937 1379 divitiarum,
1962 1335 2141 1375 celebraris
2167 1339 2214 1372 eis
2239 1348 2404 1388 pompam

1464 1390 1590 1428 funeris
1616 1391 1649 1424 in
1675 1385 2057 1435 magnis‘e'ffufionibus3
2084 1386 2224 1434 perduci
2243 1385 2406 1434 usquead

1464 1440 1655 1489 sepulcrum
1680 1437 1826 1474 divitem
1845 1463 1858 1480 ,
1889 1441 1947 1485 qui
1975 1442 2009 1474 δε
2035 1436 2218 1486 exspiravit
2244 1440 2278 1477 in
2309 1437 2405 1475 lectis

1463 1491 1643 1532 eburnei-s,
1669 1486 1934 1534 circumfluent-e·
1951 1487 2079 1528 familia
2106 1486 2269 1527 suoru‘m3
2293 1490 2329 1524 δε
2354 1484 2405 1523 di-

1462 1546 1511 1579 cis
1537 1545 1572 1577 in
1597 1542 1715 1576 animo
1740 1549 1824 1580 tun,
1850 1536 1873 1574 fi
1898 1537 1987 1574 forte
2013 1537 2103 1574 nosti
2131 1538 2243 1586 aliqua
2267 1541 2302 1575 δε
2330 1548 2406 1584 pec-

1463 1603 1536 1628 cata
1562 1595 1596 1628 &
1622 1589 1744 1630 scelera
1771 1587 1869 1637 ipsius
1887 1614 1898 1631 ,
1923 1591 2002 1638 Ego
2028 1591 2110 1624 novi
2137 1598 2260 1636 quanta
2285 1586 2404 1625 fecerit

1462 1643 1525 1681 iste
1550 1641 1664 1678 homo
1683 1653 1694 1682 5
1720 1651 1798 1677 ecce
1824 1637 1930 1676 senuit
1953 1662 1966 1682 ‚
1991 1650 2157 1677 mortuus·
2174 1638 2227 1674 est.
2250 1641 2285 1676 in
2307 1636 2404 1685 5⁸30

1461 1694 1547 1735 suo,
1572 1690 1743 1729 deducunt
1770 1689 1869 1727 illum
1895 1687 1943 1728 sui
1969 1713 1982 1730 ‚
2007 1702 2135 1738 pompa
2163 1699 2252 1724 tanta
2279 1687 2404 1730 sunefis

1461 1743 1683 1783 celebratum
1709 1751 1775 1788 ego
1800 1742 1884 1776 novi
1909 1751 1983 1791 quae
2008 1739 2153 1779 secer-its
2186 1739 2323 1789 decepit
2346 1749 2404 1779 me

1461 1798 1637 1842 Scriptura
1663 1816 1679 1833 ‚-
1699 1795 1734 1828 δι
1760 1790 1882 1827 fefellit
1906 1815 1918 1833 ‚
1944 1789 2004 1829 ubi
2030 1789 2134 1828 audio
2160 1813 2172 1831 ‚
2210 1793 2246 1829 s&
2271 1797 2404 1834 canto,

1459 1849 1593 1881 Divites
1618 1851 1767 1888 eguerunt
1793 1839 2035 1884 (resumtum.
2062 1839 2218 1887 Quando
2227 1838 2288 1875 iste
2302 1842 2403 1889 ¹119}ss
2463 1885 2472 1894 .

1463 1895 1549 1931 fuit?
1578 1893 1730 1939 Quando
1757 1891 1924 1928 esurivit?
1949 1893 2142 1938 ,inquirentes
2166 1891 2405 1930 autentum&

1460 1958 1536 1982 num
1561 1958 1619 1981 non
1644 1946 1828 1984 minuentur
1853 1944 1936 1978 omni
1962 1941 2036 1979 bono
2052 1968 2060 1976 .
2086 1939 2256 1990 Quotidie
2282 1939 2323 1979 ad
2349 1938 2406 1975 ba-

1459 1996 1588 2033 filicam
1614 1993 1716 2040 surgo
1734 2019 1746 2036 ‚
1780 1991 1938 2040 quotidie
1963 2005 2052 2040 genu
2074 1991 2183 2032 Ὴεᾶο
2204 2016 2215 2033 ,
2248 1988 2405 2038 quotidie

1460 2049 1602 2095 inquiro
1627 2047 1824 2084 Dominum
1849 2068 1862 2087 ,
1887 2047 1921 2079 &
1948 2042 2039 2084 nihil
2065 2041 2148 2082 boni
2174 2039 2287 2081 habeo
2306 2054 2315 2078 ς
2331 2036 2404 2082 ,iste

1459 2110 1531 2135 non
1550 2094 1735 2144 ¹inquisivit
1752 2097 1959 2134 Dominum
1976 2118 2007 2135 .,,
2021 2097 2060 2132 δε
2078 2095 2179 2129 ,ἕαται
2197 2087 2404 2130 tamtam

1460 2147 1643 2183 defunctus>
1663 2144 1712 2179 est
1731 2169 1740 2178 .
1775 2147 1830 2180 sic
1854 2145 2062 2186 cogitantem
2083 2135 2235 2179 ,suffocat
2262 2138 2402 2184 laqueus

1458 2194 1623 2230 scandali.
1651 2190 1770 2229 Escam
1799 2190 1892 2226 enim
1918 2186 2101 2223 mortalem
2128 2190 2249 2233 quaerit
2275 2192 2310 2222 in
2337 2197 2404 2222 ter·

1457 2244 1575 2282 ra,·&
1603 2250 1720 2276 veram
1732 2236 1924 2273 mercedem
1944 2249 2013 2276 non
2024 2240 2146 2282 quaerit·
2171 2240 2205 2274 in
2232 2236 2400 2277 caelos&

1456 2293 1565 2327 mittit
1591 2298 1692 2334 caput
1720 2291 1752 2323 in
1780 2287 1938 2333 laqueum
1965 2283 2093 2320 diaboli
2116 2309 2127 2326 ‚
2163 2284 2400 2331 constringun-

1455 2352 1513 2375 tur
1539 2337 1730 2379 ‹zi-fauces,
1755 2340 1789 2372 δι
1815 2347 1906 2373 tenet
1932 2332 2088 2370 diabolus
2117 2333 2160 2371 ad
2185 2334 2400 2377 malefacien-

1456 2389 1563 2432 dum,
1586 2398 1626 2429 ut
1651 2387 1694 2423 sic
1719 2389 1874 2428 imitetur
1900 2384 1999 2425 illum
2020 2383 2191 2428 divitem,
2217 2388 2400 2433 quemruie

1455 2439 1514 2478 det
1541 2442 1575 2473 in
1603 2448 1694 2476 tanta
1719 2440 1819 2484 copia
1844 2436 2063 2475 defun-stum.
2230 2436 2232 2438 ’
2344 2456 2395 2480 27

1469 2509 1487 2512 w
1504 2487 1592 2525 Noli
1619 2499 1704 2533 ergo
1723 2486 1781 2523 Ι[ιε
1807 2486 1998 2533 intelligere
2019 2512 2027 2521 .
2068 2487 2115 2523 Et
2140 2485 2403 2534 quomodo-{ina

1455 2535 1629 2586 telligam?
1655 2541 1694 2576 In
1720 2535 1819 2577 bonis
1844 2535 2095 2587 spiritualibus.
2122 2536 2183 2573 Sed
2210 2535 2271 2575 ubi¹
2296 2534 2397 2577 sumt?

1453 2593 1538 2626 Non
1566 2587 1727 2624 videntur
1751 2587 1862 2624 oculis
1881 2613 1893 2630 ,
1929 2586 1984 2623 sed
2008 2586 2113 2626 corde
2138 2611 2159 2622 .»
2181 2589 2263 2623 Non
2291 2585 2398 2626 video

1456 2639 1523 2688 ipsa
1550 2638 1661 2675 bona.
1689 2637 1796 2676 Videt
1822 2637 1948 2686 illaqui
1973 2647 2081 2676 amat.
2107 2635 2299 2683 Iustitiam,
2325 2649 2396 2676 non

1455 2690 1559 2728 video
1587 2717 1594 2724 .
1621 2691 1824 2726 Nonienim
1850 2699 1971 2729 aurum
1996 2686 2046 2727 est
2071 2712 2085 2730 ,
2120 2697 2191 2725 non
2219 2690 2318 2731 ,enim
2345 2700 2398 2725 ar·

1455 2750 1596 2786 gentum
1622 2737 1671 2774 est
1692 2765 1700 2774 .
1726 2741 1759 2777 Si
1785 2750 1905 2779 aurum
1929 2736 2006 2775 esset
2024 2762 2036 2780 ,
2052 2737 2194 2774 videres
2215 2751 2224 2772 ε
2250 2742 2328 2785 quia
2355 2738 2398 2778 fi-

1452 2791 1510 2827 des
1537 2789 1584 2825 est
1603 2814 1615 2832 ,
1651 2801 1721 2826 non
1746 2789 1843 2827 vides
1860 2816 1869 2825 .
1903 2791 1949 2825 Et
1974 2787 1997 2824 fi
2023 2799 2093 2823 non
2128 2788 2223 2824 vides
2249 2788 2398 2835 fidem„

1451 2853 1555 2889 quare
1580 2852 1670 2877 amas
1693 2838 1828 2878 servum
1852 2838 2013 2879 fidelem?
2038 2842 2214 2886 Interroga
2226 2838 2394 2886 teipsumf'
2434 2884 2437 2889 p

1452 2891 1588 2939 qualem
1624 2889 1757 2927 servum
1792 2888 1904 2936 diligis
1929 2916 1937 2925 .
1973 2890 2077 2928 Forte
2112 2887 2215 2926 habes
2256 2888 2391 2927 servum

1451 2939 1667 2980 formosum,
1694 2938 1919 2981 staturosum,
1945 2937 2030 2974 bene
2055 2938 2306 2990 compulitum3
2334 2937 2390 2974 sed

1449 2991 1559 3027 furem
1580 3016 1592 3033 ,
1619 2992 1764 3039 nequam
1780 3014 1795 3032 ‚
1828 2988 2081 3029 fraudulentum
2101 3003 2112 3025 .·
2148 2986 2250 3023 habes
2276 2997 2390 3026 autem

1447 3042 1554 3078 alium
1580 3039 1670 3076 forte
1696 3051 1841 3087 parvum
1869 3038 1991 3080 statura
2012 3063 2028 3083 ,
2049 3036 2238 3078 deformem
2267 3037 2389 3080 facie„

1450 3092 1569 3128 colore
1595 3100 1711 3127 terrm
1736 3088 1791 3128 sed
1818 3088 1951 3129 fidelem
1972 3113 1985 3131 ,
2010 3098 2150 3138 parcum
2169 3113 2179 3128 ,
2206 3085 2390 3127 sobrium—2

1451 3140 1592 3178 adtende
1619 3153 1706 3187 rogo
1732 3150 1766 3176 te
1790 3158 1803 3182 5
1838 3151 1940 3188 quem
1966 3136 2108 3175 istorum
2135 3136 2285 3173 duorum
2312 3137 2391 3174 dili-

1450 3195 1499 3240 gis
1524 3194 1538 3227 ?
1571 3193 1603 3226 Si
1630 3189 1751 3226 oculos
1777 3193 1884 3230 carnis
1911 3191 2098 3234 interrogas
2117 3211 2128 3227 ,
2165 3191 2272 3226 vincit
2297 3187 2389 3236 apud

1451 3253 1485 3278 te
1514 3238 1656 3289 pulcher
1692 3239 1829 3284 injustus
1852 3252 1865 3276 .;
1899 3237 1922 3272 fi
1948 3237 2068 3275 oculos
2094 3237 2206 3274 cordis
2236 3263 2247 3280 ‚
2281 3241 2388 3275 vincit

1451 3290 1617 3328 deformis
1643 3290 1773 3327 fidelis.
1799 3288 1902 3324 Vides
1927 3299 2012 3333 ergo
2033 3312 2044 3327 ‚
2071 3287 2166 3335 quod
2189 3290 2239 3324 vis
2266 3297 2303 3325 ut
2328 3301 2387 3324 ex-

1451 3340 1568 3378 hibeat
1593 3339 1655 3376 tibi
1681 3340 1788 3384 alter,
1814 3337 1848 3375 id
1873 3336 1944 3380 est,
1972 3337 2097 3376 fidem:
2125 3335 2247 3373 exhibe
2275 3336 2324 3373 illi
2352 3342 2387 3378 &

1452 3403 1508 3428 tu.
1537 3394 1653 3435 Quare
1678 3387 1799 3437 gaudes
1824 3386 1866 3427 ad
1891 3400 1967 3424 eum
1997 3391 2056 3437 qui
2079 3386 2186 3424 ‘fidem
2213 3386 2274 3423 tibi
2290 3387 2387 3424 exhi-

1453 3441 1536 3482 bet,
1562 3445 1595 3476 &
1623 3439 1734 3476 laudas
1761 3450 1861 3478 eum,
1885 3436 1927 3473 de
1952 3437 2006 3474 his
2033 3436 2131 3477 bouis
2156 3450 2229 3485 quae
2255 3450 2324 3474 non
2337 3441 2385 3473 vi-

1453 3491 1575 3526 dentur
1601 3489 1659 3527 nist
1684 3487 1788 3524 oculo
1813 3486 1956 3524 cordis?
1989 3491 2081 3526 Cum
2111 3487 2255 3535 repletus
2282 3487 2386 3527 fixeris

1455 3538 1657 3588 spiritalibus
1683 3539 1810 3575 divitiis
1827 3563 1838 3580 ,
1863 3550 1990 3586 pauper
2015 3542 2078 3574 eris
2099 3541 2110 3574 ἒ
2137 3541 2182 3574 Et
2208 3538 2266 3573 ille
2290 3537 2384 3575 dives

1449 3590 1526 3626 ideo
1553 3589 1617 3625 fuit
1637 3614 1648 3631 ‚
1672 3592 1750 3634 quia
1776 3586 2077 3627 habebat'leehmr
2104 3588 2290 3623 eburneum
2311 3613 2323 3631 ‚
2348 3592 2383 3626 δε

1449 3651 1483 3675 tu
1513 3651 1638 3687 pauper
1663 3640 1696 3673 es
1723 3663 1734 3679 ,
1760 3639 1851 3683 cujus
1877 3637 2074 3675 cubiculum
2100 3638 2214 3674 cordis
2241 3638 2380 3686 plenum

1448 3689 1497 3726 est
1523 3692 1623 3725 tantis
1648 3691 1791 3735 gemmis
1813 3691 2007 3731 virtutum,
2032 3688 2382 3733 justitiae,.veritatis,

1444 3742 1596 3776 caritatis
1619 3763 1630 3779 ,
1657 3737 1734 3775 fidei
1756 3763 1767 3779 ‚
1793 3741 1960 3786 patientiae
1979 3765 1990 3781 ‚
2014 3741 2050 3775 z&
2077 3738 2286 3775 tolerantiae?
2311 3740 2382 3775 Ex-

1450 3789 1537 3836 plica
1556 3788 1689 3824 divitias
1707 3798 1801 3830 tum,
1827 3787 1850 3824 fi
1870 3786 1972 3825 habes
1985 3789 2058 3825 illas
2071 3813 2082 3829 ,
2107 3794 2142 3828 &
2160 3798 2320 3834 compara
2331 3788 2382 3824 di-

1450 3841 1542 3874 vitiis
1567 3837 1734 3874 divitum.
1763 3841 1811 3874 At
1839 3837 1895 3875 ille
1921 3841 1952 3874 in
1980 3849 2129 3876 mercatu
2151 3840 2280 3874 invenit
2305 3851 2377 3874 mu—

2285 3886 2330 3923 las

2418 565 2487 606 vers:
2508 575 2519 595 ι
2525 577 2554 598 o·

2423 1818 2600 1862 {ssa-vers·
2625 1845 2626 1848 =

2425 1874 2436 1893 1
2443 1876 2460 1894 Ο
