2652 4126
414 220 542 270 414

425 293 602 350 Julianus
635 307 643 332 ε
675 302 794 346 atque
826 284 919 327 inde
951 295 1047 325 xxv.
1081 281 1258 347 Capito.
1307 339 1315 347 .

444 373 447 376 ·
487 350 723 394 Antoninus
756 348 844 387 Pius
874 342 979 400 apud
1011 343 1181 382 Lorium
1210 354 1254 381 in
1273 339 1349 381 vil-

421 411 463 456 la
494 414 559 455 sua
580 441 592 463 ,
622 422 670 450 xi
685 423 719 449 1.
752 407 800 447 ab
843 403 958 446 Urbe
999 399 1190 444 milliario
1230 400 1352 441 mori-

421 487 489 516 tur
518 503 531 526 ,
570 482 676 512 anno
727 468 817 506 vita:
876 462 949 504 suae
1006 463 1151 504 lxxn.
1198 463 1214 480 ²
1253 459 1350 502 alias

423 535 547 575 lxxvr
559 544 595 571 1.

484 593 547 632 Μ.
576 583 979 630 ANTONINUS
1017 611 1031 634 ,
1069 581 1137 638 qui
1176 581 1214 621 &
1257 580 1351 620 VE-

424 650 633 702 RUS,-&
663 650 712 690 L.
743 642 1052 689 AURELIUS
1096 640 1352 682 COMMO-

422 712 543 754 DUS
574 722 671 750 xiv.
703 706 892 764 regnavit
924 703 1042 744 annis
1070 701 1350 743 'x1x.&men-

423 771 461 813 se
493 785 595 812 uno.

523 831 711 868 DUOBUS
738 826 994 864 AUGUST1s.
1051 871 1060 879 ·
1187 872 1195 879 .

484 880 545 922 Hi
578 878 762 936 primitus
793 890 902 933 aequo
933 874 1016 930 jure
1047 885 1286 929 imperium=
1308 871 1353 912 fi-

423 941 508 982 mul
548 937 973 990 administraverunt,
1012 946 1104 974 curn
1144 931 1262 988 usque
1303 930 1352 972 ad

425 1000 503 1043 hoc
536 1013 694 1055 tempus
725 996 870 1054 finguli
903 991 1074 1049 Augusti
1105 990 1282 1034 fuerint.

522 1062 741 1098 RUSTICO
767 1060 832 1094 ET
853 1054 1064 1100 AQUILO.

519 1112 744 1148 LAELIANO
771 1110 837 1144 ET
862 1105 1102 1143 PASTORE.

522 1163 765 1198 MACRINO
792 1160 857 1194 ET
882 1156 1057 1196 CELSO.

520 1211 749 1247 ORPHITO
776 1209 842 1243 ET
869 1205 1124 1240 PUDENTE.

519 1261 722 1298 PUDENT
725 1261 755 1296 E
780 1261 824 1293 II.
852 1257 917 1293 ET
943 1254 1208 1290 POLLIONE.

480 1308 742 1351 Alexandriae
775 1307 850 1346 IX.
884 1302 1043 1359 praefuit
1078 1301 1356 1359 Agrippinus.

480 1361 748 1426 QUARTA
781 1363 1195 1406 PERSECUTIO.
1228 1362 1359 1404 Perse-

421 1430 582 1471 cutione
614 1439 700 1468 orta
734 1425 776 1465 in
820 1423 916 1465 Afia
937 1452 949 1475 ,
988 1422 1231 1479 Polycarpus
1273 1423 1310 1463 8<
1341 1420 1358 1446 ¹³

420 1489 611 1530 Poeonius
644 1485 775 1527 fecere
789 1483 1055 1538 martyrium:
1087 1496 1257 1539 quorum
1269 1481 1358 1526 scri·

421 1561 500 1606 ptae
532 1561 687 1605 quoque
719 1544 902 1586 feruntur
935 1542 1151 1599 passiones.

483 1611 532 1649 In
567 1606 700 1648 Gallia
732 1618 886 1661 quoque
919 1602 1086 1659 plurimi
1120 1603 1178 1644 'ob
1210 1617 1360 1645 nomen

424 1668 509 1710 Dei
541 1664 749 1711 interfeffi
782 1680 791 1705 :
822 1676 991 1719 quorum
1035 1661 1155 1718 usque
1188 1662 1232 1702 in
1265 1678 1360 1720 prae—

423 1727 579 1769 sentem
619 1724 730 1767 diem
772 1721 936 1766 condita
976 1719 1091 1762 libris
1134 1724 1361 1766 certamina

423 1783 707 1844 perseverant.

525 1866 666 1901 VERo
693 1862 755 1898 iv.
785 1862 849 1897 ET
877 1859 1185 1907 QUADRATO.

525 1914 822 1951 APRONrANo
848 1913 913 1947 ET
942 1910 1125 1946 PAULO.

485 1966 683 2008 Romana:
727 1961 910 2002 Ecclefiae
954 1960 1247 2017 Episcopatum
1287 1975 1358 2003 x1.

428 2023 589 2079 suscipit
622 2021 823 2062 SOTER
856 2024 870 2040 ⁰
902 2020 1018 2060 annis
1051 2033 1180 2062 v111.

524 2081 822 2120 APRONIANO
847 2082 914 2116 ET
940 2083 1118 2116 PAULO.

487 2130 719 2174 Antiochia:
761 2143 832 2169 v1.
876 2126 1100 2184 Episcopus
1149 2128 1363 2171 ordinatur

429 2189 690 2248 Theophilus
711 2217 724 2240 ,
754 2188 860 2243 cujus
892 2187 1067 2243 plurima
1091 2187 1248 2243 ingenii
1269 2202 1363 2245 ope-

428 2266 475 2294 ra
506 2261 673 2294 extant.

526 2311 698 2348 PRISCO
724 2310 789 2343 ET
842 2307 1196 2343 APPOLLINARE.
1252 2324 1255 2326 ·

528 2359 773 2396 CETHEGO
801 2358 866 2392 ET
892 2355 1079 2392 CLARO.
1217 2356 1219 2359 ’
1263 2367 1265 2370 ’

487 2409 635 2452 Lucius
669 2410 901 2460 Imperator
931 2418 1040 2444 anno
1071 2405 1188 2457 regni
1208 2403 1266 2440 sui
1293 2414 1356 2443 Ix-

428 2470 533 2520 five,
563 2479 606 2507 ut
638 2462 800 2519 quidam
834 2470 1003 2515 putant,
1033 2457 1222 2524 dieii-iter
1248 2460 1359 2500 Con-

429 2527 606 2572 cordiam
647 2524 686 2564 &
727 2520 917 2563 Altinum
959 2519 1176 2574 apoplexia
1227 2520 1360 2561 extin-

432 2589 513 2630 ἕως
544 2584 597 2627 est
611 2614 620 2624 .

495 2643 704 2687 Antonino
739 2637 984 2695 Imperatori
1018 2637 1168 2679 Melito
1191 2637 1363 2680 Asianus

436 2705 656 2763 Episcopus
702 2699 1015 2757 Apologeticum
1055 2711 1130 2753 pro
1173 2696 1370 2745 Christia-

438 2768 498 2808 nis
530 2762 713 2806 tradidit.

510 2821 755 2879 Apollinaris
807 2818 976 2861 Asianus
1030 2817 1367 2874 Hierapolitanus

442 2883 662 2941 Episcopus
691 2879 854 2935 insignis
886 2879 1080 2923 habetur.

504 2941 659 2984 Eodem
692 2946 872 2996 tempore
906 2938 1123 2993 Dionysius
1145 2938 1367 2997 Episcopus

486 3111 503 3131 a
527 3100 627 3131 Editio
648 3099 767 3129 Pontae.
786 3108 852 3128 cum
875 3095 940 3128 Mis.
960 3103 1084 3136 quatuor
1104 3096 1191 3127 colb.
1201 3095 1309 3126 habent
1325 3104 1372 3130 77.

448 3141 506 3172 MT.
527 3142 616 3171 alius.
638 3140 707 3168 item
729 3137 815 3169 Colb.
837 3148 886 3172 72.

470 3180 506 3211 .b
527 3180 613 3218 Apud
636 3178 791 3208 Eusebium
815 3176 947 3209 pionius,
968 3184 1018 3206 aut
1037 3176 1178 3214 Pyoffius.
1214 3183 1219 3188 ·
1358 3213 1362 3218 Ι

488 3231 504 3250 c
527 3220 582 3250 ΜΓ.
604 3218 689 3249 Colb.
711 3226 783 3246 unus
810 3217 901 3246 aetatis
931 3225 990 3245 non
1025 3213 1266 3250 contemnendae,
1292 3223 1376 3244 annis

452 3269 498 3296 14.
521 3269 586 3290 cum
609 3259 674 3293 alii,
695 3257 724 3288 ὅ(
745 3256 813 3286 edit.
836 3256 978 3290 habeant,
996 3257 1083 3285 *annis
1104 3255 1133 3285 8.

487 3301 505 3331 d
528 3299 650 3330 Codices
673 3295 829 3328 Eusebiani
851 3295 993 3325 Chronici
1015 3295 1123 3325 habent
1145 3306 1185 3325 ιι.

489 3352 504 3370 e
526 3343 558 3370 In
581 3339 660 3368 libris
682 3337 837 3368 Eusebiani
859 3335 1019 3370 Chronici,
1044 3336 1192 3374 Priscilla.
1321 3373 1327 3378 Π

490 3380 502 3408 ί
525 3378 647 3409 Αἰξὶὶοτ
682 3378 787 3418 legitur
814 3375 952 3423 artifulus
982 3376 1031 3405 iste
1052 3377 1082 3405 in
1110 3375 1258 3406 codicibus
1278 3373 1342 3405 aliis
1363 3382 1379 3402 a

455 3420 507 3449 Ph.
529 3419 645 3448 Labbco
668 3418 749 3448 vifis.
769 3417 915 3446 Tatianus
937 3414 1080 3445 haeretz'cus
1100 3416 1272 3456 agnoscitur,
1294 3426 1313 3442 a
1327 3424 1378 3457 q-uo

454 3459 592 3500 appellati
611 3459 782 3490 Encratitae.
803 3458 930 3496 Nuptias
949 3458 1108 3491 damnant,
1124 3458 1261 3496 paresque
1275 3455 1380 3499 cassar-

454 3492 604 3533 minimi,
627 3499 663 3530 (9¹
684 3498 758 3527 omni
778 3496 946 3536 turpnudim‘
955 3495 1163 3534 effedefiniunt:
1185 3506 1232 3525 nec
1241 3495 1380 3534 recipiunt

456 3540 486 3568 in
508 3537 670 3577 consbrtium
691 3544 794 3567 marem
811 3536 859 3566 vel
871 3535 1143 3575 fiminamcoirjugio
1153 3544 1294 3566 utentem.
1315 3534 1381 3562 Pro-

457 3579 577 3607 tationes
597 3579 734 3618 quasdam
747 3577 907 3614 saeculorum
927 3577 961 3605 de
977 3576 1086 3613 fabulis
1106 3575 1250 3606 Valentini
1262 3575 1380 3613 sequun-

457 3628 518 3647 tur.
543 3619 636 3647 Saluti
655 3618 742 3658 primi
763 3616 884 3646 hominis
904 3617 1114 3646 contradicunt.
1316 3653 1323 3659 ·

498 3667 517 3696 g
540 3658 670 3688 Articulo
690 3657 817 3697 sequenti
838 3656 945 3686 ibidem
966 3654 1105 3686 diffusiori
1126 3654 1383 3695 sermonelegitur.

459 3697 631 3734 Bardesanes
652 3698 769 3726 alterius
790 3697 913 3734 haereseos
930 3698 1057 3735 princeps
1073 3697 1234 3735 innotescit,
1255 3696 1384 3736 quiBar-

459 3735 576 3772 desanes
597 3747 659 3766 cum
680 3737 847 3776 aliquandiu
868 3737 898 3765 in
913 3735 972 3774 fide
984 3734 1079 3774 fuiffet
1100 3737 1232 3777 insignis,
1249 3734 1340 3775 postea
1353 3735 1385 3763 in

460 3775 606 3805 Valentini
625 3776 760 3814 transivit
779 3787 897 3811 errores,
928 3777 1061 3816 quamvis
1081 3786 1135 3806 non
1155 3778 1249 3806 omnia
1269 3775 1327 3813 ejus
1341 3773 1388 3813 Je-

463 3824 547 3845 cutus
561 3814 618 3852 sit.

662 193 713 250 S.
801 194 1391 250 PROSPERI

1475 179 2090 254 AQUiTANr

1414 276 1726 318 Corinthiorum
1765 276 1893 318 clarus
1931 277 2010 320 fuit
2038 307 2051 331 ,
2090 277 2129 318 8<
2167 275 2338 331 Pinytus

1412 335 1615 378 Cretensis
1646 335 1710 377 vir
1740 336 2100 393 eloquentissimus.

1472 398 1564 437 Hac
1576 393 1814 452 tempestate
1834 396 2223 457 pseudoprophetia,
2251 408 2337 451 quae

1413 455 1702 512 Cataphrygas
1733 457 1999 512 nominatur,
2039 460 2195 516 accepit
2225 466 2339 496 exor'-

1410 513 1544 568 dium,
1578 517 1780 557 Montano
1811 516 2001 572 auctore,
2037 529 2053 548 ε
2083 519 2212 561 Prisca
2244 513 2340 556 Ma·
2406 568 2413 575 ¹

1411 575 1644 632 ximillaque
1677 574 1825 618 insanis
1857 578 2013 620 vatibus
2034 609 2045 620 .
2078 580 2247 622 Nomen
2277 591 2338 629 er-

1412 635 1491 676 rori
1523 635 1734 692 provincia
1766 636 1943 695 Phrygia
1972 637 2083 681 dedit
2116 655 2124 681 :
2155 630 2342 696 quintin·

1412 707 1600 737 ventores
1632 695 1712 752 ejus
1743 695 1827 739 illic
1858 697 2044 754 primitus
2084 699 2341 754 extiterunt,

1412 755 1546 811 ibique
1578 755 1791 815 vixerunt,
1821 757 1861 798 8(
1891 771 1999 800 nunc
2029 759 2155 802 etiam
2195 760 2239 801 in
2271 759 2344 801 eis·-

1411 813 1505 857 dem
1537 815 1716 872 partibus
1747 817 1915 873 populos
1945 817 2100 861 habent
2121 849 2132 861 .
2155 818 2344 871 ,Adven-

1412 887 1499 916 tum
1533 875 1844 932 Spiritus-sanffl
1884 892 1908 919 a
1949 878 2134 921 Domino
2156 878 2343 936 'promis-

1413 934 1522 986 sum,
1552 936 1593 976 in
1627 934 1664 977 se
1695 937 1851 993 potius,
1880 951 2002 994 quam
2043 940 2087 980 in
2129 938 2342 997 Apostolos

1414 994 1523 1036 fuisse
1565 992 1736 1037 afferunt
1775 1011 1791 1034 .·
1830 996 2018 1040 secundas
2057 999 2229 1056 nuptias
2268 1012 2343 1057 pro

1416 1053 1748 1097 fornicationibus
1779 1056 1935 1100 habent
1963 1074 1985 1111 ,·
2017 1059 2055 1100 8<
2085 1058 2175 1102 ideo
2206 1058 2347 1102 dicunt

1417 1128 1483 1156 eas
1513 1114 1728 1172 permisisse
1760 1115 1982 1174 apostolum
2014 1119 2180 1161 Paulum
2200 1149 2214 1172 ,
2251 1119 2349 1176 quia

1419 1188 1471 1216 ex
1501 1187 1617 1231 parte
1649 1174 1798 1217 sciebat
1829 1177 1867 1233 8<
1897 1191 1949 1220 ex
1981 1190 2097 1234 parte
2127 1179 2349 1237 propheta-

1419 1233 1489 1275 bat
1520 1250 1533 1291 3
1565 1233 1746 1276 nondum
1777 1236 1890 1278 enim
1921 1250 2091 1280 venerat
2123 1240 2226 1296 quod
2259 1253 2350 1297 per·

1419 1292 1568 1335 feRum
1599 1293 1654 1336 est
1674 1326 1685 1336 .
1728 1297 1822 1338 Hoc
1862 1308 1999 1338 autem
2041 1298 2264 1354 perfeRum
2303 1299 2349 1341 in

1422 1353 1698 1407 Montanum,
1728 1356 1767 1397 8<
1797 1356 1838 1398 in
1871 1356 1952 1411 ejus
1983 1358 2250 1414 prophetissas
2280 1373 2349 1400 ve-

1420 1412 1515 1455 nisse
1540 1412 1737 1456 delirant.
1771 1416 1973 1459 Sacrificia
1992 1417 2260 1474 perhibentur
2279 1417 2351 1461 ha·-

1419 1473 1513 1514 bere
1545 1472 1723 1516 funesta.
1757 1475 1872 1518 Nam
1903 1476 1952 1519 de
1985 1477 2154 1520 infantis
2186 1478 2351 1520 annicu-

1422 1533 1451 1574 li
1482 1532 1702 1590 sanguine,
1733 1550 1851 1593 quem
1883 1535 1933 1579 de
1965 1549 2051 1579 toto
2083 1537 2163 1593 ejus
2183 1552 2351 1596 corpore

1424 1593 1589 1635 minutis
1630 1591 1895 1650 p'unffionum
1937 1597 2168 1640 vulneribus
2217 1610 2351 1641 extor-

1422 1666 1571 1710 quent,
1601 1652 1708 1710 quafi
1743 1655 2039 1700 Eucharistiam
2079 1657 2190 1700 suam
2229 1657 2351 1715 confif

1422 1727 1511 1756 cere
1543 1713 1814 1771 perhibentur
1833 1745 1846 1769 ,
1885 1717 2096 1771 miscentes
2136 1732 2230 1760 eum
2259 1718 2355 1761 fari-

1422 1788 1483 1815 nae
1515 1803 1529 1827 ,
1567 1788 1796 1831 panemque
1837 1775 1932 1819 inde
1981 1777 2176 1820 facientes
2205 1808 2216 1820 .
2268 1780 2356 1837 Qui

1421 1847 1523 1890 puer
1541 1863 1554 1886 ,
1594 1833 1623 1876 fi
1664 1836 1997 1880 mortuusifuerit
2015 1867 2029 1891 ,
2068 1852 2143 1896 pro
2175 1850 2355 1894 martyre

1424 1894 1594 1936 habetur
1624 1909 1638 1950 3
1670 1894 1697 1936 fi
1730 1907 1875 1939 autem.
1897 1897 2082 1952 vixerit,
2120 1912 2200 1957 pro
2231 1899 2358 1942 maxi-

1421 1968 1491 1995 mo
1524 1953 1750 1997 sacerdote.
2366 1958 2371 1961 ⁴

1524 2017 1719 2052 SEVERO
1745 2017 1814 2052 ET
1838 2019 2203 2056 HERENNIANO.'
2229 2059 2231 2062 ,

1485 2062 1502 2088 f
1532 2064 1735 2104 Tatianus
1767 2065 1993 2106 Haereticus
2014 2095 2028 2117 ,
2056 2079 2080 2107 a
2111 2080 2190 2122 quo
2220 2064 2359 2123 appel·

1423 2120 1497 2162 lati
1530 2121 1775 2172 Encratitae,
1806 2135 1975 2177 quorum
2006 2123 2156 2182 dogma
2186 2124 2243 2167 est
2273 2130 2360 2167 non

1424 2177 1640 2220 admittere
1673 2178 1723 2220 ad
1764 2183 2095 2226 communionem
2136 2184 2246 2226 suam
2287 2184 2361 2226 nisi

1423 2239 1711 2291 continentes,
1750 2240 1789 2280 &
1829 2255 1895 2283 eos
1936 2245 2004 2298 qui
2044 2243 2181 2285 saeculo
2212 2244 2271 2285 ita
2301 2256 2364 2284 re—

1429 2299 1712 2339 nuntiaverint
1742 2327 1756 2349 ,
1805 2312 1850 2339 ut
1887 2302 2056 2356 propria
2095 2302 2208 2341 nulla
2247 2301 2364 2357 poffi·

1425 2355 1594 2396 deant..
1828 2369 1832 2373 ·

1480 2414 1508 2439 θ’
1531 2407 1776 2454 Bardesanes
1816 2428 1972 2472 quoque
2013 2416 2179 2461 alterius
2228 2419 2365 2462 aufior

1425 2469 1569 2511 erroris
1600 2499 1613 2523 ,
1653 2470 1797 2514 eodem
1837 2483 2024 2532 tempore
2066 2477 2279 2534 innotuit,
2317 2478 2364 2521 in

1426 2529 1642 2572 Valentini
1674 2531 1857 2574 haerefim
1890 2548 1942 2576 ex
1972 2547 2089 2591 parte
2129 2534 2338 2598 prolapsus
2350 2568 2374 2580 ..

1525 2592 1751 2628 ORPHITO
1777 2594 1844 2629 ET
1870 2595 2096 2633 MAXIMO.

1530 2643 1723 2679 SEVERO
1749 2644 1817 2679 ET
1842 2645 2153 2689 POMPEJANO.

1491 2693 1541 2731 In
1573 2691 1738 2747 regione
1772 2693 2011 2750 Quadorum
2051 2698 2234 2742 exercitu
2273 2701 2365 2743 An·

1430 2750 1860 2807 tonini‘Imperatoris
1890 2754 1953 2796 fiti
1984 2756 2166 2812 oppresso
2186 2787 2199 2811 ,
2229 2755 2248 2802 ¹¹.
2276 2760 2364 2816 plu-

1430 2810 1499 2850 via
1530 2808 1724 2851 divinitus
1756 2811 1868 2854 missa
1898 2812 1954 2854 est
1986 2829 1995 2855 :
2025 2829 2119 2857 cum
2149 2831 2172 2858 e
2203 2814 2362 2862 contra-

1431 2869 1492 2910 rio
1525 2870 1750 2912 Germanos
1781 2871 1819 2913 &
1848 2873 2051 2916 Sarmatas
2080 2875 2253 2920 fulmina
2273 2893 2364 2935 per-

1431 2928 1712 2986 sequerentur,
1742 2932 1780 2973 &
1810 2930 2004 2988 plurimos
2034 2948 2172 2978 eorum
2208 2937 2364 2996 vintersi-

2245 3011 2307 3040 ce-

1475 3090 1495 3119 h
1517 3089 1601 3121 Plura
1619 3086 1654 3120 de
1668 3085 1996 3132 ''hac'pluviadivjnitus
2004 3089 2371 3131 missaorationibusChri·

1436 3129 1614 3166 stianorum,
1635 3132 1710 3170 apud
1731 3130 1868 3161 Orofium
1889 3128 1939 3161 lib.
1958 3139 1987 3170 7·
2007 3141 2071 3172 cap.
2085 3143 2126 3170 ις.
2146 3135 2306 3167 Eusebium
2315 3136 2371 3170 lib.

1439 3179 1465 3205 5.
1484 3180 1546 3210 cap.
1571 3179 1596 3207 5.
1616 3173 1667 3209 qui
1690 3171 1741 3200 illa
1762 3171 2030 3210 transcripfitpene
2049 3173 2085 3203 ad
2105 3175 2227 3207 verbum
2241 3186 2276 3207 ex
2297 3177 2372 3207 Ter-

1438 3211 1563 3241 tulliano
1583 3210 1615 3239 in
1644 3211 1773 3250 Apolog.
1793 3220 1856 3250 cap.
1880 3219 1906 3246 5.
1926 3208 1956 3241 &
1977 3211 2013 3241 ad
2032 3211 2199 3255 Scapulam.
2218 3217 2372 3256 Nicepho-

1439 3260 1504 3280 rum
1526 3250 1576 3279 lib.
1596 3260 1622 3284 4·
1644 3259 1707 3289 cap.
1732 3259 1776 3280 12.
1797 3250 1985 3285 Justinumin
2005 3253 2377 3294 ApologDiaconumlib.

1443 3300 1487 3321 10.
1509 3291 1600 3320 Dion.
1620 3290 1670 3328 qui
1699 3290 1810 3320 artibus
1832 3291 1955 3332 magicis
1977 3292 2079 3324 tribuit
2101 3296 2178 3326 hanc
2211 3297 2344 3336 pluviam
2361 3316 2372 3333 ‚

1439 3329 1661 3369 Capitolinum,
1682 3330 1732 3369 qui
1753 3330 1885 3370 precibus
1906 3332 2054 3362 Antonini
2075 3344 2144 3373 erga
2160 3336 2257 3367 Deum
2278 3345 2374 3368 extor-

1440 3379 1500 3400 tam
1521 3369 1563 3399 ait
1580 3390 1588 3399 .
1610 3369 1781 3408 Xiphilinus
1802 3368 1890 3401 tr'adit
1910 3371 2048 3410 legionem
2068 3378 2082 3413 (
2102 3376 2340 3408 Christianorum
2360 3378 2374 3416 )

1439 3410 1499 3439 ideo
1519 3416 1651 3438 vocatam
1667 3408 1750 3448 fiaiffe
1769 3411 1976 3449 Κερονοιυβόλογ
1995 3413 2027 3442 id
2045 3414 2099 3453 est,
2122 3416 2350 3454 fialminatricem
2364 3437 2375 3448 .

1440 3451 1530 3478 Anno
1553 3457 1598 3484 ¹4·
1618 3450 1764 3479 Antonini
1786 3452 1936 3492 contigisse
1956 3461 2036 3492 patet
2053 3465 2086 3484 ex
2108 3454 2375 3498 litterisipfiusnn-

1440 3488 1580 3528 permotis
1601 3488 1635 3518 ad
1658 3488 1814 3525 Senatum,
1834 3491 1868 3521 de
1891 3500 1973 3522 rania
1994 3493 2117 3526 victoria
2159 3498 2270 3528 tecibus
2288 3495 2374 3528 Chri·

1440 3528 1598 3558 stianorum
1619 3527 1757 3565 obtenta,
1787 3540 1850 3570 quae
1870 3541 1905 3562 ex
1930 3532 2111 3565 Bibliotheca
2161 3541 2278 3568 θεῖσαι).
2297 3545 2376 3575 repe-

1443 3569 1558 3599 riuntur
1578 3569 1651 3608 apud
1672 3570 1861 3610 Onuphrium
1884 3572 1914 3602 in
1935 3573 2034 3606 Fastis·
2049 3584 2115 3615 pag.
2130 3586 2199 3614 350.
2218 3577 2250 3607 in
2269 3575 2376 3615 quibus

1444 3607 1627 3642 inscribitur,
1651 3610 1839 3641 Antoninum
1862 3611 1940 3642 fuiss’e
1961 3613 2137 3646 Tribunitiae
2198 3615 2307 3647 testatis
2328 3616 2376 3645 28.

1445 3658 1509 3679 tum
1531 3659 1566 3678 ex
1588 3651 1720 3680 nummis
1740 3650 1775 3684 &
1798 3652 1945 3684 veteribus
1965 3653 2152 3696 inscriptioni
2171 3664 2229 3692 us,
2257 3663 2292 3684 ex
2311 3655 2380 3695 qui-

1444 3690 1498 3720 bus
1517 3689 1695 3729 dignoscitur
1713 3690 1792 3722 fuiss‘e
1814 3701 1859 3729 ις.
1879 3693 2081 3725 Tribunitiam
2091 3694 2262 3741 potestatem
2282 3704 2378 3726 coan-

1447 3740 1488 3761 no
1507 3739 1566 3770 quo
1588 3729 1645 3768 ipse
1665 3732 1835 3763 Antoninus
1856 3733 1977 3773 suscepit
1997 3734 2166 3776 imperium.
2187 3736 2254 3766 Haec
2274 3736 2380 3766 Ponta-

1449 3781 1514 3807 cus,
1534 3770 1565 3799 iu
1587 3770 1660 3801 notis
1674 3780 1742 3812 pag.
1762 3783 1832 3812 324.
1852 3774 1892 3806 Θ·
1911 3782 1979 3812 325·
