<?xml version="1.0" encoding="UTF-8"?>
<!DOCTYPE html PUBLIC "-//W3C//DTD XHTML 1.0 Transitional//EN"
    "http://www.w3.org/TR/xhtml1/DTD/xhtml1-transitional.dtd">
<html xmlns="http://www.w3.org/1999/xhtml" xml:lang="en" lang="en">
 <head>
  <title>
</title>
<meta http-equiv="Content-Type" content="text/html;charset=utf-8" />
  <meta name='ocr-system' content='tesseract 3.04.00' />
  <meta name='ocr-capabilities' content='ocr_page ocr_carea ocr_par ocr_line ocrx_word'/>
</head>
<body>
  <div class='ocr_page' id='page_1' title='image "./sanctiprosperiaq00prosuoft_0766.png"; bbox 0 0 2652 4126; ppageno 0'>
   <div class='ocr_carea' id='block_1_1' title="bbox 250 1278 433 1359">
    <p class='ocr_par' dir='ltr' id='par_1_1' title="bbox 250 1278 433 1359">
     <span class='ocr_line' id='line_1_1' title="bbox 250 1278 433 1319; baseline 0.005 -11"><span class='ocrx_word' id='word_1_1' title='bbox 250 1280 336 1319; x_wconf 74' lang='lat' dir='ltr'>joan.</span> <span class='ocrx_word' id='word_1_2' title='bbox 352 1278 379 1308; x_wconf 83' lang='lat'>6.</span> <span class='ocrx_word' id='word_1_3' title='bbox 386 1286 433 1313; x_wconf 79' lang='lat'>44.</span> 
     </span>
     <span class='ocr_line' id='line_1_2' title="bbox 259 1319 432 1359; baseline -0.012 -10"><span class='ocrx_word' id='word_1_4' title='bbox 259 1330 287 1358; x_wconf 77' lang='lat'>3.</span> <span class='ocrx_word' id='word_1_5' title='bbox 302 1319 369 1359; x_wconf 74' lang='lat' dir='ltr'>Reg.</span> <span class='ocrx_word' id='word_1_6' title='bbox 381 1327 432 1353; x_wconf 82' lang='lat'>22.</span> 
     </span>
    </p>
   </div>
   <div class='ocr_carea' id='block_1_2' title="bbox 250 1980 404 2018">
    <p class='ocr_par' dir='ltr' id='par_1_2' title="bbox 250 1980 404 2018">
     <span class='ocr_line' id='line_1_3' title="bbox 250 1980 404 2018; baseline 0 0"><span class='ocrx_word' id='word_1_7' title='bbox 250 1980 404 2018; x_wconf 78' lang='lat' dir='ltr'><em>Ps·¹39-9·</em></span> 
     </span>
    </p>
   </div>
   <div class='ocr_carea' id='block_1_3' title="bbox 241 2129 425 2284">
    <p class='ocr_par' dir='ltr' id='par_1_3' title="bbox 241 2129 425 2284">
     <span class='ocr_line' id='line_1_4' title="bbox 250 2129 401 2167; baseline -0.007 -8"><span class='ocrx_word' id='word_1_8' title='bbox 250 2129 380 2167; x_wconf 66' lang='lat' dir='ltr'>‘juliam&#39;</span> <span class='ocrx_word' id='word_1_9' title='bbox 391 2150 401 2164; x_wconf 82' lang='lat'><strong><em>‚</em></strong></span> 
     </span>
     <span class='ocr_line' id='line_1_5' title="bbox 248 2170 425 2204; baseline 0 -6"><span class='ocrx_word' id='word_1_10' title='bbox 248 2179 278 2198; x_wconf 79' lang='lat' dir='ltr'>ut</span> <span class='ocrx_word' id='word_1_11' title='bbox 291 2170 403 2199; x_wconf 66' lang='lat' dir='ltr'>viderur</span> <span class='ocrx_word' id='word_1_12' title='bbox 414 2189 425 2204; x_wconf 88' lang='lat'>,</span> 
     </span>
     <span class='ocr_line' id='line_1_6' title="bbox 241 2210 401 2247; baseline -0.013 -8"><span class='ocrx_word' id='word_1_13' title='bbox 241 2210 384 2247; x_wconf 64' lang='lat' dir='ltr'>sententia</span> <span class='ocrx_word' id='word_1_14' title='bbox 391 2228 401 2237; x_wconf 83' lang='grc'><strong>.</strong></span> 
     </span>
     <span class='ocr_line' id='line_1_7' title="bbox 248 2249 403 2284; baseline 0.006 -6"><span class='ocrx_word' id='word_1_15' title='bbox 248 2252 270 2278; x_wconf 55' lang='grc' dir='ltr'><strong><em>ἢ</em></strong></span> <span class='ocrx_word' id='word_1_16' title='bbox 275 2249 358 2283; x_wconf 68' lang='lat' dir='ltr'>salth.</span> <span class='ocrx_word' id='word_1_17' title='bbox 372 2253 403 2284; x_wconf 77' lang='lat'>6,</span> 
     </span>
    </p>
   </div>
   <div class='ocr_carea' id='block_1_4' title="bbox 242 2331 421 2376">
    <p class='ocr_par' dir='ltr' id='par_1_4' title="bbox 242 2331 421 2376">
     <span class='ocr_line' id='line_1_8' title="bbox 242 2331 421 2376; baseline 0.006 -17"><span class='ocrx_word' id='word_1_18' title='bbox 242 2331 395 2368; x_wconf 70' lang='lat' dir='ltr'>Jac.i.,14,</span> <span class='ocrx_word' id='word_1_19' title='bbox 408 2359 421 2376; x_wconf 45' lang='grc' dir='ltr'><em>Ι</em></span> 
     </span>
    </p>
   </div>
   <div class='ocr_carea' id='block_1_5' title="bbox 261 2873 436 2950">
    <p class='ocr_par' dir='ltr' id='par_1_5' title="bbox 261 2873 436 2950">
     <span class='ocr_line' id='line_1_9' title="bbox 261 2873 436 2910; baseline -0.017 -11"><span class='ocrx_word' id='word_1_20' title='bbox 261 2882 286 2909; x_wconf 85' lang='lat'>3.</span> <span class='ocrx_word' id='word_1_21' title='bbox 302 2873 368 2910; x_wconf 79' lang='lat' dir='ltr'>Reg.</span> <span class='ocrx_word' id='word_1_22' title='bbox 387 2878 436 2901; x_wconf 77' lang='lat'>22.</span> 
     </span>
     <span class='ocr_line' id='line_1_10' title="bbox 261 2913 417 2950; baseline -0.006 -11"><span class='ocrx_word' id='word_1_23' title='bbox 261 2922 287 2950; x_wconf 77' lang='lat'>3.</span> <span class='ocrx_word' id='word_1_24' title='bbox 298 2913 361 2950; x_wconf 71' lang='lat' dir='ltr'>Ix&#39;eg.</span> <span class='ocrx_word' id='word_1_25' title='bbox 374 2920 417 2942; x_wconf 86' lang='lat'>12.</span> 
     </span>
    </p>
   </div>
   <div class='ocr_carea' id='block_1_6' title="bbox 270 3535 404 3564">
    <p class='ocr_par' dir='ltr' id='par_1_6' title="bbox 270 3535 404 3564">
     <span class='ocr_line' id='line_1_11' title="bbox 270 3535 404 3564; baseline 0.022 -3"><span class='ocrx_word' id='word_1_26' title='bbox 270 3543 296 3564; x_wconf 91' lang='lat'>2.</span> <span class='ocrx_word' id='word_1_27' title='bbox 304 3535 369 3563; x_wconf 84' lang='lat' dir='ltr'>Cor.</span> <span class='ocrx_word' id='word_1_28' title='bbox 378 3542 404 3564; x_wconf 86' lang='lat'>2.</span> 
     </span>
    </p>
   </div>
   <div class='ocr_carea' id='block_1_7' title="bbox 471 219 2296 297">
    <p class='ocr_par' dir='ltr' id='par_1_7' title="bbox 471 219 2296 297">
     <span class='ocr_line' id='line_1_12' title="bbox 471 219 2296 297; baseline 0 -16"><span class='ocrx_word' id='word_1_29' title='bbox 471 244 579 297; x_wconf 81' lang='lat'>170</span> <span class='ocrx_word' id='word_1_30' title='bbox 665 219 937 281; x_wconf 79' lang='lat' dir='ltr'>SCRIPTA</span> <span class='ocrx_word' id='word_1_31' title='bbox 979 232 1057 277; x_wconf 81' lang='lat' dir='ltr'>ET</span> <span class='ocrx_word' id='word_1_32' title='bbox 1098 230 1523 278; x_wconf 78' lang='lat' dir='ltr'>MoNUMENTA</span> <span class='ocrx_word' id='word_1_33' title='bbox 1566 234 1713 296; x_wconf 77' lang='lat' dir='ltr'>QJAE</span> <span class='ocrx_word' id='word_1_34' title='bbox 1756 235 1851 277; x_wconf 79' lang='lat' dir='ltr'>op.</span> <span class='ocrx_word' id='word_1_35' title='bbox 1895 223 1943 278; x_wconf 88' lang='lat' dir='ltr'>S.</span> <span class='ocrx_word' id='word_1_36' title='bbox 1963 221 2296 285; x_wconf 77' lang='lat' dir='ltr'>PROSPERI.</span> 
     </span>
    </p>
   </div>
   <div class='ocr_carea' id='block_1_8' title="bbox 464 310 1396 410">
    <p class='ocr_par' dir='ltr' id='par_1_8' title="bbox 464 310 1396 410">
     <span class='ocr_line' id='line_1_13' title="bbox 469 310 1396 368; baseline -0.004 -13"><span class='ocrx_word' id='word_1_37' title='bbox 469 317 588 355; x_wconf 81' lang='lat' dir='ltr'>eadem</span> <span class='ocrx_word' id='word_1_38' title='bbox 611 318 751 368; x_wconf 89' lang='lat' dir='ltr'>quidem</span> <span class='ocrx_word' id='word_1_39' title='bbox 775 315 874 354; x_wconf 83' lang='lat' dir='ltr'>mass&#39;a</span> <span class='ocrx_word' id='word_1_40' title='bbox 898 326 940 349; x_wconf 82' lang='lat' dir='ltr'>ex</span> <span class='ocrx_word' id='word_1_41' title='bbox 966 323 1031 359; x_wconf 87' lang='lat' dir='ltr'>qua</span> <span class='ocrx_word' id='word_1_42' title='bbox 1056 315 1091 348; x_wconf 91' lang='lat'>&amp;</span> <span class='ocrx_word' id='word_1_43' title='bbox 1118 310 1171 347; x_wconf 83' lang='lat' dir='ltr'>isti</span> <span class='ocrx_word' id='word_1_44' title='bbox 1194 337 1206 355; x_wconf 93' lang='lat'>,</span> <span class='ocrx_word' id='word_1_45' title='bbox 1240 313 1296 350; x_wconf 70' lang='lat' dir='ltr'>fied</span> <span class='ocrx_word' id='word_1_46' title='bbox 1322 314 1396 351; x_wconf 82' lang='lat' dir='ltr'>vasa</span> 
     </span>
     <span class='ocr_line' id='line_1_14' title="bbox 464 360 1393 410; baseline -0.006 -4"><span class='ocrx_word' id='word_1_47' title='bbox 464 373 524 406; x_wconf 84' lang='lat' dir='ltr'>irae</span> <span class='ocrx_word' id='word_1_48' title='bbox 548 368 732 410; x_wconf 76' lang='lat' dir='ltr'>faffifimt,</span> <span class='ocrx_word' id='word_1_49' title='bbox 756 366 798 402; x_wconf 90' lang='lat' dir='ltr'>ad</span> <span class='ocrx_word' id='word_1_50' title='bbox 822 363 1003 400; x_wconf 77' lang='lat' dir='ltr'>utilitatem</span> <span class='ocrx_word' id='word_1_51' title='bbox 1029 360 1207 398; x_wconf 84' lang='lat' dir='ltr'>nascuntur</span> <span class='ocrx_word' id='word_1_52' title='bbox 1229 363 1393 400; x_wconf 89' lang='lat' dir='ltr'>istorum.</span> 
     </span>
    </p>
   </div>
   <div class='ocr_carea' id='block_1_9' title="bbox 443 414 1393 2368">
    <p class='ocr_par' dir='ltr' id='par_1_9' title="bbox 443 414 1393 2368">
     <span class='ocr_line' id='line_1_15' title="bbox 465 414 1393 464; baseline 0.004 -16"><span class='ocrx_word' id='word_1_53' title='bbox 465 422 550 459; x_wconf 70' lang='lat' dir='ltr'>Non</span> <span class='ocrx_word' id='word_1_54' title='bbox 575 422 666 456; x_wconf 74' lang='lat' dir='ltr'>enim</span> <span class='ocrx_word' id='word_1_55' title='bbox 690 425 895 464; x_wconf 85' lang='lat' dir='ltr'><strong>quemquam</strong></span> <span class='ocrx_word' id='word_1_56' title='bbox 934 424 1055 448; x_wconf 90' lang='lat' dir='ltr'>eorum</span> <span class='ocrx_word' id='word_1_57' title='bbox 1083 414 1178 448; x_wconf 87' lang='lat' dir='ltr'>Deus</span> <span class='ocrx_word' id='word_1_58' title='bbox 1203 424 1330 450; x_wconf 86' lang='lat' dir='ltr'>temere</span> <span class='ocrx_word' id='word_1_59' title='bbox 1355 428 1393 452; x_wconf 83' lang='lat' dir='ltr'>ac</span> 
     </span>
     <span class='ocr_line' id='line_1_16' title="bbox 466 461 1392 512; baseline 0.001 -11"><span class='ocrx_word' id='word_1_60' title='bbox 466 468 614 506; x_wconf 76' lang='lat' dir='ltr'>fortuito</span> <span class='ocrx_word' id='word_1_61' title='bbox 638 475 750 507; x_wconf 88' lang='lat' dir='ltr'>creat,</span> <span class='ocrx_word' id='word_1_62' title='bbox 775 473 832 499; x_wconf 86' lang='lat' dir='ltr'>aut</span> <span class='ocrx_word' id='word_1_63' title='bbox 857 461 941 510; x_wconf 89' lang='lat' dir='ltr'>quid</span> <span class='ocrx_word' id='word_1_64' title='bbox 965 461 1008 498; x_wconf 90' lang='lat' dir='ltr'>de</span> <span class='ocrx_word' id='word_1_65' title='bbox 1036 461 1104 498; x_wconf 88' lang='lat' dir='ltr'>illis</span> <span class='ocrx_word' id='word_1_66' title='bbox 1129 462 1211 499; x_wconf 87' lang='lat' dir='ltr'>boni</span> <span class='ocrx_word' id='word_1_67' title='bbox 1229 475 1392 512; x_wconf 75' lang='lat' dir='ltr'>operetur</span> 
     </span>
     <span class='ocr_line' id='line_1_17' title="bbox 462 510 1390 567; baseline -0.004 -12"><span class='ocrx_word' id='word_1_68' title='bbox 462 523 598 567; x_wconf 88' lang='lat' dir='ltr'>ignorat</span> <span class='ocrx_word' id='word_1_69' title='bbox 620 531 629 551; x_wconf 76' lang='grc' dir='ltr'><strong><em>ε</em></strong></span> <span class='ocrx_word' id='word_1_70' title='bbox 663 526 740 551; x_wconf 90' lang='lat' dir='ltr'>cum</span> <span class='ocrx_word' id='word_1_71' title='bbox 765 517 800 549; x_wconf 73' lang='grc' dir='ltr'>δε</span> <span class='ocrx_word' id='word_1_72' title='bbox 824 511 895 548; x_wconf 89' lang='lat' dir='ltr'>hoc</span> <span class='ocrx_word' id='word_1_73' title='bbox 921 510 995 560; x_wconf 91' lang='lat' dir='ltr'>ipso</span> <span class='ocrx_word' id='word_1_74' title='bbox 1030 511 1162 549; x_wconf 89' lang='lat' dir='ltr'>bonum</span> <span class='ocrx_word' id='word_1_75' title='bbox 1189 526 1352 562; x_wconf 84' lang='lat' dir='ltr'>operetur</span> <span class='ocrx_word' id='word_1_76' title='bbox 1377 541 1390 559; x_wconf 92' lang='lat'>,</span> 
     </span>
     <span class='ocr_line' id='line_1_18' title="bbox 463 562 1390 617; baseline -0.003 -12"><span class='ocrx_word' id='word_1_77' title='bbox 463 568 557 617; x_wconf 87' lang='lat' dir='ltr'>quod</span> <span class='ocrx_word' id='word_1_78' title='bbox 582 570 617 602; x_wconf 92' lang='lat' dir='ltr'>in</span> <span class='ocrx_word' id='word_1_79' title='bbox 642 568 688 600; x_wconf 89' lang='lat' dir='ltr'>eis</span> <span class='ocrx_word' id='word_1_80' title='bbox 714 562 898 599; x_wconf 87' lang='lat' dir='ltr'>humanam</span> <span class='ocrx_word' id='word_1_81' title='bbox 909 572 1000 598; x_wconf 87' lang='lat' dir='ltr'>creat</span> <span class='ocrx_word' id='word_1_82' title='bbox 1024 574 1203 608; x_wconf 87' lang='lat' dir='ltr'>naturam,</span> <span class='ocrx_word' id='word_1_83' title='bbox 1228 569 1263 601; x_wconf 90' lang='lat'><strong>&amp;</strong></span> <span class='ocrx_word' id='word_1_84' title='bbox 1289 569 1390 603; x_wconf 83' lang='lat' dir='ltr'>exeis</span> 
     </span>
     <span class='ocr_line' id='line_1_19' title="bbox 463 612 1391 661; baseline 0.002 -10"><span class='ocrx_word' id='word_1_85' title='bbox 463 617 618 656; x_wconf 79' lang='lat' dir='ltr'>ordinem</span> <span class='ocrx_word' id='word_1_86' title='bbox 644 613 752 651; x_wconf 84' lang='lat' dir='ltr'>saeeuli</span> <span class='ocrx_word' id='word_1_87' title='bbox 777 612 947 661; x_wconf 80' lang='lat' dir='ltr'>praesentis</span> <span class='ocrx_word' id='word_1_88' title='bbox 972 625 1136 650; x_wconf 84' lang='lat' dir='ltr'>exornat.</span> <span class='ocrx_word' id='word_1_89' title='bbox 1163 614 1315 653; x_wconf 87' lang='lat' dir='ltr'>Istorum</span> <span class='ocrx_word' id='word_1_90' title='bbox 1336 629 1391 652; x_wconf 92' lang='lat' dir='ltr'>ne-</span> 
     </span>
     <span class='ocr_line' id='line_1_20' title="bbox 460 663 1389 714; baseline 0.001 -12"><span class='ocrx_word' id='word_1_91' title='bbox 460 670 589 706; x_wconf 87' lang='lat' dir='ltr'>minem</span> <span class='ocrx_word' id='word_1_92' title='bbox 615 663 750 700; x_wconf 85' lang='lat' dir='ltr'>adducit</span> <span class='ocrx_word' id='word_1_93' title='bbox 775 663 817 700; x_wconf 92' lang='lat' dir='ltr'>ad</span> <span class='ocrx_word' id='word_1_94' title='bbox 841 666 1068 713; x_wconf 76' lang='lat' dir='ltr'>paenitentiam</span> <span class='ocrx_word' id='word_1_95' title='bbox 1094 663 1308 703; x_wconf 86' lang='lat' dir='ltr'>salubrem&amp;</span> <span class='ocrx_word' id='word_1_96' title='bbox 1327 664 1389 714; x_wconf 88' lang='lat' dir='ltr'>spi-</span> 
     </span>
     <span class='ocr_line' id='line_1_21' title="bbox 459 711 1388 762; baseline 0.001 -10"><span class='ocrx_word' id='word_1_97' title='bbox 459 715 594 752; x_wconf 87' lang='lat' dir='ltr'>ritalem</span> <span class='ocrx_word' id='word_1_98' title='bbox 615 739 627 755; x_wconf 92' lang='lat'>,</span> <span class='ocrx_word' id='word_1_99' title='bbox 664 727 729 762; x_wconf 87' lang='lat' dir='ltr'>qua</span> <span class='ocrx_word' id='word_1_100' title='bbox 754 712 867 750; x_wconf 84' lang='lat' dir='ltr'>horno</span> <span class='ocrx_word' id='word_1_101' title='bbox 901 718 936 750; x_wconf 91' lang='lat' dir='ltr'>in</span> <span class='ocrx_word' id='word_1_102' title='bbox 963 711 1109 751; x_wconf 89' lang='lat' dir='ltr'>Christo</span> <span class='ocrx_word' id='word_1_103' title='bbox 1147 716 1388 753; x_wconf 84' lang='lat' dir='ltr'>reconciliatur</span> 
     </span>
     <span class='ocr_line' id='line_1_22' title="bbox 460 763 1387 812; baseline 0.002 -11"><span class='ocrx_word' id='word_1_104' title='bbox 460 768 563 807; x_wconf 86' lang='lat' dir='ltr'>Deo,</span> <span class='ocrx_word' id='word_1_105' title='bbox 587 764 654 800; x_wconf 85' lang='lat' dir='ltr'>five</span> <span class='ocrx_word' id='word_1_106' title='bbox 680 763 965 812; x_wconf 83' lang='lat' dir='ltr'>illisampliorem</span> <span class='ocrx_word' id='word_1_107' title='bbox 992 768 1214 812; x_wconf 88' lang='lat' dir='ltr'>patientiam,</span> <span class='ocrx_word' id='word_1_108' title='bbox 1240 767 1307 803; x_wconf 86' lang='lat' dir='ltr'>five</span> <span class='ocrx_word' id='word_1_109' title='bbox 1318 780 1387 803; x_wconf 91' lang='lat' dir='ltr'>non</span> 
     </span>
     <span class='ocr_line' id='line_1_23' title="bbox 457 813 1390 863; baseline 0.003 -12"><span class='ocrx_word' id='word_1_110' title='bbox 457 819 623 863; x_wconf 89' lang='lat' dir='ltr'>imparem</span> <span class='ocrx_word' id='word_1_111' title='bbox 650 813 797 862; x_wconf 74' lang='lat' dir='ltr'>praebeat</span> <span class='ocrx_word' id='word_1_112' title='bbox 812 842 820 850; x_wconf 86' lang='lat'><strong>.</strong></span> <span class='ocrx_word' id='word_1_113' title='bbox 848 818 1017 860; x_wconf 84' lang='lat' dir='ltr'>Quamvis</span> <span class='ocrx_word' id='word_1_114' title='bbox 1027 828 1111 862; x_wconf 84' lang='lat' dir='ltr'>ergo</span> <span class='ocrx_word' id='word_1_115' title='bbox 1137 829 1257 853; x_wconf 87' lang='lat' dir='ltr'>ornnes</span> <span class='ocrx_word' id='word_1_116' title='bbox 1282 831 1325 853; x_wconf 86' lang='lat' dir='ltr'>ex</span> <span class='ocrx_word' id='word_1_117' title='bbox 1339 832 1390 855; x_wconf 84' lang='lat' dir='ltr'>ea·</span> 
     </span>
     <span class='ocr_line' id='line_1_24' title="bbox 455 862 1388 912; baseline 0.005 -12"><span class='ocrx_word' id='word_1_118' title='bbox 455 865 535 904; x_wconf 89' lang='lat' dir='ltr'>dem</span> <span class='ocrx_word' id='word_1_119' title='bbox 560 862 659 901; x_wconf 76' lang='lat' dir='ltr'>massa</span> <span class='ocrx_word' id='word_1_120' title='bbox 667 864 869 912; x_wconf 82' lang='lat' dir='ltr'>perditionis</span> <span class='ocrx_word' id='word_1_121' title='bbox 894 869 929 902; x_wconf 90' lang='lat'>&amp;</span> <span class='ocrx_word' id='word_1_122' title='bbox 954 864 1180 903; x_wconf 86' lang='lat' dir='ltr'>damnationis</span> <span class='ocrx_word' id='word_1_123' title='bbox 1206 866 1388 905; x_wconf 89' lang='lat' dir='ltr'>secundum</span> 
     </span>
     <span class='ocr_line' id='line_1_25' title="bbox 458 914 1389 967; baseline 0.005 -16"><span class='ocrx_word' id='word_1_124' title='bbox 458 914 621 951; x_wconf 87' lang='lat' dir='ltr'>duritiam</span> <span class='ocrx_word' id='word_1_125' title='bbox 645 914 760 952; x_wconf 87' lang='lat' dir='ltr'>cordis</span> <span class='ocrx_word' id='word_1_126' title='bbox 785 915 832 952; x_wconf 88' lang='lat' dir='ltr'>sui</span> <span class='ocrx_word' id='word_1_127' title='bbox 858 920 892 952; x_wconf 73' lang='grc' dir='ltr'>δε</span> <span class='ocrx_word' id='word_1_128' title='bbox 919 929 981 952; x_wconf 87' lang='lat' dir='ltr'>eor</span> <span class='ocrx_word' id='word_1_129' title='bbox 1006 914 1217 964; x_wconf 83' lang='lat' dir='ltr'>impaenitens</span> <span class='ocrx_word' id='word_1_130' title='bbox 1237 944 1248 961; x_wconf 88' lang='lat'>‚</span> <span class='ocrx_word' id='word_1_131' title='bbox 1285 924 1389 967; x_wconf 87' lang='lat' dir='ltr'>quan-</span> 
     </span>
     <span class='ocr_line' id='line_1_26' title="bbox 457 964 1387 1015; baseline 0.006 -15"><span class='ocrx_word' id='word_1_132' title='bbox 457 974 532 1002; x_wconf 88' lang='lat' dir='ltr'>tum</span> <span class='ocrx_word' id='word_1_133' title='bbox 557 965 600 1003; x_wconf 90' lang='lat' dir='ltr'>ad</span> <span class='ocrx_word' id='word_1_134' title='bbox 624 964 712 1014; x_wconf 87' lang='lat' dir='ltr'>ipsos</span> <span class='ocrx_word' id='word_1_135' title='bbox 739 969 889 1015; x_wconf 87' lang='lat' dir='ltr'>pertinet</span> <span class='ocrx_word' id='word_1_136' title='bbox 905 991 918 1008; x_wconf 90' lang='lat'>,</span> <span class='ocrx_word' id='word_1_137' title='bbox 951 964 1182 1004; x_wconf 80' lang='lat' dir='ltr'>thesaurizent</span> <span class='ocrx_word' id='word_1_138' title='bbox 1216 968 1276 1005; x_wconf 83' lang='lat' dir='ltr'>fibi</span> <span class='ocrx_word' id='word_1_139' title='bbox 1302 973 1387 1006; x_wconf 86' lang='lat' dir='ltr'>iram</span> 
     </span>
     <span class='ocr_line' id='line_1_27' title="bbox 454 1015 1386 1066; baseline 0.003 -14"><span class='ocrx_word' id='word_1_140' title='bbox 454 1018 492 1052; x_wconf 88' lang='lat' dir='ltr'>in</span> <span class='ocrx_word' id='word_1_141' title='bbox 517 1015 570 1052; x_wconf 90' lang='lat' dir='ltr'>die</span> <span class='ocrx_word' id='word_1_142' title='bbox 596 1020 654 1053; x_wconf 81' lang='lat' dir='ltr'>irae</span> <span class='ocrx_word' id='word_1_143' title='bbox 672 1042 684 1060; x_wconf 86' lang='lat'>,</span> <span class='ocrx_word' id='word_1_144' title='bbox 717 1028 790 1065; x_wconf 85' lang='lat' dir='ltr'>quo</span> <span class='ocrx_word' id='word_1_145' title='bbox 816 1015 969 1054; x_wconf 87' lang='lat' dir='ltr'>redditur</span> <span class='ocrx_word' id='word_1_146' title='bbox 995 1021 1179 1066; x_wconf 90' lang='lat' dir='ltr'>unicuique</span> <span class='ocrx_word' id='word_1_147' title='bbox 1205 1019 1386 1056; x_wconf 72' lang='lat' dir='ltr'>secundum</span> 
     </span>
     <span class='ocr_line' id='line_1_28' title="bbox 454 1066 1388 1116; baseline 0.004 -14"><span class='ocrx_word' id='word_1_148' title='bbox 454 1078 560 1114; x_wconf 86' lang='lat' dir='ltr'>opera</span> <span class='ocrx_word' id='word_1_149' title='bbox 586 1066 642 1104; x_wconf 82' lang='lat' dir='ltr'>sua</span> <span class='ocrx_word' id='word_1_150' title='bbox 669 1081 677 1102; x_wconf 91' lang='lat'><strong>:</strong></span> <span class='ocrx_word' id='word_1_151' title='bbox 705 1069 800 1103; x_wconf 90' lang='lat' dir='ltr'>Deus</span> <span class='ocrx_word' id='word_1_152' title='bbox 826 1078 940 1104; x_wconf 88' lang='lat' dir='ltr'>tamen</span> <span class='ocrx_word' id='word_1_153' title='bbox 965 1067 1050 1104; x_wconf 91' lang='lat' dir='ltr'>alios</span> <span class='ocrx_word' id='word_1_154' title='bbox 1069 1068 1146 1103; x_wconf 84' lang='lat' dir='ltr'>inde</span> <span class='ocrx_word' id='word_1_155' title='bbox 1172 1082 1234 1116; x_wconf 90' lang='lat' dir='ltr'>per</span> <span class='ocrx_word' id='word_1_156' title='bbox 1258 1069 1388 1107; x_wconf 87' lang='lat' dir='ltr'>miseri-</span> 
     </span>
     <span class='ocr_line' id='line_1_29' title="bbox 453 1115 1388 1165; baseline 0.004 -13"><span class='ocrx_word' id='word_1_157' title='bbox 453 1115 597 1153; x_wconf 85' lang='lat' dir='ltr'>cordem</span> <span class='ocrx_word' id='word_1_158' title='bbox 617 1116 952 1154; x_wconf 87' lang='lat' dir='ltr'>bonitatemadducit</span> <span class='ocrx_word' id='word_1_159' title='bbox 977 1117 1017 1153; x_wconf 88' lang='lat' dir='ltr'>ad</span> <span class='ocrx_word' id='word_1_160' title='bbox 1028 1121 1279 1165; x_wconf 77' lang='lat' dir='ltr'>paenitentiam,</span> <span class='ocrx_word' id='word_1_161' title='bbox 1303 1120 1388 1156; x_wconf 89' lang='lat' dir='ltr'>alios</span> 
     </span>
     <span class='ocr_line' id='line_1_30' title="bbox 455 1165 1386 1210; baseline 0.006 -9"><span class='ocrx_word' id='word_1_162' title='bbox 455 1165 640 1204; x_wconf 86' lang='lat' dir='ltr'>secundum</span> <span class='ocrx_word' id='word_1_163' title='bbox 668 1166 792 1209; x_wconf 86' lang='lat' dir='ltr'>iustum</span> <span class='ocrx_word' id='word_1_164' title='bbox 819 1167 982 1210; x_wconf 85' lang='lat' dir='ltr'>judicium</span> <span class='ocrx_word' id='word_1_165' title='bbox 993 1180 1061 1202; x_wconf 85' lang='lat' dir='ltr'>non</span> <span class='ocrx_word' id='word_1_166' title='bbox 1087 1167 1244 1206; x_wconf 87' lang='lat' dir='ltr'>adducit.</span> <span class='ocrx_word' id='word_1_167' title='bbox 1272 1170 1386 1207; x_wconf 80' lang='lat' dir='ltr'>Habet</span> 
     </span>
     <span class='ocr_line' id='line_1_31' title="bbox 451 1215 1385 1269; baseline 0.006 -18"><span class='ocrx_word' id='word_1_168' title='bbox 451 1219 544 1252; x_wconf 86' lang='lat' dir='ltr'>enim</span> <span class='ocrx_word' id='word_1_169' title='bbox 579 1216 782 1264; x_wconf 88' lang='lat' dir='ltr'>potestatem</span> <span class='ocrx_word' id='word_1_170' title='bbox 808 1215 996 1252; x_wconf 88' lang='lat' dir='ltr'>adducendi</span> <span class='ocrx_word' id='word_1_171' title='bbox 1022 1221 1056 1253; x_wconf 90' lang='lat'>&amp;</span> <span class='ocrx_word' id='word_1_172' title='bbox 1083 1216 1241 1255; x_wconf 88' lang='lat' dir='ltr'>trahendi</span> <span class='ocrx_word' id='word_1_173' title='bbox 1264 1245 1277 1262; x_wconf 93' lang='lat'>,</span> <span class='ocrx_word' id='word_1_174' title='bbox 1312 1221 1385 1269; x_wconf 88' lang='lat' dir='ltr'>ipso</span> 
     </span>
     <span class='ocr_line' id='line_1_32' title="bbox 460 1265 1389 1312; baseline 0.008 -10"><span class='ocrx_word' id='word_1_175' title='bbox 460 1267 623 1302; x_wconf 79' lang='lat' dir='ltr'>Domino</span> <span class='ocrx_word' id='word_1_176' title='bbox 648 1265 802 1309; x_wconf 85' lang='lat' dir='ltr'>dicente,</span> <span class='ocrx_word' id='word_1_177' title='bbox 828 1269 946 1302; x_wconf 87' lang='lat' dir='ltr'>Nemo</span> <span class='ocrx_word' id='word_1_178' title='bbox 973 1270 1068 1303; x_wconf 88' lang='lat' dir='ltr'>venit</span> <span class='ocrx_word' id='word_1_179' title='bbox 1093 1267 1135 1304; x_wconf 88' lang='lat' dir='ltr'>ad</span> <span class='ocrx_word' id='word_1_180' title='bbox 1161 1281 1237 1312; x_wconf 89' lang='lat' dir='ltr'>me,</span> <span class='ocrx_word' id='word_1_181' title='bbox 1264 1270 1389 1309; x_wconf 84' lang='lat' dir='ltr'>nifiPa-</span> 
     </span>
     <span class='ocr_line' id='line_1_33' title="bbox 451 1315 1389 1367; baseline 0.007 -15"><span class='ocrx_word' id='word_1_182' title='bbox 451 1326 504 1353; x_wconf 87' lang='lat' dir='ltr'>ter</span> <span class='ocrx_word' id='word_1_183' title='bbox 529 1319 590 1364; x_wconf 87' lang='lat' dir='ltr'>qui</span> <span class='ocrx_word' id='word_1_184' title='bbox 616 1328 672 1352; x_wconf 86' lang='lat' dir='ltr'>me</span> <span class='ocrx_word' id='word_1_185' title='bbox 696 1315 809 1359; x_wconf 78' lang='lat' dir='ltr'>mifit,</span> <span class='ocrx_word' id='word_1_186' title='bbox 834 1320 976 1353; x_wconf 82' lang='lat' dir='ltr'>traxerit</span> <span class='ocrx_word' id='word_1_187' title='bbox 1002 1330 1098 1353; x_wconf 90' lang='lat' dir='ltr'>eum.</span> <span class='ocrx_word' id='word_1_188' title='bbox 1126 1319 1309 1367; x_wconf 89' lang='lat' dir='ltr'>Numquid</span> <span class='ocrx_word' id='word_1_189' title='bbox 1333 1335 1389 1360; x_wconf 88' lang='lat' dir='ltr'>au—</span> 
     </span>
     <span class='ocr_line' id='line_1_34' title="bbox 451 1365 1388 1419; baseline 0.006 -16"><span class='ocrx_word' id='word_1_190' title='bbox 451 1377 523 1403; x_wconf 83' lang='lat' dir='ltr'>tem</span> <span class='ocrx_word' id='word_1_191' title='bbox 551 1365 677 1404; x_wconf 89' lang='lat' dir='ltr'>Achab</span> <span class='ocrx_word' id='word_1_192' title='bbox 703 1379 817 1415; x_wconf 88' lang='lat' dir='ltr'>regem</span> <span class='ocrx_word' id='word_1_193' title='bbox 843 1366 1041 1414; x_wconf 80' lang='lat' dir='ltr'>sacrilegum</span> <span class='ocrx_word' id='word_1_194' title='bbox 1068 1373 1102 1405; x_wconf 91' lang='lat'>&amp;</span> <span class='ocrx_word' id='word_1_195' title='bbox 1128 1372 1275 1419; x_wconf 90' lang='lat' dir='ltr'>impium</span> <span class='ocrx_word' id='word_1_196' title='bbox 1288 1371 1388 1410; x_wconf 79' lang='lat' dir='ltr'>addu-</span> 
     </span>
     <span class='ocr_line' id='line_1_35' title="bbox 453 1417 1388 1467; baseline 0.005 -13"><span class='ocrx_word' id='word_1_197' title='bbox 453 1421 505 1455; x_wconf 74' lang='lat' dir='ltr'>xit</span> <span class='ocrx_word' id='word_1_198' title='bbox 531 1417 573 1453; x_wconf 89' lang='lat' dir='ltr'>ad</span> <span class='ocrx_word' id='word_1_199' title='bbox 599 1419 851 1465; x_wconf 66' lang='lat' dir='ltr'>paenitentiam,</span> <span class='ocrx_word' id='word_1_200' title='bbox 877 1428 934 1454; x_wconf 93' lang='lat' dir='ltr'>aut</span> <span class='ocrx_word' id='word_1_201' title='bbox 959 1417 1076 1454; x_wconf 73' lang='lat' dir='ltr'>saltem</span> <span class='ocrx_word' id='word_1_202' title='bbox 1102 1432 1164 1467; x_wconf 85' lang='lat' dir='ltr'>per</span> <span class='ocrx_word' id='word_1_203' title='bbox 1190 1421 1388 1460; x_wconf 83' lang='lat' dir='ltr'>mendacem</span> 
     </span>
     <span class='ocr_line' id='line_1_36' title="bbox 450 1466 1387 1520; baseline 0.007 -17"><span class='ocrx_word' id='word_1_204' title='bbox 450 1467 612 1515; x_wconf 78' lang='lat' dir='ltr'>spiritum</span> <span class='ocrx_word' id='word_1_205' title='bbox 631 1469 696 1513; x_wconf 88' lang='lat' dir='ltr'>jam</span> <span class='ocrx_word' id='word_1_206' title='bbox 722 1466 969 1516; x_wconf 66' lang='lat' dir='ltr'>stduetoatquc</span> <span class='ocrx_word' id='word_1_207' title='bbox 995 1468 1163 1517; x_wconf 88' lang='lat' dir='ltr'>decepto,</span> <span class='ocrx_word' id='word_1_208' title='bbox 1188 1475 1387 1520; x_wconf 86' lang='lat' dir='ltr'>patientiam</span> 
     </span>
     <span class='ocr_line' id='line_1_37' title="bbox 450 1517 1388 1566; baseline 0.003 -12"><span class='ocrx_word' id='word_1_209' title='bbox 450 1522 489 1554; x_wconf 88' lang='lat'>&amp;</span> <span class='ocrx_word' id='word_1_210' title='bbox 516 1517 811 1565; x_wconf 87' lang='lat' dir='ltr'>longanimitatem</span> <span class='ocrx_word' id='word_1_211' title='bbox 838 1518 1015 1566; x_wconf 86' lang='lat' dir='ltr'>praebuit?</span> <span class='ocrx_word' id='word_1_212' title='bbox 1042 1523 1169 1557; x_wconf 89' lang='lat' dir='ltr'>Nonne</span> <span class='ocrx_word' id='word_1_213' title='bbox 1196 1525 1230 1558; x_wconf 91' lang='lat' dir='ltr'>in</span> <span class='ocrx_word' id='word_1_214' title='bbox 1257 1536 1300 1559; x_wconf 89' lang='lat' dir='ltr'>eo</span> <span class='ocrx_word' id='word_1_215' title='bbox 1327 1523 1388 1561; x_wconf 86' lang='lat' dir='ltr'>sta.-</span> 
     </span>
     <span class='ocr_line' id='line_1_38' title="bbox 449 1568 1387 1617; baseline 0.01 -14"><span class='ocrx_word' id='word_1_216' title='bbox 449 1571 516 1604; x_wconf 89' lang='lat' dir='ltr'>tim</span> <span class='ocrx_word' id='word_1_217' title='bbox 534 1593 547 1610; x_wconf 90' lang='lat'>,</span> <span class='ocrx_word' id='word_1_218' title='bbox 583 1578 727 1617; x_wconf 89' lang='lat' dir='ltr'>propter</span> <span class='ocrx_word' id='word_1_219' title='bbox 753 1568 848 1616; x_wconf 89' lang='lat' dir='ltr'>quod</span> <span class='ocrx_word' id='word_1_220' title='bbox 875 1580 947 1606; x_wconf 90' lang='lat' dir='ltr'>erat</span> <span class='ocrx_word' id='word_1_221' title='bbox 972 1569 1125 1610; x_wconf 58' lang='lat' dir='ltr'>seduffitus</span> <span class='ocrx_word' id='word_1_222' title='bbox 1148 1597 1160 1615; x_wconf 94' lang='lat'>,</span> <span class='ocrx_word' id='word_1_223' title='bbox 1195 1584 1310 1611; x_wconf 89' lang='lat' dir='ltr'>morte</span> <span class='ocrx_word' id='word_1_224' title='bbox 1336 1589 1387 1612; x_wconf 90' lang='lat' dir='ltr'>ra-</span> 
     </span>
     <span class='ocr_line' id='line_1_39' title="bbox 450 1618 1387 1667; baseline 0.01 -14"><span class='ocrx_word' id='word_1_225' title='bbox 450 1621 566 1667; x_wconf 83' lang='lat' dir='ltr'>piente</span> <span class='ocrx_word' id='word_1_226' title='bbox 604 1618 819 1667; x_wconf 88' lang='lat' dir='ltr'>completum</span> <span class='ocrx_word' id='word_1_227' title='bbox 847 1618 926 1656; x_wconf 85' lang='lat' dir='ltr'>est?</span> <span class='ocrx_word' id='word_1_228' title='bbox 961 1624 1049 1667; x_wconf 90' lang='lat' dir='ltr'>Quis</span> <span class='ocrx_word' id='word_1_229' title='bbox 1074 1635 1153 1658; x_wconf 88' lang='lat' dir='ltr'>eum</span> <span class='ocrx_word' id='word_1_230' title='bbox 1189 1623 1281 1661; x_wconf 89' lang='lat' dir='ltr'>dicat</span> <span class='ocrx_word' id='word_1_231' title='bbox 1315 1638 1387 1663; x_wconf 85' lang='lat' dir='ltr'>non</span> 
     </span>
     <span class='ocr_line' id='line_1_40' title="bbox 449 1666 1385 1721; baseline 0.009 -17"><span class='ocrx_word' id='word_1_232' title='bbox 449 1666 622 1717; x_wconf 80' lang='lat' dir='ltr'>peccasse,</span> <span class='ocrx_word' id='word_1_233' title='bbox 648 1668 780 1718; x_wconf 89' lang='lat' dir='ltr'>spiritui</span> <span class='ocrx_word' id='word_1_234' title='bbox 807 1670 979 1707; x_wconf 83' lang='lat' dir='ltr'>credendo</span> <span class='ocrx_word' id='word_1_235' title='bbox 1004 1674 1158 1710; x_wconf 84' lang='lat' dir='ltr'>mendaci</span> <span class='ocrx_word' id='word_1_236' title='bbox 1179 1675 1192 1708; x_wconf 88' lang='lat'>?</span> <span class='ocrx_word' id='word_1_237' title='bbox 1219 1677 1308 1721; x_wconf 82' lang='lat' dir='ltr'>Q&#39;uis</span> <span class='ocrx_word' id='word_1_238' title='bbox 1334 1676 1385 1712; x_wconf 91' lang='lat' dir='ltr'>di-</span> 
     </span>
     <span class='ocr_line' id='line_1_41' title="bbox 448 1718 1386 1773; baseline 0.007 -18"><span class='ocrx_word' id='word_1_239' title='bbox 448 1729 504 1755; x_wconf 87' lang='lat' dir='ltr'>cat</span> <span class='ocrx_word' id='word_1_240' title='bbox 529 1718 601 1756; x_wconf 90' lang='lat' dir='ltr'>hoc</span> <span class='ocrx_word' id='word_1_241' title='bbox 626 1731 804 1768; x_wconf 82' lang='lat' dir='ltr'>peccatum</span> <span class='ocrx_word' id='word_1_242' title='bbox 831 1734 969 1769; x_wconf 85' lang='lat' dir='ltr'>poenam</span> <span class='ocrx_word' id='word_1_243' title='bbox 996 1735 1068 1758; x_wconf 90' lang='lat' dir='ltr'>non</span> <span class='ocrx_word' id='word_1_244' title='bbox 1094 1722 1188 1760; x_wconf 82' lang='lat' dir='ltr'>fuiss&#39;e</span> <span class='ocrx_word' id='word_1_245' title='bbox 1215 1729 1346 1773; x_wconf 88' lang='lat' dir='ltr'>peccati</span> <span class='ocrx_word' id='word_1_246' title='bbox 1374 1753 1386 1771; x_wconf 87' lang='lat'>,</span> 
     </span>
     <span class='ocr_line' id='line_1_42' title="bbox 450 1770 1389 1822; baseline 0.011 -18"><span class='ocrx_word' id='word_1_247' title='bbox 450 1772 645 1805; x_wconf 88' lang='lat' dir='ltr'>venientem</span> <span class='ocrx_word' id='word_1_248' title='bbox 671 1770 714 1806; x_wconf 90' lang='lat' dir='ltr'>de</span> <span class='ocrx_word' id='word_1_249' title='bbox 739 1770 869 1818; x_wconf 85' lang='lat' dir='ltr'>judicio</span> <span class='ocrx_word' id='word_1_250' title='bbox 891 1774 982 1812; x_wconf 86' lang='lat' dir='ltr'>Dei,</span> <span class='ocrx_word' id='word_1_251' title='bbox 1008 1772 1049 1808; x_wconf 89' lang='lat' dir='ltr'>ad</span> <span class='ocrx_word' id='word_1_252' title='bbox 1074 1786 1176 1820; x_wconf 89' lang='lat' dir='ltr'>quem</span> <span class='ocrx_word' id='word_1_253' title='bbox 1202 1774 1285 1822; x_wconf 87' lang='lat' dir='ltr'>legit</span> <span class='ocrx_word' id='word_1_254' title='bbox 1295 1789 1389 1814; x_wconf 83' lang='lat' dir='ltr'>men-</span> 
     </span>
     <span class='ocr_line' id='line_1_43' title="bbox 448 1818 1387 1874; baseline 0.011 -20"><span class='ocrx_word' id='word_1_255' title='bbox 448 1818 567 1855; x_wconf 89' lang='lat' dir='ltr'>dacem</span> <span class='ocrx_word' id='word_1_256' title='bbox 594 1819 774 1867; x_wconf 86' lang='lat' dir='ltr'>spiritum,</span> <span class='ocrx_word' id='word_1_257' title='bbox 801 1820 868 1857; x_wconf 83' lang='lat' dir='ltr'>five</span> <span class='ocrx_word' id='word_1_258' title='bbox 893 1820 1050 1865; x_wconf 72' lang='lat' dir='ltr'>missurn,</span> <span class='ocrx_word' id='word_1_259' title='bbox 1077 1823 1143 1860; x_wconf 83' lang='lat' dir='ltr'>five</span> <span class='ocrx_word' id='word_1_260' title='bbox 1164 1819 1387 1874; x_wconf 74' lang='lat' dir='ltr'>permissum?</span> 
     </span>
     <span class='ocr_line' id='line_1_44' title="bbox 448 1867 1385 1925; baseline 0.012 -21"><span class='ocrx_word' id='word_1_261' title='bbox 448 1872 539 1914; x_wconf 89' lang='lat' dir='ltr'>Quis</span> <span class='ocrx_word' id='word_1_262' title='bbox 564 1867 695 1906; x_wconf 86' lang='lat' dir='ltr'>horum</span> <span class='ocrx_word' id='word_1_263' title='bbox 721 1870 853 1919; x_wconf 88' lang='lat' dir='ltr'>aliquid</span> <span class='ocrx_word' id='word_1_264' title='bbox 878 1872 985 1916; x_wconf 88' lang='lat' dir='ltr'>dicit,</span> <span class='ocrx_word' id='word_1_265' title='bbox 1011 1873 1071 1909; x_wconf 81' lang='lat' dir='ltr'>nisi</span> <span class='ocrx_word' id='word_1_266' title='bbox 1098 1878 1156 1922; x_wconf 89' lang='lat' dir='ltr'>qui</span> <span class='ocrx_word' id='word_1_267' title='bbox 1185 1875 1269 1912; x_wconf 90' lang='lat' dir='ltr'>dicit</span> <span class='ocrx_word' id='word_1_268' title='bbox 1289 1879 1385 1925; x_wconf 89' lang='lat' dir='ltr'>quod</span> 
     </span>
     <span class='ocr_line' id='line_1_45' title="bbox 448 1919 1318 1967; baseline 0.01 -13"><span class='ocrx_word' id='word_1_269' title='bbox 448 1919 549 1962; x_wconf 69' lang='lat' dir='ltr'>vult,</span> <span class='ocrx_word' id='word_1_270' title='bbox 575 1924 610 1956; x_wconf 69' lang='lat' dir='ltr'>Sc</span> <span class='ocrx_word' id='word_1_271' title='bbox 636 1920 732 1967; x_wconf 87' lang='lat' dir='ltr'>quod</span> <span class='ocrx_word' id='word_1_272' title='bbox 759 1934 880 1958; x_wconf 84' lang='lat' dir='ltr'>verum</span> <span class='ocrx_word' id='word_1_273' title='bbox 906 1922 955 1959; x_wconf 86' lang='lat' dir='ltr'>est</span> <span class='ocrx_word' id='word_1_274' title='bbox 981 1923 1097 1959; x_wconf 82' lang='lat' dir='ltr'>audire</span> <span class='ocrx_word' id='word_1_275' title='bbox 1123 1938 1193 1961; x_wconf 92' lang='lat' dir='ltr'>non</span> <span class='ocrx_word' id='word_1_276' title='bbox 1221 1927 1318 1963; x_wconf 87' lang='lat' dir='ltr'>vult?</span> 
     </span>
     <span class='ocr_line' id='line_1_46' title="bbox 495 1970 1384 2027; baseline 0.015 -25"><span class='ocrx_word' id='word_1_277' title='bbox 495 1973 583 2015; x_wconf 89' lang='lat' dir='ltr'>Quis</span> <span class='ocrx_word' id='word_1_278' title='bbox 602 1981 687 2004; x_wconf 91' lang='lat' dir='ltr'>vero</span> <span class='ocrx_word' id='word_1_279' title='bbox 714 1974 759 2005; x_wconf 86' lang='lat' dir='ltr'>ita</span> <span class='ocrx_word' id='word_1_280' title='bbox 770 1970 931 2020; x_wconf 68' lang='lat' dir='ltr'>desipiat,</span> <span class='ocrx_word' id='word_1_281' title='bbox 955 1984 994 2009; x_wconf 91' lang='lat' dir='ltr'>ut</span> <span class='ocrx_word' id='word_1_282' title='bbox 1019 1987 1099 2010; x_wconf 90' lang='lat' dir='ltr'>cum</span> <span class='ocrx_word' id='word_1_283' title='bbox 1125 1976 1273 2013; x_wconf 88' lang='lat' dir='ltr'>audierit</span> <span class='ocrx_word' id='word_1_284' title='bbox 1287 1979 1384 2027; x_wconf 91' lang='lat' dir='ltr'>quod</span> 
     </span>
     <span class='ocr_line' id='line_1_47' title="bbox 447 2018 1384 2071; baseline 0.013 -16"><span class='ocrx_word' id='word_1_285' title='bbox 447 2024 482 2055; x_wconf 86' lang='lat' dir='ltr'>in</span> <span class='ocrx_word' id='word_1_286' title='bbox 507 2018 641 2056; x_wconf 86' lang='lat' dir='ltr'>Psalmo</span> <span class='ocrx_word' id='word_1_287' title='bbox 666 2022 822 2064; x_wconf 88' lang='lat' dir='ltr'>canitur,</span> <span class='ocrx_word' id='word_1_288' title='bbox 849 2025 905 2059; x_wconf 88' lang='lat' dir='ltr'>Ne</span> <span class='ocrx_word' id='word_1_289' title='bbox 930 2023 1041 2060; x_wconf 85' lang='lat' dir='ltr'>tradas</span> <span class='ocrx_word' id='word_1_290' title='bbox 1060 2037 1138 2067; x_wconf 87' lang='lat' dir='ltr'>me,</span> <span class='ocrx_word' id='word_1_291' title='bbox 1163 2029 1341 2071; x_wconf 89' lang='lat' dir='ltr'>Domine,</span> <span class='ocrx_word' id='word_1_292' title='bbox 1366 2044 1384 2067; x_wconf 85' lang='lat' dir='ltr'>a</span> 
     </span>
     <span class='ocr_line' id='line_1_48' title="bbox 447 2069 1384 2119; baseline 0.014 -15"><span class='ocrx_word' id='word_1_293' title='bbox 447 2069 613 2106; x_wconf 81' lang='lat' dir='ltr'>desiderio</span> <span class='ocrx_word' id='word_1_294' title='bbox 638 2082 719 2107; x_wconf 89' lang='lat' dir='ltr'>meo</span> <span class='ocrx_word' id='word_1_295' title='bbox 745 2076 918 2119; x_wconf 84' lang='lat' dir='ltr'>peccatori</span> <span class='ocrx_word' id='word_1_296' title='bbox 940 2087 948 2108; x_wconf 81' lang='lat' dir='ltr'><strong><em>z</em></strong></span> <span class='ocrx_word' id='word_1_297' title='bbox 975 2072 1046 2111; x_wconf 92' lang='lat' dir='ltr'>hoc</span> <span class='ocrx_word' id='word_1_298' title='bbox 1072 2075 1163 2113; x_wconf 87' lang='lat' dir='ltr'>dicat</span> <span class='ocrx_word' id='word_1_299' title='bbox 1190 2076 1294 2115; x_wconf 82' lang='lat' dir='ltr'>oraffe</span> <span class='ocrx_word' id='word_1_300' title='bbox 1319 2078 1384 2116; x_wconf 89' lang='lat' dir='ltr'>ho-</span> 
     </span>
     <span class='ocr_line' id='line_1_49' title="bbox 445 2122 1384 2173; baseline 0.013 -18"><span class='ocrx_word' id='word_1_301' title='bbox 445 2123 575 2156; x_wconf 90' lang='lat' dir='ltr'>minem</span> <span class='ocrx_word' id='word_1_302' title='bbox 596 2146 608 2164; x_wconf 95' lang='lat'>,</span> <span class='ocrx_word' id='word_1_303' title='bbox 635 2134 676 2157; x_wconf 90' lang='lat' dir='ltr'>ne</span> <span class='ocrx_word' id='word_1_304' title='bbox 703 2123 799 2158; x_wconf 90' lang='lat' dir='ltr'>Deus</span> <span class='ocrx_word' id='word_1_305' title='bbox 825 2122 862 2159; x_wconf 85' lang='lat' dir='ltr'>fit</span> <span class='ocrx_word' id='word_1_306' title='bbox 889 2128 1019 2172; x_wconf 88' lang='lat' dir='ltr'>patiens</span> <span class='ocrx_word' id='word_1_307' title='bbox 1044 2138 1122 2173; x_wconf 73' lang='lat' dir='ltr'>erga</span> <span class='ocrx_word' id='word_1_308' title='bbox 1150 2127 1251 2166; x_wconf 89' lang='lat' dir='ltr'>illum</span> <span class='ocrx_word' id='word_1_309' title='bbox 1269 2142 1286 2171; x_wconf 88' lang='lat'><em>;</em></span> <span class='ocrx_word' id='word_1_310' title='bbox 1310 2130 1335 2167; x_wconf 81' lang='lat' dir='ltr'>fi</span> <span class='ocrx_word' id='word_1_311' title='bbox 1362 2129 1384 2150; x_wconf 80' lang='lat'><strong>*</strong></span> 
     </span>
     <span class='ocr_line' id='line_1_50' title="bbox 443 2173 1384 2221; baseline 0.009 -15"><span class='ocrx_word' id='word_1_312' title='bbox 443 2176 531 2206; x_wconf 86' lang='lat' dir='ltr'>Deus</span> <span class='ocrx_word' id='word_1_313' title='bbox 556 2184 614 2208; x_wconf 85' lang='lat' dir='ltr'>non</span> <span class='ocrx_word' id='word_1_314' title='bbox 639 2173 741 2207; x_wconf 79' lang='lat' dir='ltr'>tradit</span> <span class='ocrx_word' id='word_1_315' title='bbox 766 2181 802 2207; x_wconf 86' lang='lat' dir='ltr'>ut</span> <span class='ocrx_word' id='word_1_316' title='bbox 820 2174 907 2210; x_wconf 88' lang='lat' dir='ltr'>mala</span> <span class='ocrx_word' id='word_1_317' title='bbox 929 2173 1034 2216; x_wconf 79' lang='lat' dir='ltr'>fiant,</span> <span class='ocrx_word' id='word_1_318' title='bbox 1060 2176 1115 2219; x_wconf 77' lang='lat' dir='ltr'>mfi</span> <span class='ocrx_word' id='word_1_319' title='bbox 1138 2182 1315 2221; x_wconf 80' lang='lat' dir='ltr'>patientem</span> <span class='ocrx_word' id='word_1_320' title='bbox 1333 2180 1384 2215; x_wconf 84' lang='lat' dir='ltr'>bo-</span> 
     </span>
     <span class='ocr_line' id='line_1_51' title="bbox 444 2220 1383 2266; baseline -0.001 -9"><span class='ocrx_word' id='word_1_321' title='bbox 444 2224 580 2257; x_wconf 82' lang='lat' dir='ltr'>nitatem</span> <span class='ocrx_word' id='word_1_322' title='bbox 613 2220 771 2266; x_wconf 49' lang='lat' dir='ltr'>praebendo</span> <span class='ocrx_word' id='word_1_323' title='bbox 796 2234 868 2255; x_wconf 85' lang='lat' dir='ltr'>cum</span> <span class='ocrx_word' id='word_1_324' title='bbox 901 2220 1017 2262; x_wconf 74' lang='lat' dir='ltr'>fiunt?</span> <span class='ocrx_word' id='word_1_325' title='bbox 1050 2224 1148 2265; x_wconf 89' lang='lat' dir='ltr'>Quid</span> <span class='ocrx_word' id='word_1_326' title='bbox 1185 2223 1235 2256; x_wconf 88' lang='lat' dir='ltr'>est</span> <span class='ocrx_word' id='word_1_327' title='bbox 1270 2233 1383 2257; x_wconf 87' lang='lat' dir='ltr'>autem</span> 
     </span>
     <span class='ocr_line' id='line_1_52' title="bbox 445 2268 1384 2318; baseline 0.001 -13"><span class='ocrx_word' id='word_1_328' title='bbox 445 2269 542 2318; x_wconf 88' lang='lat' dir='ltr'>quod</span> <span class='ocrx_word' id='word_1_329' title='bbox 567 2268 722 2316; x_wconf 89' lang='lat' dir='ltr'>quotidie</span> <span class='ocrx_word' id='word_1_330' title='bbox 748 2268 912 2310; x_wconf 85' lang='lat' dir='ltr'>dicimus,</span> <span class='ocrx_word' id='word_1_331' title='bbox 940 2272 996 2306; x_wconf 93' lang='lat' dir='ltr'>Ne</span> <span class='ocrx_word' id='word_1_332' title='bbox 1023 2281 1086 2304; x_wconf 89' lang='lat' dir='ltr'>nos</span> <span class='ocrx_word' id='word_1_333' title='bbox 1110 2269 1231 2306; x_wconf 86' lang='lat' dir='ltr'>inferas</span> <span class='ocrx_word' id='word_1_334' title='bbox 1257 2273 1291 2306; x_wconf 92' lang='lat' dir='ltr'>in</span> <span class='ocrx_word' id='word_1_335' title='bbox 1313 2281 1384 2306; x_wconf 88' lang='lat' dir='ltr'>ten-</span> 
     </span>
     <span class='ocr_line' id='line_1_53' title="bbox 445 2317 1384 2368; baseline 0 -12"><span class='ocrx_word' id='word_1_336' title='bbox 445 2322 638 2356; x_wconf 79' lang='lat' dir='ltr'>tationem3</span> <span class='ocrx_word' id='word_1_337' title='bbox 665 2317 725 2354; x_wconf 69' lang='lat' dir='ltr'>nisi</span> <span class='ocrx_word' id='word_1_338' title='bbox 751 2329 788 2355; x_wconf 95' lang='lat' dir='ltr'>ut</span> <span class='ocrx_word' id='word_1_339' title='bbox 810 2331 880 2354; x_wconf 90' lang='lat' dir='ltr'>non</span> <span class='ocrx_word' id='word_1_340' title='bbox 904 2318 1080 2356; x_wconf 88' lang='lat' dir='ltr'>tradamur</span> <span class='ocrx_word' id='word_1_341' title='bbox 1099 2319 1384 2368; x_wconf 82' lang='lat' dir='ltr'>concupiscentiis</span> 
     </span>
    </p>
   </div>
   <div class='ocr_carea' id='block_1_10' title="bbox 444 2368 1388 3716">
    <p class='ocr_par' dir='ltr' id='par_1_10' title="bbox 444 2368 1388 3716">
     <span class='ocr_line' id='line_1_54' title="bbox 444 2368 1384 2418; baseline 0.003 -14"><span class='ocrx_word' id='word_1_342' title='bbox 444 2368 593 2405; x_wconf 88' lang='lat' dir='ltr'>nostris?</span> <span class='ocrx_word' id='word_1_343' title='bbox 618 2368 854 2414; x_wconf 85' lang='lat' dir='ltr'>Unusquisque</span> <span class='ocrx_word' id='word_1_344' title='bbox 880 2373 972 2404; x_wconf 91' lang='lat' dir='ltr'>enim</span> <span class='ocrx_word' id='word_1_345' title='bbox 998 2379 1147 2405; x_wconf 90' lang='lat' dir='ltr'>tentatur</span> <span class='ocrx_word' id='word_1_346' title='bbox 1172 2383 1191 2405; x_wconf 90' lang='lat' dir='ltr'>a</span> <span class='ocrx_word' id='word_1_347' title='bbox 1218 2374 1384 2418; x_wconf 86' lang='lat' dir='ltr'>concupi-</span> 
     </span>
     <span class='ocr_line' id='line_1_55' title="bbox 444 2415 1384 2456; baseline 0.001 -1"><span class='ocrx_word' id='word_1_348' title='bbox 444 2418 567 2455; x_wconf 89' lang='lat' dir='ltr'>scentia</span> <span class='ocrx_word' id='word_1_349' title='bbox 593 2415 647 2452; x_wconf 90' lang='lat' dir='ltr'>sua</span> <span class='ocrx_word' id='word_1_350' title='bbox 672 2415 857 2451; x_wconf 66' lang='lat' dir='ltr'>abstractus</span> <span class='ocrx_word' id='word_1_351' title='bbox 882 2420 917 2451; x_wconf 71' lang='grc' dir='ltr'>δε</span> <span class='ocrx_word' id='word_1_352' title='bbox 937 2416 1089 2452; x_wconf 76' lang='lat' dir='ltr'>iueecus.</span> <span class='ocrx_word' id='word_1_353' title='bbox 1117 2421 1175 2453; x_wconf 89' lang='lat' dir='ltr'>An</span> <span class='ocrx_word' id='word_1_354' title='bbox 1200 2418 1292 2454; x_wconf 84' lang='lat' dir='ltr'>forte</span> <span class='ocrx_word' id='word_1_355' title='bbox 1312 2418 1384 2456; x_wconf 84' lang='lat' dir='ltr'>hoc</span> 
     </span>
     <span class='ocr_line' id='line_1_56' title="bbox 445 2465 1385 2515; baseline 0.003 -13"><span class='ocrx_word' id='word_1_356' title='bbox 445 2482 464 2505; x_wconf 83' lang='lat' dir='ltr'>a</span> <span class='ocrx_word' id='word_1_357' title='bbox 493 2468 572 2503; x_wconf 90' lang='lat' dir='ltr'>Deo</span> <span class='ocrx_word' id='word_1_358' title='bbox 598 2468 746 2515; x_wconf 88' lang='lat' dir='ltr'>petimus</span> <span class='ocrx_word' id='word_1_359' title='bbox 767 2490 779 2508; x_wconf 90' lang='lat'>‚</span> <span class='ocrx_word' id='word_1_360' title='bbox 813 2475 851 2501; x_wconf 93' lang='lat' dir='ltr'>ut</span> <span class='ocrx_word' id='word_1_361' title='bbox 878 2478 948 2502; x_wconf 91' lang='lat' dir='ltr'>non</span> <span class='ocrx_word' id='word_1_362' title='bbox 985 2465 1023 2500; x_wconf 85' lang='lat' dir='ltr'>fit</span> <span class='ocrx_word' id='word_1_363' title='bbox 1057 2479 1134 2513; x_wconf 86' lang='lat' dir='ltr'>erga</span> <span class='ocrx_word' id='word_1_364' title='bbox 1159 2478 1223 2503; x_wconf 89' lang='lat' dir='ltr'>nos</span> <span class='ocrx_word' id='word_1_365' title='bbox 1255 2472 1385 2515; x_wconf 87' lang='lat' dir='ltr'>patiens</span> 
     </span>
     <span class='ocr_line' id='line_1_57' title="bbox 445 2517 1383 2563; baseline 0 -9"><span class='ocrx_word' id='word_1_366' title='bbox 445 2518 580 2556; x_wconf 86' lang='lat' dir='ltr'>bonitas</span> <span class='ocrx_word' id='word_1_367' title='bbox 606 2517 696 2561; x_wconf 87' lang='lat' dir='ltr'>ejus?</span> <span class='ocrx_word' id='word_1_368' title='bbox 723 2519 806 2553; x_wconf 91' lang='lat' dir='ltr'>Non</span> <span class='ocrx_word' id='word_1_369' title='bbox 832 2528 916 2563; x_wconf 82' lang='lat' dir='ltr'>crgo</span> <span class='ocrx_word' id='word_1_370' title='bbox 941 2517 1010 2562; x_wconf 85' lang='lat' dir='ltr'>ejus</span> <span class='ocrx_word' id='word_1_371' title='bbox 1037 2519 1236 2554; x_wconf 85' lang='lat' dir='ltr'>invocamus</span> <span class='ocrx_word' id='word_1_372' title='bbox 1255 2517 1383 2554; x_wconf 88' lang='lat' dir='ltr'>miseri-</span> 
     </span>
     <span class='ocr_line' id='line_1_58' title="bbox 445 2565 1381 2616; baseline -0.001 -11"><span class='ocrx_word' id='word_1_373' title='bbox 445 2567 601 2606; x_wconf 80' lang='lat' dir='ltr'>cordiam</span> <span class='ocrx_word' id='word_1_374' title='bbox 619 2592 630 2610; x_wconf 86' lang='lat'>,</span> <span class='ocrx_word' id='word_1_375' title='bbox 656 2566 712 2603; x_wconf 89' lang='lat' dir='ltr'>sed</span> <span class='ocrx_word' id='word_1_376' title='bbox 738 2569 852 2615; x_wconf 90' lang='lat' dir='ltr'>potius</span> <span class='ocrx_word' id='word_1_377' title='bbox 879 2565 1088 2603; x_wconf 84' lang='lat' dir='ltr'>iracundiam</span> <span class='ocrx_word' id='word_1_378' title='bbox 1114 2579 1345 2616; x_wconf 86' lang='lat' dir='ltr'>provocamus</span> <span class='ocrx_word' id='word_1_379' title='bbox 1372 2596 1381 2604; x_wconf 92' lang='lat'><strong>.</strong></span> 
     </span>
     <span class='ocr_line' id='line_1_59' title="bbox 449 2615 1382 2666; baseline 0.001 -12"><span class='ocrx_word' id='word_1_380' title='bbox 449 2621 539 2665; x_wconf 90' lang='lat' dir='ltr'>Quis</span> <span class='ocrx_word' id='word_1_381' title='bbox 565 2617 624 2654; x_wconf 86' lang='lat' dir='ltr'>ista</span> <span class='ocrx_word' id='word_1_382' title='bbox 650 2616 752 2666; x_wconf 87' lang='lat' dir='ltr'>sapiat</span> <span class='ocrx_word' id='word_1_383' title='bbox 778 2615 890 2655; x_wconf 77' lang='lat' dir='ltr'>sanus5</span> <span class='ocrx_word' id='word_1_384' title='bbox 918 2621 1031 2653; x_wconf 88' lang='lat' dir='ltr'>immo</span> <span class='ocrx_word' id='word_1_385' title='bbox 1056 2620 1131 2665; x_wconf 89' lang='lat' dir='ltr'>quis</span> <span class='ocrx_word' id='word_1_386' title='bbox 1156 2617 1212 2654; x_wconf 88' lang='lat' dir='ltr'>vel</span> <span class='ocrx_word' id='word_1_387' title='bbox 1238 2618 1382 2656; x_wconf 89' lang='lat' dir='ltr'>furiosus</span> 
     </span>
     <span class='ocr_line' id='line_1_60' title="bbox 448 2666 1384 2717; baseline 0 -12"><span class='ocrx_word' id='word_1_388' title='bbox 448 2668 522 2706; x_wconf 83' lang='lat' dir='ltr'>haec</span> <span class='ocrx_word' id='word_1_389' title='bbox 546 2668 656 2705; x_wconf 87' lang='lat' dir='ltr'>dicat?</span> <span class='ocrx_word' id='word_1_390' title='bbox 682 2666 807 2704; x_wconf 85' lang='lat' dir='ltr'>Tradit</span> <span class='ocrx_word' id='word_1_391' title='bbox 832 2680 915 2715; x_wconf 84' lang='lat' dir='ltr'>ergo</span> <span class='ocrx_word' id='word_1_392' title='bbox 926 2670 1021 2704; x_wconf 86' lang='lat' dir='ltr'>Deus</span> <span class='ocrx_word' id='word_1_393' title='bbox 1047 2670 1080 2703; x_wconf 90' lang='lat' dir='ltr'>in</span> <span class='ocrx_word' id='word_1_394' title='bbox 1107 2668 1270 2715; x_wconf 82' lang='lat' dir='ltr'>passiones</span> <span class='ocrx_word' id='word_1_395' title='bbox 1289 2672 1384 2717; x_wconf 86' lang='lat' dir='ltr'>igno-</span> 
     </span>
     <span class='ocr_line' id='line_1_61' title="bbox 450 2718 1385 2767; baseline 0.001 -12"><span class='ocrx_word' id='word_1_396' title='bbox 450 2723 589 2761; x_wconf 85' lang='lat' dir='ltr'>miniae,</span> <span class='ocrx_word' id='word_1_397' title='bbox 615 2729 653 2758; x_wconf 87' lang='lat' dir='ltr'>ut</span> <span class='ocrx_word' id='word_1_398' title='bbox 680 2718 762 2754; x_wconf 86' lang='lat' dir='ltr'>fiant</span> <span class='ocrx_word' id='word_1_399' title='bbox 787 2731 860 2765; x_wconf 85' lang='lat' dir='ltr'>quae</span> <span class='ocrx_word' id='word_1_400' title='bbox 887 2731 956 2754; x_wconf 90' lang='lat' dir='ltr'>non</span> <span class='ocrx_word' id='word_1_401' title='bbox 982 2721 1214 2755; x_wconf 81' lang='lat' dir='ltr'>conveniunt;</span> <span class='ocrx_word' id='word_1_402' title='bbox 1240 2718 1296 2756; x_wconf 87' lang='lat' dir='ltr'>sed</span> <span class='ocrx_word' id='word_1_403' title='bbox 1314 2719 1385 2767; x_wconf 85' lang='lat' dir='ltr'>ipse</span> 
     </span>
     <span class='ocr_line' id='line_1_62' title="bbox 451 2767 1385 2817; baseline 0 -11"><span class='ocrx_word' id='word_1_404' title='bbox 451 2771 696 2806; x_wconf 88' lang='lat' dir='ltr'>convenienter</span> <span class='ocrx_word' id='word_1_405' title='bbox 721 2768 844 2804; x_wconf 88' lang='lat' dir='ltr'>tradit:</span> <span class='ocrx_word' id='word_1_406' title='bbox 871 2773 905 2804; x_wconf 70' lang='grc' dir='ltr'>δε</span> <span class='ocrx_word' id='word_1_407' title='bbox 927 2769 1013 2805; x_wconf 88' lang='lat' dir='ltr'>fiunt</span> <span class='ocrx_word' id='word_1_408' title='bbox 1031 2767 1148 2804; x_wconf 89' lang='lat' dir='ltr'>eadem</span> <span class='ocrx_word' id='word_1_409' title='bbox 1166 2778 1325 2817; x_wconf 87' lang='lat' dir='ltr'>peccata,</span> <span class='ocrx_word' id='word_1_410' title='bbox 1349 2774 1385 2806; x_wconf 73' lang='grc' dir='ltr'>δε</span> 
     </span>
     <span class='ocr_line' id='line_1_63' title="bbox 454 2817 1388 2868; baseline 0 -13"><span class='ocrx_word' id='word_1_411' title='bbox 454 2830 675 2868; x_wconf 88' lang='lat' dir='ltr'>peccatorum</span> <span class='ocrx_word' id='word_1_412' title='bbox 701 2817 863 2866; x_wconf 87' lang='lat' dir='ltr'>supplicia</span> <span class='ocrx_word' id='word_1_413' title='bbox 889 2821 1142 2865; x_wconf 87' lang='lat' dir='ltr'>praeteritorum</span> <span class='ocrx_word' id='word_1_414' title='bbox 1161 2843 1173 2861; x_wconf 94' lang='lat'><em>‚</em></span> <span class='ocrx_word' id='word_1_415' title='bbox 1199 2822 1235 2855; x_wconf 65' lang='grc' dir='ltr'>ἔτ</span> <span class='ocrx_word' id='word_1_416' title='bbox 1261 2818 1388 2867; x_wconf 87' lang='lat' dir='ltr'>suppli-</span> 
     </span>
     <span class='ocr_line' id='line_1_64' title="bbox 453 2867 1388 2906; baseline -0.001 0"><span class='ocrx_word' id='word_1_417' title='bbox 453 2874 589 2906; x_wconf 89' lang='lat' dir='ltr'>ciorum</span> <span class='ocrx_word' id='word_1_418' title='bbox 616 2871 738 2904; x_wconf 85' lang='lat' dir='ltr'>merita</span> <span class='ocrx_word' id='word_1_419' title='bbox 755 2868 972 2904; x_wconf 79' lang='lat' dir='ltr'>futurorum:</span> <span class='ocrx_word' id='word_1_420' title='bbox 999 2868 1080 2905; x_wconf 77' lang='lat' dir='ltr'>sicut</span> <span class='ocrx_word' id='word_1_421' title='bbox 1100 2867 1237 2906; x_wconf 87' lang='lat' dir='ltr'>tradidit</span> <span class='ocrx_word' id='word_1_422' title='bbox 1263 2868 1388 2906; x_wconf 84' lang='lat' dir='ltr'>Achab</span> 
     </span>
     <span class='ocr_line' id='line_1_65' title="bbox 452 2917 1387 2969; baseline -0.003 -11"><span class='ocrx_word' id='word_1_423' title='bbox 452 2925 489 2958; x_wconf 89' lang='lat' dir='ltr'>in</span> <span class='ocrx_word' id='word_1_424' title='bbox 508 2917 888 2969; x_wconf 88' lang='lat' dir='ltr'>pseudoprophetarum</span> <span class='ocrx_word' id='word_1_425' title='bbox 913 2918 1127 2956; x_wconf 90' lang='lat' dir='ltr'>mendacium</span> <span class='ocrx_word' id='word_1_426' title='bbox 1145 2918 1228 2955; x_wconf 83' lang='lat' dir='ltr'>ficut</span> <span class='ocrx_word' id='word_1_427' title='bbox 1247 2919 1387 2956; x_wconf 88' lang='lat' dir='ltr'>tradidit</span> 
     </span>
     <span class='ocr_line' id='line_1_66' title="bbox 454 2967 1386 3009; baseline -0.003 -1"><span class='ocrx_word' id='word_1_428' title='bbox 454 2970 622 3009; x_wconf 88' lang='lat' dir='ltr'>Roboam</span> <span class='ocrx_word' id='word_1_429' title='bbox 647 2973 682 3006; x_wconf 91' lang='lat' dir='ltr'>in</span> <span class='ocrx_word' id='word_1_430' title='bbox 707 2968 825 3006; x_wconf 88' lang='lat' dir='ltr'>falsum</span> <span class='ocrx_word' id='word_1_431' title='bbox 849 2968 1049 3006; x_wconf 84' lang='lat' dir='ltr'>confilium.</span> <span class='ocrx_word' id='word_1_432' title='bbox 1075 2972 1168 3006; x_wconf 83' lang='lat' dir='ltr'>Facit</span> <span class='ocrx_word' id='word_1_433' title='bbox 1192 2967 1267 3006; x_wconf 84' lang='lat' dir='ltr'>haec</span> <span class='ocrx_word' id='word_1_434' title='bbox 1291 2972 1386 3005; x_wconf 88' lang='lat' dir='ltr'>miris</span> 
     </span>
     <span class='ocr_line' id='line_1_67' title="bbox 455 3018 1382 3068; baseline -0.003 -10"><span class='ocrx_word' id='word_1_435' title='bbox 455 3025 491 3058; x_wconf 88' lang='lat'>&amp;</span> <span class='ocrx_word' id='word_1_436' title='bbox 517 3019 741 3058; x_wconf 86' lang='lat' dir='ltr'>ineffabilibus</span> <span class='ocrx_word' id='word_1_437' title='bbox 766 3019 878 3057; x_wconf 76' lang='lat' dir='ltr'>modis</span> <span class='ocrx_word' id='word_1_438' title='bbox 905 3045 918 3062; x_wconf 93' lang='lat'>,</span> <span class='ocrx_word' id='word_1_439' title='bbox 942 3022 1002 3068; x_wconf 91' lang='lat' dir='ltr'>qui</span> <span class='ocrx_word' id='word_1_440' title='bbox 1027 3023 1125 3055; x_wconf 90' lang='lat' dir='ltr'>novit</span> <span class='ocrx_word' id='word_1_441' title='bbox 1151 3018 1233 3066; x_wconf 86' lang='lat' dir='ltr'>justa</span> <span class='ocrx_word' id='word_1_442' title='bbox 1258 3019 1382 3066; x_wconf 83' lang='lat' dir='ltr'>judicia</span> 
     </span>
     <span class='ocr_line' id='line_1_68' title="bbox 452 3068 1382 3118; baseline -0.002 -10"><span class='ocrx_word' id='word_1_443' title='bbox 452 3071 532 3114; x_wconf 85' lang='lat' dir='ltr'>sua,</span> <span class='ocrx_word' id='word_1_444' title='bbox 557 3083 628 3106; x_wconf 89' lang='lat' dir='ltr'>non</span> <span class='ocrx_word' id='word_1_445' title='bbox 653 3069 764 3106; x_wconf 90' lang='lat' dir='ltr'>solum</span> <span class='ocrx_word' id='word_1_446' title='bbox 789 3073 824 3105; x_wconf 86' lang='lat' dir='ltr'>in</span> <span class='ocrx_word' id='word_1_447' title='bbox 850 3068 1054 3118; x_wconf 85' lang='lat' dir='ltr'>corporibus</span> <span class='ocrx_word' id='word_1_448' title='bbox 1079 3069 1301 3112; x_wconf 84' lang='lat' dir='ltr'>hominum,</span> <span class='ocrx_word' id='word_1_449' title='bbox 1326 3068 1382 3106; x_wconf 89' lang='lat' dir='ltr'>sed</span> 
     </span>
     <span class='ocr_line' id='line_1_69' title="bbox 457 3118 1381 3169; baseline -0.003 -12"><span class='ocrx_word' id='word_1_450' title='bbox 457 3126 491 3158; x_wconf 71' lang='grc' dir='ltr'>δι</span> <span class='ocrx_word' id='word_1_451' title='bbox 517 3125 550 3157; x_wconf 91' lang='lat' dir='ltr'>in</span> <span class='ocrx_word' id='word_1_452' title='bbox 576 3119 651 3168; x_wconf 88' lang='lat' dir='ltr'>ipfis</span> <span class='ocrx_word' id='word_1_453' title='bbox 667 3118 828 3156; x_wconf 89' lang='lat' dir='ltr'>cordibus</span> <span class='ocrx_word' id='word_1_454' title='bbox 854 3123 1005 3169; x_wconf 87' lang='lat' dir='ltr'>operari.</span> <span class='ocrx_word' id='word_1_455' title='bbox 1032 3123 1106 3164; x_wconf 89' lang='lat' dir='ltr'>Qui</span> <span class='ocrx_word' id='word_1_456' title='bbox 1125 3132 1194 3154; x_wconf 90' lang='lat' dir='ltr'>non</span> <span class='ocrx_word' id='word_1_457' title='bbox 1221 3118 1302 3154; x_wconf 83' lang='lat' dir='ltr'>facit</span> <span class='ocrx_word' id='word_1_458' title='bbox 1319 3132 1381 3154; x_wconf 92' lang='lat' dir='ltr'>vo-</span> 
     </span>
     <span class='ocr_line' id='line_1_70' title="bbox 457 3168 1384 3211; baseline -0.001 -4"><span class='ocrx_word' id='word_1_459' title='bbox 457 3171 601 3207; x_wconf 88' lang='lat' dir='ltr'>luntates</span> <span class='ocrx_word' id='word_1_460' title='bbox 625 3170 750 3207; x_wconf 86' lang='lat' dir='ltr'>malas;</span> <span class='ocrx_word' id='word_1_461' title='bbox 775 3168 830 3204; x_wconf 89' lang='lat' dir='ltr'>sed</span> <span class='ocrx_word' id='word_1_462' title='bbox 847 3173 956 3206; x_wconf 88' lang='lat' dir='ltr'>utitur</span> <span class='ocrx_word' id='word_1_463' title='bbox 980 3172 1028 3205; x_wconf 89' lang='lat' dir='ltr'>eis</span> <span class='ocrx_word' id='word_1_464' title='bbox 1045 3179 1083 3204; x_wconf 92' lang='lat' dir='ltr'>ut</span> <span class='ocrx_word' id='word_1_465' title='bbox 1109 3168 1280 3211; x_wconf 85' lang='lat' dir='ltr'>voluerit,</span> <span class='ocrx_word' id='word_1_466' title='bbox 1306 3182 1384 3206; x_wconf 89' lang='lat' dir='ltr'>cum</span> 
     </span>
     <span class='ocr_line' id='line_1_71' title="bbox 457 3217 1385 3268; baseline -0.002 -11"><span class='ocrx_word' id='word_1_467' title='bbox 457 3219 588 3268; x_wconf 90' lang='lat' dir='ltr'>aliquid</span> <span class='ocrx_word' id='word_1_468' title='bbox 612 3222 726 3266; x_wconf 88' lang='lat' dir='ltr'>inique</span> <span class='ocrx_word' id='word_1_469' title='bbox 753 3218 840 3255; x_wconf 91' lang='lat' dir='ltr'>velle</span> <span class='ocrx_word' id='word_1_470' title='bbox 859 3232 929 3254; x_wconf 87' lang='lat' dir='ltr'>non</span> <span class='ocrx_word' id='word_1_471' title='bbox 957 3218 1076 3266; x_wconf 85' lang='lat' dir='ltr'>poffit.</span> <span class='ocrx_word' id='word_1_472' title='bbox 1102 3217 1251 3254; x_wconf 87' lang='lat' dir='ltr'>Exaudit</span> <span class='ocrx_word' id='word_1_473' title='bbox 1271 3223 1385 3266; x_wconf 87' lang='lat' dir='ltr'>propi-</span> 
     </span>
     <span class='ocr_line' id='line_1_72' title="bbox 458 3267 1384 3313; baseline -0.001 -7"><span class='ocrx_word' id='word_1_474' title='bbox 458 3275 545 3313; x_wconf 86' lang='lat' dir='ltr'>tius,</span> <span class='ocrx_word' id='word_1_475' title='bbox 570 3282 641 3305; x_wconf 89' lang='lat' dir='ltr'>non</span> <span class='ocrx_word' id='word_1_476' title='bbox 660 3268 799 3305; x_wconf 83' lang='lat' dir='ltr'>exaudit</span> <span class='ocrx_word' id='word_1_477' title='bbox 819 3272 941 3305; x_wconf 88' lang='lat' dir='ltr'>iratus:</span> <span class='ocrx_word' id='word_1_478' title='bbox 969 3274 1002 3304; x_wconf 89' lang='lat'>&amp;</span> <span class='ocrx_word' id='word_1_479' title='bbox 1020 3267 1131 3304; x_wconf 90' lang='lat' dir='ltr'>rursus</span> <span class='ocrx_word' id='word_1_480' title='bbox 1151 3280 1222 3303; x_wconf 89' lang='lat' dir='ltr'>non</span> <span class='ocrx_word' id='word_1_481' title='bbox 1246 3268 1384 3305; x_wconf 82' lang='lat' dir='ltr'>exaudit</span> 
     </span>
     <span class='ocr_line' id='line_1_73' title="bbox 457 3318 1382 3369; baseline -0.002 -12"><span class='ocrx_word' id='word_1_482' title='bbox 457 3323 649 3369; x_wconf 77' lang='lat' dir='ltr'>propitius,</span> <span class='ocrx_word' id='word_1_483' title='bbox 674 3318 809 3356; x_wconf 88' lang='lat' dir='ltr'>exaudit</span> <span class='ocrx_word' id='word_1_484' title='bbox 828 3322 948 3355; x_wconf 88' lang='lat' dir='ltr'>iratus.</span> <span class='ocrx_word' id='word_1_485' title='bbox 967 3321 1080 3355; x_wconf 88' lang='lat' dir='ltr'>Parcit</span> <span class='ocrx_word' id='word_1_486' title='bbox 1098 3320 1288 3367; x_wconf 82' lang='lat' dir='ltr'>propitius,</span> <span class='ocrx_word' id='word_1_487' title='bbox 1312 3332 1382 3355; x_wconf 92' lang='lat' dir='ltr'>non</span> 
     </span>
     <span class='ocr_line' id='line_1_74' title="bbox 457 3368 1382 3418; baseline -0.003 -12"><span class='ocrx_word' id='word_1_488' title='bbox 457 3375 566 3418; x_wconf 88' lang='lat' dir='ltr'>parcit</span> <span class='ocrx_word' id='word_1_489' title='bbox 591 3374 721 3406; x_wconf 85' lang='lat' dir='ltr'>iratus:</span> <span class='ocrx_word' id='word_1_490' title='bbox 746 3374 781 3405; x_wconf 88' lang='lat'>&amp;</span> <span class='ocrx_word' id='word_1_491' title='bbox 807 3368 918 3406; x_wconf 85' lang='lat' dir='ltr'>rursus</span> <span class='ocrx_word' id='word_1_492' title='bbox 943 3381 1012 3404; x_wconf 90' lang='lat' dir='ltr'>non</span> <span class='ocrx_word' id='word_1_493' title='bbox 1039 3371 1147 3415; x_wconf 84' lang='lat' dir='ltr'>parcit</span> <span class='ocrx_word' id='word_1_494' title='bbox 1172 3371 1344 3415; x_wconf 87' lang='lat' dir='ltr'>propitius</span> <span class='ocrx_word' id='word_1_495' title='bbox 1369 3393 1382 3412; x_wconf 87' lang='lat'>,</span> 
     </span>
     <span class='ocr_line' id='line_1_75' title="bbox 458 3416 1381 3467; baseline -0.002 -11"><span class='ocrx_word' id='word_1_496' title='bbox 458 3424 566 3467; x_wconf 86' lang='lat' dir='ltr'>parcit</span> <span class='ocrx_word' id='word_1_497' title='bbox 591 3425 711 3456; x_wconf 88' lang='lat' dir='ltr'>iratus:</span> <span class='ocrx_word' id='word_1_498' title='bbox 738 3430 837 3467; x_wconf 90' lang='lat' dir='ltr'>atque</span> <span class='ocrx_word' id='word_1_499' title='bbox 863 3422 898 3455; x_wconf 91' lang='lat' dir='ltr'>in</span> <span class='ocrx_word' id='word_1_500' title='bbox 915 3416 971 3454; x_wconf 88' lang='lat' dir='ltr'>his</span> <span class='ocrx_word' id='word_1_501' title='bbox 995 3417 1154 3454; x_wconf 86' lang='lat' dir='ltr'>omnibus</span> <span class='ocrx_word' id='word_1_502' title='bbox 1180 3416 1288 3454; x_wconf 88' lang='lat' dir='ltr'>bonus</span> <span class='ocrx_word' id='word_1_503' title='bbox 1307 3431 1381 3466; x_wconf 88' lang='lat' dir='ltr'>per-</span> 
     </span>
     <span class='ocr_line' id='line_1_76' title="bbox 455 3466 1383 3516; baseline -0.001 -11"><span class='ocrx_word' id='word_1_504' title='bbox 455 3469 584 3506; x_wconf 87' lang='lat' dir='ltr'>severat</span> <span class='ocrx_word' id='word_1_505' title='bbox 602 3475 636 3506; x_wconf 89' lang='lat'>&amp;</span> <span class='ocrx_word' id='word_1_506' title='bbox 653 3468 772 3516; x_wconf 86' lang='lat' dir='ltr'>justus.</span> <span class='ocrx_word' id='word_1_507' title='bbox 798 3470 862 3506; x_wconf 89' lang='lat' dir='ltr'>Sed</span> <span class='ocrx_word' id='word_1_508' title='bbox 886 3468 928 3505; x_wconf 78' lang='lat' dir='ltr'>ad</span> <span class='ocrx_word' id='word_1_509' title='bbox 944 3466 1017 3504; x_wconf 82' lang='lat' dir='ltr'>haec</span> <span class='ocrx_word' id='word_1_510' title='bbox 1038 3471 1113 3515; x_wconf 88' lang='lat' dir='ltr'>quis</span> <span class='ocrx_word' id='word_1_511' title='bbox 1133 3467 1294 3503; x_wconf 84' lang='lat' dir='ltr'>idoneus?</span> <span class='ocrx_word' id='word_1_512' title='bbox 1317 3471 1383 3504; x_wconf 88' lang='lat' dir='ltr'>uti—</span> 
     </span>
     <span class='ocr_line' id='line_1_77' title="bbox 457 3516 1381 3567; baseline -0.002 -11"><span class='ocrx_word' id='word_1_513' title='bbox 457 3533 522 3567; x_wconf 88' lang='lat' dir='ltr'>que</span> <span class='ocrx_word' id='word_1_514' title='bbox 539 3519 582 3556; x_wconf 87' lang='lat' dir='ltr'>ad</span> <span class='ocrx_word' id='word_1_515' title='bbox 606 3519 678 3555; x_wconf 86' lang='lat' dir='ltr'>haec</span> <span class='ocrx_word' id='word_1_516' title='bbox 696 3520 764 3564; x_wconf 87' lang='lat' dir='ltr'>ejus</span> <span class='ocrx_word' id='word_1_517' title='bbox 784 3517 1018 3567; x_wconf 88' lang='lat' dir='ltr'>perscrutanda</span> <span class='ocrx_word' id='word_1_518' title='bbox 1037 3521 1071 3553; x_wconf 90' lang='lat'>&amp;</span> <span class='ocrx_word' id='word_1_519' title='bbox 1087 3516 1314 3564; x_wconf 71' lang='lat' dir='ltr'>investiganda</span> <span class='ocrx_word' id='word_1_520' title='bbox 1336 3520 1381 3561; x_wconf 88' lang='lat' dir='ltr'>ju-</span> 
     </span>
     <span class='ocr_line' id='line_1_78' title="bbox 459 3566 1378 3617; baseline 0.002 -15"><span class='ocrx_word' id='word_1_521' title='bbox 459 3568 545 3605; x_wconf 86' lang='lat' dir='ltr'>dicia</span> <span class='ocrx_word' id='word_1_522' title='bbox 564 3594 576 3611; x_wconf 95' lang='lat'>‚</span> <span class='ocrx_word' id='word_1_523' title='bbox 601 3572 676 3617; x_wconf 92' lang='lat' dir='ltr'>quis</span> <span class='ocrx_word' id='word_1_524' title='bbox 702 3567 813 3606; x_wconf 86' lang='lat' dir='ltr'>homo</span> <span class='ocrx_word' id='word_1_525' title='bbox 837 3568 978 3605; x_wconf 89' lang='lat' dir='ltr'>idoneus</span> <span class='ocrx_word' id='word_1_526' title='bbox 1002 3592 1014 3608; x_wconf 94' lang='lat'>,</span> <span class='ocrx_word' id='word_1_527' title='bbox 1039 3579 1143 3614; x_wconf 91' lang='lat' dir='ltr'>quem</span> <span class='ocrx_word' id='word_1_528' title='bbox 1168 3566 1378 3615; x_wconf 87' lang='lat' dir='ltr'>corruptible</span> 
     </span>
     <span class='ocr_line' id='line_1_79' title="bbox 461 3614 1377 3666; baseline 0 -12"><span class='ocrx_word' id='word_1_529' title='bbox 461 3628 614 3662; x_wconf 82' lang='lat' dir='ltr'>aggravat</span> <span class='ocrx_word' id='word_1_530' title='bbox 640 3631 764 3666; x_wconf 88' lang='lat' dir='ltr'>corpus</span> <span class='ocrx_word' id='word_1_531' title='bbox 790 3644 803 3663; x_wconf 88' lang='lat'>,</span> <span class='ocrx_word' id='word_1_532' title='bbox 827 3622 929 3656; x_wconf 84' lang='lat' dir='ltr'>etiam</span> <span class='ocrx_word' id='word_1_533' title='bbox 954 3618 978 3654; x_wconf 84' lang='lat' dir='ltr'>fi</span> <span class='ocrx_word' id='word_1_534' title='bbox 1003 3614 1125 3654; x_wconf 89' lang='lat' dir='ltr'>habeat</span> <span class='ocrx_word' id='word_1_535' title='bbox 1151 3618 1215 3659; x_wconf 83' lang='lat' dir='ltr'>iam</span> <span class='ocrx_word' id='word_1_536' title='bbox 1241 3616 1342 3654; x_wconf 71' lang='lat' dir='ltr'>sancti</span> <span class='ocrx_word' id='word_1_537' title='bbox 1369 3645 1377 3654; x_wconf 93' lang='lat'><strong><em>.</em></strong></span> 
     </span>
     <span class='ocr_line' id='line_1_80' title="bbox 463 3667 771 3716; baseline 0.006 -16"><span class='ocrx_word' id='word_1_538' title='bbox 463 3667 603 3712; x_wconf 85' lang='lat' dir='ltr'>Spiritus</span> <span class='ocrx_word' id='word_1_539' title='bbox 628 3671 771 3716; x_wconf 86' lang='lat' dir='ltr'>pignus?</span> 
     </span>
    </p>
   </div>
   <div class='ocr_carea' id='block_1_11' title="bbox 1468 341 2365 357">
    <p class='ocr_par' dir='ltr' id='par_1_11' title="bbox 1468 341 2365 357">
     <span class='ocr_line' id='line_1_81' title="bbox 1468 341 2365 357; baseline 0 3769"><span class='ocrx_word' id='word_1_540' title='bbox 1468 341 2365 357; x_wconf 95' lang='lat' dir='ltr'> </span> 
     </span>
    </p>
   </div>
   <div class='ocr_carea' id='block_1_12' title="bbox 1453 407 2444 459">
    <p class='ocr_par' dir='ltr' id='par_1_12' title="bbox 1453 407 2444 459">
     <span class='ocr_line' id='line_1_82' title="bbox 1453 407 2444 459; baseline 0.005 -13"><span class='ocrx_word' id='word_1_541' title='bbox 1453 414 1506 446; x_wconf 84' lang='lat' dir='ltr'>Ex</span> <span class='ocrx_word' id='word_1_542' title='bbox 1531 407 1608 444; x_wconf 84' lang='lat' dir='ltr'>libro</span> <span class='ocrx_word' id='word_1_543' title='bbox 1629 407 1722 452; x_wconf 84' lang='lat' dir='ltr'>sexto</span> <span class='ocrx_word' id='word_1_544' title='bbox 1747 408 1882 456; x_wconf 73' lang='lat' dir='ltr'>ejusdem</span> <span class='ocrx_word' id='word_1_545' title='bbox 1908 421 2016 448; x_wconf 77' lang='lat' dir='ltr'>contra</span> <span class='ocrx_word' id='word_1_546' title='bbox 2035 411 2226 458; x_wconf 76' lang='lat' dir='ltr'>Julianum,</span> <span class='ocrx_word' id='word_1_547' title='bbox 2249 422 2318 459; x_wconf 75' lang='lat' dir='ltr'>cap,</span> <span class='ocrx_word' id='word_1_548' title='bbox 2348 425 2383 451; x_wconf 84' lang='lat'>2.</span> <span class='ocrx_word' id='word_1_549' title='bbox 2439 454 2444 458; x_wconf 66' lang='grc'><em>,</em></span> 
     </span>
    </p>
   </div>
   <div class='ocr_carea' id='block_1_13' title="bbox 1452 508 2384 602">
    <p class='ocr_par' dir='ltr' id='par_1_13' title="bbox 1452 508 2384 602">
     <span class='ocr_line' id='line_1_83' title="bbox 1452 508 2384 602; baseline 0.009 -58"><span class='ocrx_word' id='word_1_550' title='bbox 1452 508 1749 602; x_wconf 83' lang='lat' dir='ltr'>NAscuntur.</span> <span class='ocrx_word' id='word_1_551' title='bbox 1774 515 1792 554; x_wconf 69' lang='grc' dir='ltr'>ζ</span> <span class='ocrx_word' id='word_1_552' title='bbox 1809 511 1978 560; x_wconf 84' lang='lat' dir='ltr'>parvuli)</span> <span class='ocrx_word' id='word_1_553' title='bbox 2006 525 2066 561; x_wconf 87' lang='lat' dir='ltr'>per</span> <span class='ocrx_word' id='word_1_554' title='bbox 2092 516 2199 556; x_wconf 84' lang='lat' dir='ltr'>carnis</span> <span class='ocrx_word' id='word_1_555' title='bbox 2223 518 2384 564; x_wconf 81' lang='lat' dir='ltr'>concupi-</span> 
     </span>
    </p>
   </div>
   <div class='ocr_carea' id='block_1_14' title="bbox 1447 559 2385 1352">
    <p class='ocr_par' dir='ltr' id='par_1_14' title="bbox 1447 559 2385 1352">
     <span class='ocr_line' id='line_1_84' title="bbox 1585 559 2383 612; baseline 0.006 -15"><span class='ocrx_word' id='word_1_556' title='bbox 1585 559 1742 597; x_wconf 72' lang='lat' dir='ltr'>scentiam</span> <span class='ocrx_word' id='word_1_557' title='bbox 1764 586 1776 603; x_wconf 91' lang='lat'>‚</span> <span class='ocrx_word' id='word_1_558' title='bbox 1810 561 2026 600; x_wconf 86' lang='lat' dir='ltr'>renascuntur</span> <span class='ocrx_word' id='word_1_559' title='bbox 2052 576 2113 611; x_wconf 87' lang='lat' dir='ltr'>per</span> <span class='ocrx_word' id='word_1_560' title='bbox 2139 562 2274 611; x_wconf 86' lang='lat' dir='ltr'>spiritus</span> <span class='ocrx_word' id='word_1_561' title='bbox 2311 577 2383 612; x_wconf 87' lang='lat' dir='ltr'>gra-</span> 
     </span>
     <span class='ocr_line' id='line_1_85' title="bbox 1449 610 2383 657; baseline 0.007 -12"><span class='ocrx_word' id='word_1_562' title='bbox 1449 613 1534 645; x_wconf 86' lang='lat' dir='ltr'>tiam</span> <span class='ocrx_word' id='word_1_563' title='bbox 1554 637 1562 645; x_wconf 91' lang='lat'>.</span> <span class='ocrx_word' id='word_1_564' title='bbox 1588 611 1652 648; x_wconf 85' lang='lat' dir='ltr'>Illa</span> <span class='ocrx_word' id='word_1_565' title='bbox 1677 610 1718 646; x_wconf 89' lang='lat' dir='ltr'>de</span> <span class='ocrx_word' id='word_1_566' title='bbox 1744 611 1876 648; x_wconf 90' lang='lat' dir='ltr'>mundo</span> <span class='ocrx_word' id='word_1_567' title='bbox 1900 613 1950 650; x_wconf 87' lang='lat' dir='ltr'>est</span> <span class='ocrx_word' id='word_1_568' title='bbox 1971 639 1982 657; x_wconf 91' lang='lat'>‚</span> <span class='ocrx_word' id='word_1_569' title='bbox 2006 611 2079 649; x_wconf 80' lang='lat' dir='ltr'>haec</span> <span class='ocrx_word' id='word_1_570' title='bbox 2106 618 2200 650; x_wconf 86' lang='lat' dir='ltr'>venit</span> <span class='ocrx_word' id='word_1_571' title='bbox 2226 618 2260 650; x_wconf 89' lang='lat' dir='ltr'>in</span> <span class='ocrx_word' id='word_1_572' title='bbox 2287 628 2383 654; x_wconf 83' lang='lat' dir='ltr'>mun-</span> 
     </span>
     <span class='ocr_line' id='line_1_86' title="bbox 1449 660 2383 714; baseline 0.006 -18"><span class='ocrx_word' id='word_1_573' title='bbox 1449 661 1532 697; x_wconf 90' lang='lat' dir='ltr'>dum</span> <span class='ocrx_word' id='word_1_574' title='bbox 1553 686 1565 703; x_wconf 93' lang='lat'>,</span> <span class='ocrx_word' id='word_1_575' title='bbox 1590 673 1628 698; x_wconf 92' lang='lat' dir='ltr'>ut</span> <span class='ocrx_word' id='word_1_576' title='bbox 1653 661 1694 698; x_wconf 90' lang='lat' dir='ltr'>de</span> <span class='ocrx_word' id='word_1_577' title='bbox 1722 661 1854 699; x_wconf 88' lang='lat' dir='ltr'>mundo</span> <span class='ocrx_word' id='word_1_578' title='bbox 1879 662 2046 712; x_wconf 84' lang='lat' dir='ltr'>eligantur</span> <span class='ocrx_word' id='word_1_579' title='bbox 2071 667 2129 712; x_wconf 88' lang='lat' dir='ltr'>qui</span> <span class='ocrx_word' id='word_1_580' title='bbox 2156 660 2383 714; x_wconf 60' lang='lat' dir='ltr'>praedestinati</span> 
     </span>
     <span class='ocr_line' id='line_1_87' title="bbox 1450 711 2385 764; baseline 0.003 -16"><span class='ocrx_word' id='word_1_581' title='bbox 1450 711 1526 748; x_wconf 88' lang='lat' dir='ltr'>sunt</span> <span class='ocrx_word' id='word_1_582' title='bbox 1551 722 1629 748; x_wconf 87' lang='lat' dir='ltr'>ante</span> <span class='ocrx_word' id='word_1_583' title='bbox 1655 711 1844 748; x_wconf 85' lang='lat' dir='ltr'>mundum.</span> <span class='ocrx_word' id='word_1_584' title='bbox 1872 717 1964 750; x_wconf 92' lang='lat' dir='ltr'>Cum</span> <span class='ocrx_word' id='word_1_585' title='bbox 1989 724 2102 750; x_wconf 91' lang='lat' dir='ltr'>autem</span> <span class='ocrx_word' id='word_1_586' title='bbox 2128 713 2260 750; x_wconf 81' lang='lat' dir='ltr'>dixisset</span> <span class='ocrx_word' id='word_1_587' title='bbox 2287 716 2385 764; x_wconf 79' lang='lat' dir='ltr'>Apo-</span> 
     </span>
     <span class='ocr_line' id='line_1_88' title="bbox 1451 761 2384 806; baseline 0.004 -9"><span class='ocrx_word' id='word_1_588' title='bbox 1451 761 1582 801; x_wconf 80' lang='lat' dir='ltr'>stolus;</span> <span class='ocrx_word' id='word_1_589' title='bbox 1610 764 1704 799; x_wconf 89' lang='lat' dir='ltr'>Deus</span> <span class='ocrx_word' id='word_1_590' title='bbox 1730 773 1801 798; x_wconf 87' lang='lat' dir='ltr'>erat</span> <span class='ocrx_word' id='word_1_591' title='bbox 1831 766 1864 798; x_wconf 90' lang='lat' dir='ltr'>in</span> <span class='ocrx_word' id='word_1_592' title='bbox 1885 763 2055 805; x_wconf 85' lang='lat' dir='ltr'>Christo,</span> <span class='ocrx_word' id='word_1_593' title='bbox 2080 765 2245 806; x_wconf 85' lang='lat' dir='ltr'>mundum</span> <span class='ocrx_word' id='word_1_594' title='bbox 2266 778 2384 802; x_wconf 77' lang='lat' dir='ltr'>recon—</span> 
     </span>
     <span class='ocr_line' id='line_1_89' title="bbox 1450 811 2383 862; baseline 0.005 -14"><span class='ocrx_word' id='word_1_595' title='bbox 1450 812 1566 848; x_wconf 81' lang='lat' dir='ltr'>cilians</span> <span class='ocrx_word' id='word_1_596' title='bbox 1583 811 1662 850; x_wconf 73' lang='lat' dir='ltr'>fibis</span> <span class='ocrx_word' id='word_1_597' title='bbox 1689 813 1870 860; x_wconf 87' lang='lat' dir='ltr'>quomodo</span> <span class='ocrx_word' id='word_1_598' title='bbox 1897 814 1933 851; x_wconf 89' lang='lat' dir='ltr'>id</span> <span class='ocrx_word' id='word_1_599' title='bbox 1957 814 2080 857; x_wconf 72' lang='lat' dir='ltr'>faciat,</span> <span class='ocrx_word' id='word_1_600' title='bbox 2104 827 2189 853; x_wconf 83' lang='lat' dir='ltr'>mox</span> <span class='ocrx_word' id='word_1_601' title='bbox 2207 815 2383 862; x_wconf 76' lang='lat' dir='ltr'>adjunxit,</span> 
     </span>
     <span class='ocr_line' id='line_1_90' title="bbox 1450 863 2382 911; baseline 0.002 -13"><span class='ocrx_word' id='word_1_602' title='bbox 1450 873 1551 909; x_wconf 86' lang='lat' dir='ltr'>atque</span> <span class='ocrx_word' id='word_1_603' title='bbox 1573 866 1622 901; x_wconf 84' lang='lat' dir='ltr'>ait</span> <span class='ocrx_word' id='word_1_604' title='bbox 1641 888 1654 904; x_wconf 85' lang='lat'>‚</span> <span class='ocrx_word' id='word_1_605' title='bbox 1690 866 1774 899; x_wconf 91' lang='lat' dir='ltr'>Non</span> <span class='ocrx_word' id='word_1_606' title='bbox 1801 873 1959 911; x_wconf 87' lang='lat' dir='ltr'>reputans</span> <span class='ocrx_word' id='word_1_607' title='bbox 1984 863 2051 900; x_wconf 84' lang='lat' dir='ltr'>illis</span> <span class='ocrx_word' id='word_1_608' title='bbox 2077 863 2198 901; x_wconf 69' lang='lat' dir='ltr'>deusta</span> <span class='ocrx_word' id='word_1_609' title='bbox 2224 879 2346 903; x_wconf 87' lang='lat' dir='ltr'>eorum</span> <span class='ocrx_word' id='word_1_610' title='bbox 2374 891 2382 900; x_wconf 90' lang='lat'>.</span> 
     </span>
     <span class='ocr_line' id='line_1_91' title="bbox 1450 912 2382 960; baseline 0.005 -12"><span class='ocrx_word' id='word_1_611' title='bbox 1450 915 1564 949; x_wconf 91' lang='lat' dir='ltr'>Totus</span> <span class='ocrx_word' id='word_1_612' title='bbox 1587 919 1671 960; x_wconf 71' lang='lat' dir='ltr'>‘ergo</span> <span class='ocrx_word' id='word_1_613' title='bbox 1699 912 1844 949; x_wconf 88' lang='lat' dir='ltr'>mundus</span> <span class='ocrx_word' id='word_1_614' title='bbox 1871 927 1913 949; x_wconf 88' lang='lat' dir='ltr'>ex</span> <span class='ocrx_word' id='word_1_615' title='bbox 1941 913 2054 950; x_wconf 89' lang='lat' dir='ltr'>Adam</span> <span class='ocrx_word' id='word_1_616' title='bbox 2081 927 2178 954; x_wconf 81' lang='lat' dir='ltr'>reus3</span> <span class='ocrx_word' id='word_1_617' title='bbox 2204 918 2285 954; x_wconf 89' lang='lat' dir='ltr'>Deo</span> <span class='ocrx_word' id='word_1_618' title='bbox 2311 929 2382 953; x_wconf 89' lang='lat' dir='ltr'>non</span> 
     </span>
     <span class='ocr_line' id='line_1_92' title="bbox 1448 963 2382 1011; baseline 0.005 -13"><span class='ocrx_word' id='word_1_619' title='bbox 1448 974 1600 1010; x_wconf 69' lang='lat' dir='ltr'>negante</span> <span class='ocrx_word' id='word_1_620' title='bbox 1616 976 1754 1002; x_wconf 83' lang='lat' dir='ltr'>manum</span> <span class='ocrx_word' id='word_1_621' title='bbox 1781 963 1998 1000; x_wconf 82' lang='lat' dir='ltr'>formationis</span> <span class='ocrx_word' id='word_1_622' title='bbox 2019 967 2116 1011; x_wconf 88' lang='lat' dir='ltr'>operi</span> <span class='ocrx_word' id='word_1_623' title='bbox 2143 964 2224 1009; x_wconf 82' lang='lat' dir='ltr'>sue,</span> <span class='ocrx_word' id='word_1_624' title='bbox 2250 966 2382 1003; x_wconf 84' lang='lat' dir='ltr'>semini-</span> 
     </span>
     <span class='ocr_line' id='line_1_93' title="bbox 1448 1012 2382 1062; baseline 0.002 -10"><span class='ocrx_word' id='word_1_625' title='bbox 1448 1012 1510 1052; x_wconf 89' lang='lat' dir='ltr'>bus</span> <span class='ocrx_word' id='word_1_626' title='bbox 1529 1012 1688 1051; x_wconf 77' lang='lat' dir='ltr'>institutis</span> <span class='ocrx_word' id='word_1_627' title='bbox 1705 1018 1862 1061; x_wconf 79' lang='lat' dir='ltr'>quamvis</span> <span class='ocrx_word' id='word_1_628' title='bbox 1882 1025 2018 1062; x_wconf 88' lang='lat' dir='ltr'>paterna</span> <span class='ocrx_word' id='word_1_629' title='bbox 2039 1018 2315 1062; x_wconf 83' lang='lat' dir='ltr'>praevaricatione</span> <span class='ocrx_word' id='word_1_630' title='bbox 2333 1021 2382 1054; x_wconf 86' lang='lat' dir='ltr'>vi·</span> 
     </span>
     <span class='ocr_line' id='line_1_94' title="bbox 1448 1063 2380 1111; baseline 0.003 -11"><span class='ocrx_word' id='word_1_631' title='bbox 1448 1066 1558 1100; x_wconf 82' lang='lat' dir='ltr'>tiaris:</span> <span class='ocrx_word' id='word_1_632' title='bbox 1585 1068 1713 1100; x_wconf 83' lang='lat' dir='ltr'>&amp;cum</span> <span class='ocrx_word' id='word_1_633' title='bbox 1743 1077 1803 1111; x_wconf 88' lang='lat' dir='ltr'>per</span> <span class='ocrx_word' id='word_1_634' title='bbox 1824 1063 2003 1102; x_wconf 87' lang='lat' dir='ltr'>Christum</span> <span class='ocrx_word' id='word_1_635' title='bbox 2016 1065 2258 1102; x_wconf 85' lang='lat' dir='ltr'>reconciliatur</span> <span class='ocrx_word' id='word_1_636' title='bbox 2285 1079 2380 1105; x_wconf 86' lang='lat' dir='ltr'>mun-</span> 
     </span>
     <span class='ocr_line' id='line_1_95' title="bbox 1449 1113 2382 1165; baseline -0.003 -14"><span class='ocrx_word' id='word_1_637' title='bbox 1449 1114 1535 1157; x_wconf 88' lang='lat' dir='ltr'>dus,</span> <span class='ocrx_word' id='word_1_638' title='bbox 1561 1113 1602 1149; x_wconf 91' lang='lat' dir='ltr'>de</span> <span class='ocrx_word' id='word_1_639' title='bbox 1621 1114 1751 1151; x_wconf 85' lang='lat' dir='ltr'>mundo</span> <span class='ocrx_word' id='word_1_640' title='bbox 1777 1113 1962 1153; x_wconf 65' lang='lat' dir='ltr'>liberatum</span> <span class='ocrx_word' id='word_1_641' title='bbox 1986 1127 2029 1150; x_wconf 92' lang='lat' dir='ltr'>eo</span> <span class='ocrx_word' id='word_1_642' title='bbox 2055 1113 2221 1151; x_wconf 88' lang='lat' dir='ltr'>liberante</span> <span class='ocrx_word' id='word_1_643' title='bbox 2247 1120 2306 1165; x_wconf 88' lang='lat' dir='ltr'>qui</span> <span class='ocrx_word' id='word_1_644' title='bbox 2326 1130 2382 1154; x_wconf 86' lang='lat' dir='ltr'>ve.</span> 
     </span>
     <span class='ocr_line' id='line_1_96' title="bbox 1447 1165 2382 1214; baseline 0.002 -13"><span class='ocrx_word' id='word_1_645' title='bbox 1447 1166 1499 1202; x_wconf 80' lang='lat' dir='ltr'>nit</span> <span class='ocrx_word' id='word_1_646' title='bbox 1525 1168 1560 1200; x_wconf 92' lang='lat' dir='ltr'>in</span> <span class='ocrx_word' id='word_1_647' title='bbox 1585 1165 1774 1208; x_wconf 89' lang='lat' dir='ltr'>mundum,</span> <span class='ocrx_word' id='word_1_648' title='bbox 1801 1178 1869 1201; x_wconf 83' lang='lat' dir='ltr'>non</span> <span class='ocrx_word' id='word_1_649' title='bbox 1889 1165 1930 1201; x_wconf 90' lang='lat' dir='ltr'>de</span> <span class='ocrx_word' id='word_1_650' title='bbox 1957 1165 2088 1201; x_wconf 87' lang='lat' dir='ltr'>mundo</span> <span class='ocrx_word' id='word_1_651' title='bbox 2106 1165 2300 1214; x_wconf 87' lang='lat' dir='ltr'>eligendus,</span> <span class='ocrx_word' id='word_1_652' title='bbox 2326 1166 2382 1204; x_wconf 85' lang='lat' dir='ltr'>sed</span> 
     </span>
     <span class='ocr_line' id='line_1_97' title="bbox 1449 1214 2384 1264; baseline 0.002 -14"><span class='ocrx_word' id='word_1_653' title='bbox 1449 1214 1618 1252; x_wconf 61' lang='lat' dir='ltr'>eleffiturus</span> <span class='ocrx_word' id='word_1_654' title='bbox 1636 1241 1648 1259; x_wconf 92' lang='lat'>,</span> <span class='ocrx_word' id='word_1_655' title='bbox 1674 1228 1744 1252; x_wconf 90' lang='lat' dir='ltr'>non</span> <span class='ocrx_word' id='word_1_656' title='bbox 1772 1219 1978 1252; x_wconf 84' lang='lat' dir='ltr'>meritorum</span> <span class='ocrx_word' id='word_1_657' title='bbox 2003 1215 2170 1251; x_wconf 63' lang='lat' dir='ltr'>ele-&amp;ione</span> <span class='ocrx_word' id='word_1_658' title='bbox 2191 1241 2203 1258; x_wconf 94' lang='lat'>,</span> <span class='ocrx_word' id='word_1_659' title='bbox 2229 1215 2283 1254; x_wconf 88' lang='lat' dir='ltr'>sed</span> <span class='ocrx_word' id='word_1_660' title='bbox 2309 1229 2384 1264; x_wconf 81' lang='lat' dir='ltr'>gra-</span> 
     </span>
     <span class='ocr_line' id='line_1_98' title="bbox 1450 1266 2382 1351; baseline 0.001 -47"><span class='ocrx_word' id='word_1_661' title='bbox 1450 1268 1524 1351; x_wconf 46' lang='grc' dir='ltr'>ἕξει</span> <span class='ocrx_word' id='word_1_662' title='bbox 1550 1269 1629 1351; x_wconf 71' lang='lat' dir='ltr'>qsuia</span> <span class='ocrx_word' id='word_1_663' title='bbox 1655 1266 1803 1316; x_wconf 83' lang='lat' dir='ltr'>reliquiae</span> <span class='ocrx_word' id='word_1_664' title='bbox 1830 1279 1890 1316; x_wconf 85' lang='lat' dir='ltr'>per</span> <span class='ocrx_word' id='word_1_665' title='bbox 1915 1266 2121 1310; x_wconf 67' lang='lat' dir='ltr'>eleffionern</span> <span class='ocrx_word' id='word_1_666' title='bbox 2145 1268 2259 1313; x_wconf 71' lang='lat' dir='ltr'>gratia</span> <span class='ocrx_word' id='word_1_667' title='bbox 2284 1266 2382 1306; x_wconf 70' lang='lat' dir='ltr'>ssl-vae</span> 
     </span>
     <span class='ocr_line' id='line_1_99' title="bbox 1466 1317 1661 1352; baseline -0.005 0"><span class='ocrx_word' id='word_1_668' title='bbox 1466 1317 1538 1352; x_wconf 63' lang='lat' dir='ltr'>asta</span> <span class='ocrx_word' id='word_1_669' title='bbox 1579 1326 1661 1352; x_wconf 86' lang='lat' dir='ltr'>unt.</span> 
     </span>
    </p>
   </div>
   <div class='ocr_carea' id='block_1_15' title="bbox 2402 750 2575 787">
    <p class='ocr_par' dir='ltr' id='par_1_15' title="bbox 2402 750 2575 787">
     <span class='ocr_line' id='line_1_100' title="bbox 2402 750 2575 787; baseline 0 -9"><span class='ocrx_word' id='word_1_670' title='bbox 2402 757 2420 778; x_wconf 83' lang='lat'>1.</span> <span class='ocrx_word' id='word_1_671' title='bbox 2429 750 2575 787; x_wconf 76' lang='lat' dir='ltr'>Cor.3.19‚</span> 
     </span>
    </p>
   </div>
   <div class='ocr_carea' id='block_1_16' title="bbox 2399 1253 2576 1288">
    <p class='ocr_par' dir='ltr' id='par_1_16' title="bbox 2399 1253 2576 1288">
     <span class='ocr_line' id='line_1_101' title="bbox 2399 1253 2576 1288; baseline -0.006 -6"><span class='ocrx_word' id='word_1_672' title='bbox 2399 1253 2576 1288; x_wconf 78' lang='lat' dir='ltr'>Rom.¹¹.5·</span> 
     </span>
    </p>
   </div>
   <div class='ocr_carea' id='block_1_17' title="bbox 1476 1407 2385 1468">
    <p class='ocr_par' dir='ltr' id='par_1_17' title="bbox 1476 1407 2385 1468">
     <span class='ocr_line' id='line_1_102' title="bbox 1476 1407 2385 1468; baseline 0.001 -13"><span class='ocrx_word' id='word_1_673' title='bbox 1476 1423 1529 1455; x_wconf 83' lang='lat' dir='ltr'>Ex</span> <span class='ocrx_word' id='word_1_674' title='bbox 1555 1418 1658 1455; x_wconf 80' lang='lat' dir='ltr'>eodem</span> <span class='ocrx_word' id='word_1_675' title='bbox 1676 1416 1754 1455; x_wconf 80' lang='lat' dir='ltr'>libro</span> <span class='ocrx_word' id='word_1_676' title='bbox 1774 1418 1866 1463; x_wconf 83' lang='lat' dir='ltr'>sexto</span> <span class='ocrx_word' id='word_1_677' title='bbox 1891 1428 1998 1458; x_wconf 84' lang='lat' dir='ltr'>contra</span> <span class='ocrx_word' id='word_1_678' title='bbox 2015 1421 2286 1467; x_wconf 76' lang='lat' dir='ltr'>julianum,cap.</span> <span class='ocrx_word' id='word_1_679' title='bbox 2302 1432 2357 1468; x_wconf 82' lang='lat'>14.</span> <span class='ocrx_word' id='word_1_680' title='bbox 2383 1407 2385 1411; x_wconf 69' lang='lat'>,</span> 
     </span>
    </p>
   </div>
   <div class='ocr_carea' id='block_1_18' title="bbox 1443 1520 2580 2123">
    <p class='ocr_par' dir='ltr' id='par_1_18' title="bbox 1515 1520 2388 1568">
     <span class='ocr_line' id='line_1_103' title="bbox 1515 1520 2388 1568; baseline 0.001 -11"><span class='ocrx_word' id='word_1_681' title='bbox 1515 1524 1552 1557; x_wconf 92' lang='lat' dir='ltr'>Ic</span> <span class='ocrx_word' id='word_1_682' title='bbox 1579 1529 1691 1557; x_wconf 88' lang='lat' dir='ltr'>autem</span> <span class='ocrx_word' id='word_1_683' title='bbox 1716 1520 1915 1559; x_wconf 88' lang='lat' dir='ltr'>incredibile</span> <span class='ocrx_word' id='word_1_684' title='bbox 1933 1525 1983 1559; x_wconf 89' lang='lat' dir='ltr'>vis</span> <span class='ocrx_word' id='word_1_685' title='bbox 2009 1522 2142 1565; x_wconf 91' lang='lat' dir='ltr'>videri,</span> <span class='ocrx_word' id='word_1_686' title='bbox 2167 1523 2249 1568; x_wconf 83' lang='lat' dir='ltr'>quod</span> <span class='ocrx_word' id='word_1_687' title='bbox 2267 1524 2299 1559; x_wconf 86' lang='lat' dir='ltr'>in</span> <span class='ocrx_word' id='word_1_688' title='bbox 2316 1529 2388 1558; x_wconf 81' lang='lat' dir='ltr'>ute·</span> 
     </span>
    </p>

    <p class='ocr_par' dir='ltr' id='par_1_19' title="bbox 1443 1569 2580 2123">
     <span class='ocr_line' id='line_1_104' title="bbox 1539 1569 2386 1619; baseline 0 -12"><span class='ocrx_word' id='word_1_689' title='bbox 1539 1583 1572 1607; x_wconf 89' lang='lat' dir='ltr'>ro</span> <span class='ocrx_word' id='word_1_690' title='bbox 1598 1569 1799 1616; x_wconf 64' lang='lat' dir='ltr'>baptizata,</span> <span class='ocrx_word' id='word_1_691' title='bbox 1824 1571 1914 1619; x_wconf 74' lang='lat' dir='ltr'>cujus</span> <span class='ocrx_word' id='word_1_692' title='bbox 1938 1582 2048 1618; x_wconf 84' lang='lat' dir='ltr'>corpus</span> <span class='ocrx_word' id='word_1_693' title='bbox 2072 1572 2115 1615; x_wconf 79' lang='lat' dir='ltr'>est</span> <span class='ocrx_word' id='word_1_694' title='bbox 2139 1572 2293 1618; x_wconf 79' lang='lat' dir='ltr'>templum</span> <span class='ocrx_word' id='word_1_695' title='bbox 2310 1573 2386 1615; x_wconf 85' lang='lat' dir='ltr'>Dei,</span> 
     </span>
     <span class='ocr_line' id='line_1_105' title="bbox 1443 1621 2384 1668; baseline 0.002 -12"><span class='ocrx_word' id='word_1_696' title='bbox 1443 1621 1606 1666; x_wconf 85' lang='lat' dir='ltr'>formatur</span> <span class='ocrx_word' id='word_1_697' title='bbox 1623 1621 1712 1659; x_wconf 86' lang='lat' dir='ltr'>homo</span> <span class='ocrx_word' id='word_1_698' title='bbox 1732 1621 1942 1668; x_wconf 69' lang='lat' dir='ltr'>futurus&#39;sub</span> <span class='ocrx_word' id='word_1_699' title='bbox 1957 1622 2098 1665; x_wconf 82' lang='lat' dir='ltr'>diabolo,</span> <span class='ocrx_word' id='word_1_700' title='bbox 2124 1622 2181 1668; x_wconf 77' lang='lat' dir='ltr'>nzfi</span> <span class='ocrx_word' id='word_1_701' title='bbox 2205 1629 2272 1659; x_wconf 85' lang='lat' dir='ltr'>Deo</span> <span class='ocrx_word' id='word_1_702' title='bbox 2295 1629 2384 1660; x_wconf 76' lang='lat' dir='ltr'>rena·-</span> 
     </span>
     <span class='ocr_line' id='line_1_106' title="bbox 1446 1670 2382 1720; baseline -0.001 -12"><span class='ocrx_word' id='word_1_703' title='bbox 1446 1670 1559 1716; x_wconf 73' lang='lat' dir='ltr'>statur</span> <span class='ocrx_word' id='word_1_704' title='bbox 1583 1683 1625 1708; x_wconf 81' lang='lat' dir='ltr'>ex</span> <span class='ocrx_word' id='word_1_705' title='bbox 1650 1678 1715 1708; x_wconf 84' lang='lat' dir='ltr'>Deo</span> <span class='ocrx_word' id='word_1_706' title='bbox 1738 1685 1747 1706; x_wconf 73' lang='grc' dir='ltr'><strong>ε</strong></span> <span class='ocrx_word' id='word_1_707' title='bbox 1772 1671 1862 1720; x_wconf 83' lang='lat' dir='ltr'>quafi</span> <span class='ocrx_word' id='word_1_708' title='bbox 1889 1685 1958 1708; x_wconf 91' lang='lat' dir='ltr'>non</span> <span class='ocrx_word' id='word_1_709' title='bbox 1983 1674 2120 1715; x_wconf 82' lang='lat' dir='ltr'>maioris</span> <span class='ocrx_word' id='word_1_710' title='bbox 2145 1671 2382 1709; x_wconf 81' lang='lat' dir='ltr'>admirationis</span> 
     </span>
     <span class='ocr_line' id='line_1_107' title="bbox 1449 1721 2382 1771; baseline 0.002 -14"><span class='ocrx_word' id='word_1_711' title='bbox 1449 1721 1510 1764; x_wconf 85' lang='lat' dir='ltr'>fit,</span> <span class='ocrx_word' id='word_1_712' title='bbox 1538 1721 1634 1771; x_wconf 88' lang='lat' dir='ltr'>quod</span> <span class='ocrx_word' id='word_1_713' title='bbox 1660 1724 1755 1759; x_wconf 83' lang='lat' dir='ltr'>Deus</span> <span class='ocrx_word' id='word_1_714' title='bbox 1782 1727 1816 1759; x_wconf 86' lang='lat'>&amp;</span> <span class='ocrx_word' id='word_1_715' title='bbox 1841 1721 1900 1759; x_wconf 92' lang='lat' dir='ltr'>ubi</span> <span class='ocrx_word' id='word_1_716' title='bbox 1928 1735 1998 1758; x_wconf 91' lang='lat' dir='ltr'>non</span> <span class='ocrx_word' id='word_1_717' title='bbox 2024 1721 2158 1759; x_wconf 87' lang='lat' dir='ltr'>habitat</span> <span class='ocrx_word' id='word_1_718' title='bbox 2182 1732 2345 1771; x_wconf 87' lang='lat' dir='ltr'>operatur</span> <span class='ocrx_word' id='word_1_719' title='bbox 2371 1749 2382 1759; x_wconf 87' lang='lat'><em>.</em></span> 
     </span>
     <span class='ocr_line' id='line_1_108' title="bbox 1449 1769 2540 1821; baseline 0 -12"><span class='ocrx_word' id='word_1_720' title='bbox 1449 1774 1535 1809; x_wconf 90' lang='lat' dir='ltr'>Non</span> <span class='ocrx_word' id='word_1_721' title='bbox 1561 1775 1654 1808; x_wconf 90' lang='lat' dir='ltr'>enim</span> <span class='ocrx_word' id='word_1_722' title='bbox 1672 1770 1804 1809; x_wconf 86' lang='lat' dir='ltr'>habitat</span> <span class='ocrx_word' id='word_1_723' title='bbox 1831 1775 1865 1808; x_wconf 93' lang='lat' dir='ltr'>in</span> <span class='ocrx_word' id='word_1_724' title='bbox 1885 1785 2033 1821; x_wconf 90' lang='lat' dir='ltr'>corpore</span> <span class='ocrx_word' id='word_1_725' title='bbox 2059 1772 2196 1809; x_wconf 90' lang='lat' dir='ltr'>subdito</span> <span class='ocrx_word' id='word_1_726' title='bbox 2215 1775 2382 1820; x_wconf 78' lang='lat' dir='ltr'>peccatis:</span> <span class='ocrx_word' id='word_1_727' title='bbox 2400 1769 2540 1809; x_wconf 72' lang='lat' dir='ltr'>5⁶p·¹·4·</span> 
     </span>
     <span class='ocr_line' id='line_1_109' title="bbox 1448 1820 2385 1871; baseline -0.001 -12"><span class='ocrx_word' id='word_1_728' title='bbox 1448 1827 1484 1859; x_wconf 89' lang='lat'>&amp;</span> <span class='ocrx_word' id='word_1_729' title='bbox 1510 1834 1624 1859; x_wconf 89' lang='lat' dir='ltr'>tamen</span> <span class='ocrx_word' id='word_1_730' title='bbox 1650 1834 1814 1871; x_wconf 87' lang='lat' dir='ltr'>operatur</span> <span class='ocrx_word' id='word_1_731' title='bbox 1839 1821 2019 1859; x_wconf 86' lang='lat' dir='ltr'>hominem</span> <span class='ocrx_word' id='word_1_732' title='bbox 2043 1826 2078 1859; x_wconf 91' lang='lat' dir='ltr'>in</span> <span class='ocrx_word' id='word_1_733' title='bbox 2103 1834 2205 1860; x_wconf 89' lang='lat' dir='ltr'>utero</span> <span class='ocrx_word' id='word_1_734' title='bbox 2231 1820 2385 1858; x_wconf 65' lang='lat' dir='ltr'>meretri-&#39;</span> 
     </span>
     <span class='ocr_line' id='line_1_110' title="bbox 1448 1870 2560 1922; baseline -0.002 -13"><span class='ocrx_word' id='word_1_735' title='bbox 1448 1876 1515 1909; x_wconf 86' lang='lat' dir='ltr'>cis.</span> <span class='ocrx_word' id='word_1_736' title='bbox 1543 1873 1704 1921; x_wconf 85' lang='lat' dir='ltr'>Adtingit</span> <span class='ocrx_word' id='word_1_737' title='bbox 1730 1877 1822 1910; x_wconf 90' lang='lat' dir='ltr'>enim</span> <span class='ocrx_word' id='word_1_738' title='bbox 1848 1872 1973 1922; x_wconf 90' lang='lat' dir='ltr'>ubique</span> <span class='ocrx_word' id='word_1_739' title='bbox 1998 1883 2142 1922; x_wconf 89' lang='lat' dir='ltr'>propter</span> <span class='ocrx_word' id='word_1_740' title='bbox 2169 1873 2268 1910; x_wconf 80' lang='lat' dir='ltr'>suam‘</span> <span class='ocrx_word' id='word_1_741' title='bbox 2286 1883 2387 1912; x_wconf 56' lang='lat' dir='ltr'>muni.-</span> <span class='ocrx_word' id='word_1_742' title='bbox 2399 1870 2560 1909; x_wconf 67' lang='lat' dir='ltr'>sap-⁷0²4·</span> 
     </span>
     <span class='ocr_line' id='line_1_111' title="bbox 1447 1911 2559 1980; baseline 0.001 -21"><span class='ocrx_word' id='word_1_743' title='bbox 1447 1924 1598 1967; x_wconf 88' lang='lat' dir='ltr'>diciam,</span> <span class='ocrx_word' id='word_1_744' title='bbox 1624 1928 1659 1960; x_wconf 86' lang='lat'>&amp;</span> <span class='ocrx_word' id='word_1_745' title='bbox 1685 1922 1774 1960; x_wconf 84' lang='lat' dir='ltr'>nihil</span> <span class='ocrx_word' id='word_1_746' title='bbox 1801 1927 2014 1971; x_wconf 83' lang='lat' dir='ltr'>inquinatum</span> <span class='ocrx_word' id='word_1_747' title='bbox 2042 1926 2077 1959; x_wconf 90' lang='lat' dir='ltr'>in</span> <span class='ocrx_word' id='word_1_748' title='bbox 2103 1936 2182 1960; x_wconf 88' lang='lat' dir='ltr'>eum</span> <span class='ocrx_word' id='word_1_749' title='bbox 2209 1926 2353 1960; x_wconf 87' lang='lat' dir='ltr'>incurrit</span> <span class='ocrx_word' id='word_1_750' title='bbox 2373 1950 2382 1960; x_wconf 84' lang='lat'><em>.</em></span> <span class='ocrx_word' id='word_1_751' title='bbox 2401 1911 2559 1980; x_wconf 50' lang='lat' dir='ltr'>&amp;ggmlt</span> 
     </span>
     <span class='ocr_line' id='line_1_112' title="bbox 1446 1960 2580 2028; baseline -0.001 -18"><span class='ocrx_word' id='word_1_752' title='bbox 1446 1977 1494 2010; x_wconf 89' lang='lat' dir='ltr'>Et</span> <span class='ocrx_word' id='word_1_753' title='bbox 1520 1974 1616 2022; x_wconf 90' lang='lat' dir='ltr'>quod</span> <span class='ocrx_word' id='word_1_754' title='bbox 1642 1974 1755 2011; x_wconf 89' lang='lat' dir='ltr'>multo</span> <span class='ocrx_word' id='word_1_755' title='bbox 1782 1973 1830 2010; x_wconf 91' lang='lat' dir='ltr'>est</span> <span class='ocrx_word' id='word_1_756' title='bbox 1858 1973 2047 2010; x_wconf 84' lang='lat' dir='ltr'>mirabilius</span> <span class='ocrx_word' id='word_1_757' title='bbox 2056 1999 2069 2016; x_wconf 94' lang='lat'>,</span> <span class='ocrx_word' id='word_1_758' title='bbox 2095 1973 2279 2022; x_wconf 89' lang='lat' dir='ltr'>aliquando</span> <span class='ocrx_word' id='word_1_759' title='bbox 2304 1973 2458 2020; x_wconf 68' lang='lat' dir='ltr'>ado-Dei</span> <span class='ocrx_word' id='word_1_760' title='bbox 2477 1960 2580 2028; x_wconf 61' lang='lat' dir='ltr'>judi-a</span> 
     </span>
     <span class='ocr_line' id='line_1_113' title="bbox 1445 2024 2465 2073; baseline -0.001 -12"><span class='ocrx_word' id='word_1_761' title='bbox 1445 2035 1520 2073; x_wconf 87' lang='lat' dir='ltr'>ptat</span> <span class='ocrx_word' id='word_1_762' title='bbox 1544 2028 1580 2061; x_wconf 92' lang='lat' dir='ltr'>in</span> <span class='ocrx_word' id='word_1_763' title='bbox 1606 2024 1744 2068; x_wconf 86' lang='lat' dir='ltr'>filium,</span> <span class='ocrx_word' id='word_1_764' title='bbox 1768 2037 1872 2072; x_wconf 88' lang='lat' dir='ltr'>quem</span> <span class='ocrx_word' id='word_1_765' title='bbox 1898 2024 2026 2060; x_wconf 88' lang='lat' dir='ltr'>format</span> <span class='ocrx_word' id='word_1_766' title='bbox 2053 2027 2089 2060; x_wconf 88' lang='lat' dir='ltr'>in</span> <span class='ocrx_word' id='word_1_767' title='bbox 2114 2034 2214 2063; x_wconf 77' lang='lat' dir='ltr'>utero</span> <span class='ocrx_word' id='word_1_768' title='bbox 2238 2027 2465 2064; x_wconf 55' lang='lat' dir='ltr'>immun-,cia-</span> 
     </span>
     <span class='ocr_line' id='line_1_114' title="bbox 1445 2072 2391 2123; baseline -0.001 -12"><span class='ocrx_word' id='word_1_769' title='bbox 1445 2075 1586 2112; x_wconf 76' lang='lat' dir='ltr'>diffimae</span> <span class='ocrx_word' id='word_1_770' title='bbox 1603 2075 1801 2118; x_wconf 84' lang='lat' dir='ltr'>feminae,&amp;</span> <span class='ocrx_word' id='word_1_771' title='bbox 1820 2074 2004 2123; x_wconf 89' lang='lat' dir='ltr'>aliquando</span> <span class='ocrx_word' id='word_1_772' title='bbox 2022 2087 2092 2110; x_wconf 89' lang='lat' dir='ltr'>non</span> <span class='ocrx_word' id='word_1_773' title='bbox 2113 2074 2189 2113; x_wconf 87' lang='lat' dir='ltr'>vult</span> <span class='ocrx_word' id='word_1_774' title='bbox 2205 2072 2267 2110; x_wconf 82' lang='lat' dir='ltr'>ess&#39;e</span> <span class='ocrx_word' id='word_1_775' title='bbox 2286 2073 2391 2112; x_wconf 80' lang='lat' dir='ltr'>suum:</span> 
     </span>
    </p>
   </div>
   <div class='ocr_carea' id='block_1_19' title="bbox 1446 2121 2383 2219">
    <p class='ocr_par' dir='ltr' id='par_1_20' title="bbox 1446 2121 2383 2219">
     <span class='ocr_line' id='line_1_115' title="bbox 1446 2121 2382 2207; baseline -0.009 -43"><span class='ocrx_word' id='word_1_776' title='bbox 1446 2126 1557 2163; x_wconf 87' lang='lat' dir='ltr'>filium</span> <span class='ocrx_word' id='word_1_777' title='bbox 1584 2151 1596 2169; x_wconf 94' lang='lat'>,</span> <span class='ocrx_word' id='word_1_778' title='bbox 1617 2138 1726 2207; x_wconf 53' lang='lat' dir='ltr'>equem</span> <span class='ocrx_word' id='word_1_779' title='bbox 1745 2124 1880 2178; x_wconf 44' lang='lat' dir='ltr'>&#39;format</span> <span class='ocrx_word' id='word_1_780' title='bbox 1902 2128 1938 2158; x_wconf 82' lang='lat' dir='ltr'>in</span> <span class='ocrx_word' id='word_1_781' title='bbox 1962 2133 2064 2177; x_wconf 74' lang='lat' dir='ltr'>utero</span> <span class='ocrx_word' id='word_1_782' title='bbox 2088 2122 2153 2156; x_wconf 82' lang='lat' dir='ltr'>suae</span> <span class='ocrx_word' id='word_1_783' title='bbox 2178 2122 2258 2178; x_wconf 72' lang='lat' dir='ltr'>filiae</span> <span class='ocrx_word' id='word_1_784' title='bbox 2283 2147 2291 2156; x_wconf 93' lang='lat'>.</span> <span class='ocrx_word' id='word_1_785' title='bbox 2316 2121 2382 2157; x_wconf 87' lang='lat' dir='ltr'>Ille</span> 
     </span>
     <span class='ocr_line' id='line_1_116' title="bbox 1447 2167 2383 2219; baseline 0 -13"><span class='ocrx_word' id='word_1_786' title='bbox 1447 2179 1579 2217; x_wconf 78' lang='lat' dir='ltr'>quippe</span> <span class='ocrx_word' id='word_1_787' title='bbox 1597 2183 1614 2204; x_wconf 83' lang='lat' dir='ltr'>a</span> <span class='ocrx_word' id='word_1_788' title='bbox 1658 2169 1863 2215; x_wconf 79' lang='lat' dir='ltr'>baptismum</span> <span class='ocrx_word' id='word_1_789' title='bbox 1882 2167 1995 2203; x_wconf 85' lang='lat' dir='ltr'>nescio</span> <span class='ocrx_word' id='word_1_790' title='bbox 2013 2181 2079 2215; x_wconf 87' lang='lat' dir='ltr'>qua</span> <span class='ocrx_word' id='word_1_791' title='bbox 2093 2169 2288 2216; x_wconf 83' lang='lat' dir='ltr'>provisione</span> <span class='ocrx_word' id='word_1_792' title='bbox 2307 2182 2383 2219; x_wconf 91' lang='lat' dir='ltr'>per-</span> 
     </span>
    </p>
   </div>
   <div class='ocr_carea' id='block_1_20' title="bbox 1439 2215 2565 3811">
    <p class='ocr_par' dir='ltr' id='par_1_21' title="bbox 1440 2215 2565 3712">
     <span class='ocr_line' id='line_1_117' title="bbox 1447 2215 2385 2266; baseline 0.003 -14"><span class='ocrx_word' id='word_1_793' title='bbox 1447 2222 1566 2254; x_wconf 82' lang='lat' dir='ltr'>venit3</span> <span class='ocrx_word' id='word_1_794' title='bbox 1593 2215 1653 2252; x_wconf 88' lang='lat' dir='ltr'>iste</span> <span class='ocrx_word' id='word_1_795' title='bbox 1679 2219 1856 2264; x_wconf 86' lang='lat' dir='ltr'>repentina</span> <span class='ocrx_word' id='word_1_796' title='bbox 1883 2227 1996 2253; x_wconf 89' lang='lat' dir='ltr'>morte</span> <span class='ocrx_word' id='word_1_797' title='bbox 2023 2230 2092 2253; x_wconf 91' lang='lat' dir='ltr'>non</span> <span class='ocrx_word' id='word_1_798' title='bbox 2120 2223 2286 2266; x_wconf 88' lang='lat' dir='ltr'>pervenit.</span> <span class='ocrx_word' id='word_1_799' title='bbox 2317 2224 2385 2256; x_wconf 78' lang='lat' dir='ltr'>At-</span> 
     </span>
     <span class='ocr_line' id='line_1_118' title="bbox 1447 2266 2382 2314; baseline 0.001 -13"><span class='ocrx_word' id='word_1_800' title='bbox 1447 2279 1513 2314; x_wconf 91' lang='lat' dir='ltr'>que</span> <span class='ocrx_word' id='word_1_801' title='bbox 1540 2269 1585 2302; x_wconf 86' lang='lat' dir='ltr'>ita</span> <span class='ocrx_word' id='word_1_802' title='bbox 1611 2268 1706 2302; x_wconf 92' lang='lat' dir='ltr'>Deus</span> <span class='ocrx_word' id='word_1_803' title='bbox 1726 2291 1737 2307; x_wconf 91' lang='lat'>‚</span> <span class='ocrx_word' id='word_1_804' title='bbox 1764 2269 1798 2299; x_wconf 89' lang='lat' dir='ltr'>in</span> <span class='ocrx_word' id='word_1_805' title='bbox 1825 2268 1917 2312; x_wconf 86' lang='lat' dir='ltr'>cujus</span> <span class='ocrx_word' id='word_1_806' title='bbox 1943 2266 2109 2313; x_wconf 87' lang='lat' dir='ltr'>potestate</span> <span class='ocrx_word' id='word_1_807' title='bbox 2135 2267 2210 2302; x_wconf 90' lang='lat' dir='ltr'>sunt</span> <span class='ocrx_word' id='word_1_808' title='bbox 2235 2271 2350 2303; x_wconf 86' lang='lat' dir='ltr'>omnia</span> <span class='ocrx_word' id='word_1_809' title='bbox 2368 2292 2382 2310; x_wconf 91' lang='lat'>,</span> 
     </span>
     <span class='ocr_line' id='line_1_119' title="bbox 1446 2312 2383 2363; baseline 0.001 -11"><span class='ocrx_word' id='word_1_810' title='bbox 1446 2316 1527 2352; x_wconf 86' lang='lat' dir='ltr'>facit</span> <span class='ocrx_word' id='word_1_811' title='bbox 1552 2314 1613 2350; x_wconf 80' lang='lat' dir='ltr'>esse</span> <span class='ocrx_word' id='word_1_812' title='bbox 1642 2320 1675 2350; x_wconf 88' lang='lat' dir='ltr'>in</span> <span class='ocrx_word' id='word_1_813' title='bbox 1702 2313 1838 2351; x_wconf 84' lang='lat' dir='ltr'>Christi</span> <span class='ocrx_word' id='word_1_814' title='bbox 1863 2315 2062 2356; x_wconf 89' lang='lat' dir='ltr'>consortio,</span> <span class='ocrx_word' id='word_1_815' title='bbox 2088 2327 2192 2363; x_wconf 89' lang='lat' dir='ltr'>quem</span> <span class='ocrx_word' id='word_1_816' title='bbox 2217 2312 2383 2353; x_wconf 58' lang='lat' dir='ltr'>sormasst</span> 
     </span>
     <span class='ocr_line' id='line_1_120' title="bbox 1446 2362 2433 2415; baseline 0.001 -13"><span class='ocrx_word' id='word_1_817' title='bbox 1446 2369 1484 2402; x_wconf 87' lang='lat' dir='ltr'>in</span> <span class='ocrx_word' id='word_1_818' title='bbox 1509 2364 1638 2401; x_wconf 88' lang='lat' dir='ltr'>diaboli</span> <span class='ocrx_word' id='word_1_819' title='bbox 1657 2362 1860 2401; x_wconf 78' lang='lat' dir='ltr'>domicili03</span> <span class='ocrx_word' id='word_1_820' title='bbox 1888 2367 1922 2399; x_wconf 72' lang='grc' dir='ltr'>δε</span> <span class='ocrx_word' id='word_1_821' title='bbox 1940 2376 2009 2399; x_wconf 91' lang='lat' dir='ltr'>non</span> <span class='ocrx_word' id='word_1_822' title='bbox 2029 2363 2105 2400; x_wconf 92' lang='lat' dir='ltr'>vult</span> <span class='ocrx_word' id='word_1_823' title='bbox 2130 2366 2192 2402; x_wconf 81' lang='lat' dir='ltr'>ess&#39;e</span> <span class='ocrx_word' id='word_1_824' title='bbox 2217 2368 2252 2402; x_wconf 90' lang='lat' dir='ltr'>in</span> <span class='ocrx_word' id='word_1_825' title='bbox 2274 2366 2382 2415; x_wconf 84' lang='lat' dir='ltr'>regno</span> <span class='ocrx_word' id='word_1_826' title='bbox 2407 2399 2410 2402; x_wconf 86' lang='lat'><strong>.</strong></span> <span class='ocrx_word' id='word_1_827' title='bbox 2430 2400 2433 2403; x_wconf 94' lang='grc'><em>,</em></span> 
     </span>
     <span class='ocr_line' id='line_1_121' title="bbox 1447 2412 2382 2462; baseline 0.003 -12"><span class='ocrx_word' id='word_1_828' title='bbox 1447 2414 1532 2457; x_wconf 90' lang='lat' dir='ltr'>suo,</span> <span class='ocrx_word' id='word_1_829' title='bbox 1550 2425 1652 2462; x_wconf 88' lang='lat' dir='ltr'>quem</span> <span class='ocrx_word' id='word_1_830' title='bbox 1674 2412 1840 2450; x_wconf 89' lang='lat' dir='ltr'>formavit</span> <span class='ocrx_word' id='word_1_831' title='bbox 1862 2416 1897 2450; x_wconf 91' lang='lat' dir='ltr'>in</span> <span class='ocrx_word' id='word_1_832' title='bbox 1915 2413 2050 2462; x_wconf 90' lang='lat' dir='ltr'>templo</span> <span class='ocrx_word' id='word_1_833' title='bbox 2066 2412 2144 2451; x_wconf 92' lang='lat' dir='ltr'>suo.</span> <span class='ocrx_word' id='word_1_834' title='bbox 2157 2417 2230 2452; x_wconf 90' lang='lat' dir='ltr'>Aut</span> <span class='ocrx_word' id='word_1_835' title='bbox 2248 2415 2272 2451; x_wconf 82' lang='lat' dir='ltr'>fi</span> <span class='ocrx_word' id='word_1_836' title='bbox 2292 2414 2382 2460; x_wconf 77' lang='lat' dir='ltr'>vult,</span> 
     </span>
     <span class='ocr_line' id='line_1_122' title="bbox 1449 2463 2382 2514; baseline 0.004 -15"><span class='ocrx_word' id='word_1_837' title='bbox 1449 2477 1512 2500; x_wconf 91' lang='lat' dir='ltr'>cur</span> <span class='ocrx_word' id='word_1_838' title='bbox 1539 2477 1608 2499; x_wconf 90' lang='lat' dir='ltr'>non</span> <span class='ocrx_word' id='word_1_839' title='bbox 1636 2463 1716 2500; x_wconf 83' lang='lat' dir='ltr'>facit</span> <span class='ocrx_word' id='word_1_840' title='bbox 1742 2464 1837 2512; x_wconf 92' lang='lat' dir='ltr'>quod</span> <span class='ocrx_word' id='word_1_841' title='bbox 1864 2464 1963 2500; x_wconf 90' lang='lat' dir='ltr'>vult?</span> <span class='ocrx_word' id='word_1_842' title='bbox 1988 2468 2072 2501; x_wconf 91' lang='lat' dir='ltr'>Non</span> <span class='ocrx_word' id='word_1_843' title='bbox 2094 2469 2186 2501; x_wconf 90' lang='lat' dir='ltr'>enim</span> <span class='ocrx_word' id='word_1_844' title='bbox 2212 2467 2308 2514; x_wconf 91' lang='lat' dir='ltr'>quod</span> <span class='ocrx_word' id='word_1_845' title='bbox 2332 2466 2382 2508; x_wconf 89' lang='lat' dir='ltr'>so-</span> 
     </span>
     <span class='ocr_line' id='line_1_123' title="bbox 1447 2513 2382 2564; baseline 0.004 -14"><span class='ocrx_word' id='word_1_846' title='bbox 1447 2515 1525 2551; x_wconf 88' lang='lat' dir='ltr'>letis</span> <span class='ocrx_word' id='word_1_847' title='bbox 1551 2514 1593 2550; x_wconf 90' lang='lat' dir='ltr'>de</span> <span class='ocrx_word' id='word_1_848' title='bbox 1620 2513 1805 2559; x_wconf 87' lang='lat' dir='ltr'>majoribus</span> <span class='ocrx_word' id='word_1_849' title='bbox 1831 2513 1967 2558; x_wconf 88' lang='lat' dir='ltr'>dicere,</span> <span class='ocrx_word' id='word_1_850' title='bbox 1992 2517 2088 2552; x_wconf 88' lang='lat' dir='ltr'>Deus</span> <span class='ocrx_word' id='word_1_851' title='bbox 2113 2515 2190 2552; x_wconf 89' lang='lat' dir='ltr'>vult</span> <span class='ocrx_word' id='word_1_852' title='bbox 2208 2540 2222 2559; x_wconf 90' lang='lat'>,</span> <span class='ocrx_word' id='word_1_853' title='bbox 2246 2520 2282 2553; x_wconf 74' lang='grc' dir='ltr'>δε</span> <span class='ocrx_word' id='word_1_854' title='bbox 2307 2529 2382 2564; x_wconf 87' lang='lat' dir='ltr'>par·</span> 
     </span>
     <span class='ocr_line' id='line_1_124' title="bbox 1445 2563 2381 2603; baseline 0.003 -3"><span class='ocrx_word' id='word_1_855' title='bbox 1445 2564 1545 2601; x_wconf 87' lang='lat' dir='ltr'>vulus</span> <span class='ocrx_word' id='word_1_856' title='bbox 1562 2577 1632 2601; x_wconf 90' lang='lat' dir='ltr'>non</span> <span class='ocrx_word' id='word_1_857' title='bbox 1657 2564 1751 2601; x_wconf 89' lang='lat' dir='ltr'>vult.</span> <span class='ocrx_word' id='word_1_858' title='bbox 1778 2568 1883 2601; x_wconf 90' lang='lat' dir='ltr'>Certe</span> <span class='ocrx_word' id='word_1_859' title='bbox 1902 2563 1961 2601; x_wconf 88' lang='lat' dir='ltr'>hic</span> <span class='ocrx_word' id='word_1_860' title='bbox 1980 2564 2038 2602; x_wconf 89' lang='lat' dir='ltr'>ubi</span> <span class='ocrx_word' id='word_1_861' title='bbox 2057 2565 2117 2602; x_wconf 64' lang='lat' dir='ltr'>fiati</span> <span class='ocrx_word' id='word_1_862' title='bbox 2136 2565 2228 2602; x_wconf 84' lang='lat' dir='ltr'>nulla</span> <span class='ocrx_word' id='word_1_863' title='bbox 2247 2565 2295 2603; x_wconf 86' lang='lat' dir='ltr'>est</span> <span class='ocrx_word' id='word_1_864' title='bbox 2318 2570 2381 2603; x_wconf 90' lang='lat' dir='ltr'>im-</span> 
     </span>
     <span class='ocr_line' id='line_1_125' title="bbox 1445 2614 2381 2665; baseline 0.004 -16"><span class='ocrx_word' id='word_1_865' title='bbox 1445 2614 1645 2657; x_wconf 84' lang='lat' dir='ltr'>mobilitas,</span> <span class='ocrx_word' id='word_1_866' title='bbox 1672 2614 1764 2652; x_wconf 88' lang='lat' dir='ltr'>nulla</span> <span class='ocrx_word' id='word_1_867' title='bbox 1790 2615 1935 2652; x_wconf 83' lang='lat' dir='ltr'>fortunae</span> <span class='ocrx_word' id='word_1_868' title='bbox 1959 2618 2132 2652; x_wconf 89' lang='lat' dir='ltr'>temeritas</span> <span class='ocrx_word' id='word_1_869' title='bbox 2149 2641 2162 2659; x_wconf 89' lang='lat'>‚</span> <span class='ocrx_word' id='word_1_870' title='bbox 2187 2617 2279 2653; x_wconf 83' lang='lat' dir='ltr'>nulla</span> <span class='ocrx_word' id='word_1_871' title='bbox 2305 2630 2381 2665; x_wconf 86' lang='lat' dir='ltr'>per-</span> 
     </span>
     <span class='ocr_line' id='line_1_126' title="bbox 1449 2664 2382 2714; baseline 0.003 -13"><span class='ocrx_word' id='word_1_872' title='bbox 1449 2664 1537 2701; x_wconf 87' lang='lat' dir='ltr'>sonae</span> <span class='ocrx_word' id='word_1_873' title='bbox 1563 2665 1732 2713; x_wconf 87' lang='lat' dir='ltr'>dignitas,</span> <span class='ocrx_word' id='word_1_874' title='bbox 1756 2665 1839 2714; x_wconf 91' lang='lat' dir='ltr'>quid</span> <span class='ocrx_word' id='word_1_875' title='bbox 1857 2665 1957 2702; x_wconf 88' lang='lat' dir='ltr'>restat</span> <span class='ocrx_word' id='word_1_876' title='bbox 1983 2665 2044 2701; x_wconf 70' lang='lat' dir='ltr'>nisi</span> <span class='ocrx_word' id='word_1_877' title='bbox 2068 2666 2307 2703; x_wconf 70' lang='lat' dir='ltr'>misericordia&gt;</span> <span class='ocrx_word' id='word_1_878' title='bbox 2325 2680 2382 2704; x_wconf 84' lang='lat' dir='ltr'>ve·</span> 
     </span>
     <span class='ocr_line' id='line_1_127' title="bbox 1449 2714 2382 2764; baseline 0.003 -13"><span class='ocrx_word' id='word_1_879' title='bbox 1449 2714 1624 2763; x_wconf 81' lang='lat' dir='ltr'>ritatisque</span> <span class='ocrx_word' id='word_1_880' title='bbox 1651 2715 1960 2764; x_wconf 55' lang='lat' dir='ltr'>profunditas?,.⁴Ut</span> <span class='ocrx_word' id='word_1_881' title='bbox 1986 2715 2125 2752; x_wconf 88' lang='lat' dir='ltr'>sciamus</span> <span class='ocrx_word' id='word_1_882' title='bbox 2144 2741 2155 2759; x_wconf 94' lang='lat'>,</span> <span class='ocrx_word' id='word_1_883' title='bbox 2182 2721 2216 2753; x_wconf 89' lang='lat'>&amp;</span> <span class='ocrx_word' id='word_1_884' title='bbox 2242 2730 2284 2759; x_wconf 78' lang='lat' dir='ltr'>ex</span> <span class='ocrx_word' id='word_1_885' title='bbox 2309 2715 2382 2760; x_wconf 83' lang='lat' dir='ltr'>hoc</span> 
     </span>
     <span class='ocr_line' id='line_1_128' title="bbox 1451 2763 2381 2815; baseline 0.003 -13"><span class='ocrx_word' id='word_1_886' title='bbox 1451 2764 1792 2814; x_wconf 80' lang='lat' dir='ltr'>incomprehensibili</span> <span class='ocrx_word' id='word_1_887' title='bbox 1818 2763 2149 2815; x_wconf 80' lang='lat' dir='ltr'>comprehendamus</span> <span class='ocrx_word' id='word_1_888' title='bbox 2174 2768 2268 2812; x_wconf 82' lang='lat' dir='ltr'>juxta</span> <span class='ocrx_word' id='word_1_889' title='bbox 2294 2768 2381 2805; x_wconf 85' lang='lat' dir='ltr'>duos</span> 
     </span>
     <span class='ocr_line' id='line_1_129' title="bbox 1450 2814 2380 2875; baseline 0.002 -23"><span class='ocrx_word' id='word_1_890' title='bbox 1450 2814 1633 2859; x_wconf 82' lang='lat' dir='ltr'>homines,</span> <span class='ocrx_word' id='word_1_891' title='bbox 1658 2829 1764 2854; x_wconf 88' lang='lat' dir='ltr'>unum</span> <span class='ocrx_word' id='word_1_892' title='bbox 1783 2830 1844 2865; x_wconf 83' lang='lat' dir='ltr'>per</span> <span class='ocrx_word' id='word_1_893' title='bbox 1868 2818 1968 2875; x_wconf 74' lang='lat' dir='ltr'>quem</span> <span class='ocrx_word' id='word_1_894' title='bbox 1992 2827 2167 2864; x_wconf 89' lang='lat' dir='ltr'>peccatum</span> <span class='ocrx_word' id='word_1_895' title='bbox 2183 2819 2324 2858; x_wconf 84' lang='lat' dir='ltr'>intravit</span> <span class='ocrx_word' id='word_1_896' title='bbox 2342 2815 2380 2854; x_wconf 77' lang='lat' dir='ltr'>iri</span> 
     </span>
     <span class='ocr_line' id='line_1_130' title="bbox 1450 2865 2378 2915; baseline -0.001 -12"><span class='ocrx_word' id='word_1_897' title='bbox 1450 2865 1641 2909; x_wconf 88' lang='lat' dir='ltr'>mundum,</span> <span class='ocrx_word' id='word_1_898' title='bbox 1666 2867 1812 2904; x_wconf 90' lang='lat' dir='ltr'>alterum</span> <span class='ocrx_word' id='word_1_899' title='bbox 1838 2869 1895 2915; x_wconf 85' lang='lat' dir='ltr'>qui</span> <span class='ocrx_word' id='word_1_900' title='bbox 1923 2866 2014 2902; x_wconf 90' lang='lat' dir='ltr'>tollit</span> <span class='ocrx_word' id='word_1_901' title='bbox 2035 2877 2212 2914; x_wconf 86' lang='lat' dir='ltr'>peccatum</span> <span class='ocrx_word' id='word_1_902' title='bbox 2237 2866 2378 2908; x_wconf 66' lang='lat' dir='ltr'>mundi,</span> 
     </span>
     <span class='ocr_line' id='line_1_131' title="bbox 1449 2911 2378 2969; baseline -0.001 -17"><span class='ocrx_word' id='word_1_903' title='bbox 1449 2929 1569 2955; x_wconf 86' lang='lat' dir='ltr'>omnes</span> <span class='ocrx_word' id='word_1_904' title='bbox 1603 2916 1694 2953; x_wconf 85' lang='lat' dir='ltr'>filios</span> <span class='ocrx_word' id='word_1_905' title='bbox 1720 2911 1998 2969; x_wconf 64' lang='lat' dir='ltr'>concupispentiae</span> <span class='ocrx_word' id='word_1_906' title='bbox 2023 2918 2163 2956; x_wconf 83' lang='lat' dir='ltr'>carnalis</span> <span class='ocrx_word' id='word_1_907' title='bbox 2196 2917 2378 2953; x_wconf 90' lang='lat' dir='ltr'>undecum-</span> 
     </span>
     <span class='ocr_line' id='line_1_132' title="bbox 1450 2965 2376 3016; baseline -0.001 -13"><span class='ocrx_word' id='word_1_908' title='bbox 1450 2979 1516 3014; x_wconf 91' lang='lat' dir='ltr'>que</span> <span class='ocrx_word' id='word_1_909' title='bbox 1542 2965 1740 3010; x_wconf 86' lang='lat' dir='ltr'>nascantur‚</span> <span class='ocrx_word' id='word_1_910' title='bbox 1764 2967 1806 3004; x_wconf 90' lang='lat' dir='ltr'>ad</span> <span class='ocrx_word' id='word_1_911' title='bbox 1828 2969 1940 3016; x_wconf 77' lang='lat' dir='ltr'>iugum</span> <span class='ocrx_word' id='word_1_912' title='bbox 1961 2980 2061 3014; x_wconf 77' lang='lat' dir='ltr'>grave</span> <span class='ocrx_word' id='word_1_913' title='bbox 2087 2967 2240 3007; x_wconf 83' lang='lat' dir='ltr'>filiorum</span> <span class='ocrx_word' id='word_1_914' title='bbox 2263 2965 2376 3002; x_wconf 81' lang='lat' dir='ltr'>Adam</span> 
     </span>
     <span class='ocr_line' id='line_1_133' title="bbox 1449 3014 2378 3065; baseline 0 -13"><span class='ocrx_word' id='word_1_915' title='bbox 1449 3019 1578 3052; x_wconf 91' lang='lat' dir='ltr'>merito</span> <span class='ocrx_word' id='word_1_916' title='bbox 1603 3022 1773 3065; x_wconf 87' lang='lat' dir='ltr'>pertinere</span> <span class='ocrx_word' id='word_1_917' title='bbox 1802 3030 1816 3057; x_wconf 84' lang='lat'>;</span> <span class='ocrx_word' id='word_1_918' title='bbox 1840 3022 1874 3054; x_wconf 89' lang='lat'>&amp;</span> <span class='ocrx_word' id='word_1_919' title='bbox 1901 3028 1942 3055; x_wconf 83' lang='lat' dir='ltr'>ex</span> <span class='ocrx_word' id='word_1_920' title='bbox 1968 3016 2021 3053; x_wconf 91' lang='lat' dir='ltr'>his</span> <span class='ocrx_word' id='word_1_921' title='bbox 2046 3029 2163 3052; x_wconf 87' lang='lat' dir='ltr'>omnes</span> <span class='ocrx_word' id='word_1_922' title='bbox 2189 3014 2278 3050; x_wconf 85' lang='lat' dir='ltr'>filios</span> <span class='ocrx_word' id='word_1_923' title='bbox 2303 3028 2378 3063; x_wconf 85' lang='lat' dir='ltr'>gra·</span> 
     </span>
     <span class='ocr_line' id='line_1_134' title="bbox 1442 3064 2373 3116; baseline 0.005 -14"><span class='ocrx_word' id='word_1_924' title='bbox 1442 3070 1498 3103; x_wconf 88' lang='lat' dir='ltr'>tiae</span> <span class='ocrx_word' id='word_1_925' title='bbox 1514 3065 1671 3115; x_wconf 87' lang='lat' dir='ltr'>spiritalis</span> <span class='ocrx_word' id='word_1_926' title='bbox 1689 3064 2174 3116; x_wconf 58' lang='lat' dir='ltr'>undecumque‘ieenascantum</span> <span class='ocrx_word' id='word_1_927' title='bbox 2193 3065 2234 3101; x_wconf 87' lang='lat' dir='ltr'>ad</span> <span class='ocrx_word' id='word_1_928' title='bbox 2255 3067 2373 3112; x_wconf 81' lang='lat' dir='ltr'>jugum</span> 
     </span>
     <span class='ocr_line' id='line_1_135' title="bbox 1447 3116 2374 3162; baseline -0.002 -9"><span class='ocrx_word' id='word_1_929' title='bbox 1447 3117 1583 3154; x_wconf 86' lang='lat' dir='ltr'>suavem</span> <span class='ocrx_word' id='word_1_930' title='bbox 1624 3117 1777 3154; x_wconf 85' lang='lat' dir='ltr'>filiorum</span> <span class='ocrx_word' id='word_1_931' title='bbox 1806 3119 1873 3154; x_wconf 92' lang='lat' dir='ltr'>Dei</span> <span class='ocrx_word' id='word_1_932' title='bbox 1909 3116 1973 3152; x_wconf 85' lang='lat' dir='ltr'>slne</span> <span class='ocrx_word' id='word_1_933' title='bbox 1999 3117 2125 3150; x_wconf 90' lang='lat' dir='ltr'>merito</span> <span class='ocrx_word' id='word_1_934' title='bbox 2159 3119 2339 3162; x_wconf 86' lang='lat' dir='ltr'>pervenire</span> <span class='ocrx_word' id='word_1_935' title='bbox 2365 3143 2374 3152; x_wconf 83' lang='lat'><strong>.</strong></span> 
     </span>
     <span class='ocr_line' id='line_1_136' title="bbox 1447 3165 2375 3212; baseline -0.004 -8"><span class='ocrx_word' id='word_1_936' title='bbox 1447 3166 1596 3204; x_wconf 89' lang='lat' dir='ltr'>Proinde</span> <span class='ocrx_word' id='word_1_937' title='bbox 1622 3168 1857 3204; x_wconf 89' lang='lat' dir='ltr'>conditionem</span> <span class='ocrx_word' id='word_1_938' title='bbox 1882 3165 1971 3202; x_wconf 87' lang='lat' dir='ltr'>suam</span> <span class='ocrx_word' id='word_1_939' title='bbox 1997 3167 2084 3211; x_wconf 80' lang='lat' dir='ltr'>gerit</span> <span class='ocrx_word' id='word_1_940' title='bbox 2110 3190 2122 3207; x_wconf 92' lang='lat'>,</span> <span class='ocrx_word' id='word_1_941' title='bbox 2149 3168 2206 3212; x_wconf 91' lang='lat' dir='ltr'>qui</span> <span class='ocrx_word' id='word_1_942' title='bbox 2234 3168 2268 3201; x_wconf 93' lang='lat' dir='ltr'>in</span> <span class='ocrx_word' id='word_1_943' title='bbox 2294 3165 2375 3201; x_wconf 87' lang='lat' dir='ltr'>alte-</span> 
     </span>
     <span class='ocr_line' id='line_1_137' title="bbox 1446 3213 2374 3266; baseline -0.002 -13"><span class='ocrx_word' id='word_1_944' title='bbox 1446 3220 1518 3253; x_wconf 83' lang='lat' dir='ltr'>rius</span> <span class='ocrx_word' id='word_1_945' title='bbox 1535 3229 1707 3265; x_wconf 88' lang='lat' dir='ltr'>corpore,</span> <span class='ocrx_word' id='word_1_946' title='bbox 1731 3216 1825 3266; x_wconf 90' lang='lat' dir='ltr'>quod</span> <span class='ocrx_word' id='word_1_947' title='bbox 1842 3213 1890 3251; x_wconf 88' lang='lat' dir='ltr'>est</span> <span class='ocrx_word' id='word_1_948' title='bbox 1915 3214 2082 3262; x_wconf 88' lang='lat' dir='ltr'>templum</span> <span class='ocrx_word' id='word_1_949' title='bbox 2107 3217 2199 3258; x_wconf 91' lang='lat' dir='ltr'>Dei,</span> <span class='ocrx_word' id='word_1_950' title='bbox 2223 3218 2268 3251; x_wconf 88' lang='lat' dir='ltr'>ita</span> <span class='ocrx_word' id='word_1_951' title='bbox 2293 3228 2374 3251; x_wconf 80' lang='lat' dir='ltr'>con—</span> 
     </span>
     <span class='ocr_line' id='line_1_138' title="bbox 1446 3263 2372 3314; baseline -0.001 -12"><span class='ocrx_word' id='word_1_952' title='bbox 1446 3266 1608 3308; x_wconf 83' lang='lat' dir='ltr'>struitur,</span> <span class='ocrx_word' id='word_1_953' title='bbox 1634 3278 1671 3303; x_wconf 89' lang='lat' dir='ltr'>ut</span> <span class='ocrx_word' id='word_1_954' title='bbox 1697 3279 1767 3303; x_wconf 90' lang='lat' dir='ltr'>non</span> <span class='ocrx_word' id='word_1_955' title='bbox 1793 3264 1874 3301; x_wconf 89' lang='lat' dir='ltr'>ideo</span> <span class='ocrx_word' id='word_1_956' title='bbox 1898 3263 1936 3300; x_wconf 85' lang='lat' dir='ltr'>fit</span> <span class='ocrx_word' id='word_1_957' title='bbox 1961 3269 1996 3301; x_wconf 90' lang='lat'>&amp;</span> <span class='ocrx_word' id='word_1_958' title='bbox 2016 3263 2084 3312; x_wconf 90' lang='lat' dir='ltr'>ipse</span> <span class='ocrx_word' id='word_1_959' title='bbox 2103 3265 2270 3314; x_wconf 89' lang='lat' dir='ltr'>templum</span> <span class='ocrx_word' id='word_1_960' title='bbox 2282 3267 2372 3308; x_wconf 91' lang='lat' dir='ltr'>Dei,</span> 
     </span>
     <span class='ocr_line' id='line_1_139' title="bbox 1444 3314 2371 3364; baseline -0.001 -12"><span class='ocrx_word' id='word_1_961' title='bbox 1444 3319 1522 3364; x_wconf 84' lang='lat' dir='ltr'>quia</span> <span class='ocrx_word' id='word_1_962' title='bbox 1549 3315 1733 3353; x_wconf 81' lang='lat' dir='ltr'>aedificatur</span> <span class='ocrx_word' id='word_1_963' title='bbox 1756 3318 1791 3351; x_wconf 89' lang='lat' dir='ltr'>in</span> <span class='ocrx_word' id='word_1_964' title='bbox 1815 3314 1949 3362; x_wconf 88' lang='lat' dir='ltr'>templo</span> <span class='ocrx_word' id='word_1_965' title='bbox 1976 3316 2063 3350; x_wconf 88' lang='lat' dir='ltr'>Dei.</span> <span class='ocrx_word' id='word_1_966' title='bbox 2091 3317 2215 3353; x_wconf 86' lang='lat' dir='ltr'>Matris</span> <span class='ocrx_word' id='word_1_967' title='bbox 2241 3317 2371 3364; x_wconf 88' lang='lat' dir='ltr'>quippe</span> 
     </span>
     <span class='ocr_line' id='line_1_140' title="bbox 1443 3363 2370 3413; baseline -0.001 -11"><span class='ocrx_word' id='word_1_968' title='bbox 1443 3378 1568 3413; x_wconf 88' lang='lat' dir='ltr'>corpus</span> <span class='ocrx_word' id='word_1_969' title='bbox 1586 3377 1624 3402; x_wconf 89' lang='lat' dir='ltr'>ut</span> <span class='ocrx_word' id='word_1_970' title='bbox 1644 3364 1720 3402; x_wconf 84' lang='lat' dir='ltr'>ess&#39;et</span> <span class='ocrx_word' id='word_1_971' title='bbox 1737 3364 1904 3412; x_wconf 88' lang='lat' dir='ltr'>templum</span> <span class='ocrx_word' id='word_1_972' title='bbox 1925 3367 2016 3407; x_wconf 92' lang='lat' dir='ltr'>Dei,</span> <span class='ocrx_word' id='word_1_973' title='bbox 2033 3368 2148 3413; x_wconf 85' lang='lat' dir='ltr'>gratiae</span> <span class='ocrx_word' id='word_1_974' title='bbox 2165 3363 2370 3402; x_wconf 87' lang='lat' dir='ltr'>beneficium</span> 
     </span>
     <span class='ocr_line' id='line_1_141' title="bbox 1440 3414 2541 3476; baseline 0 -25"><span class='ocrx_word' id='word_1_975' title='bbox 1440 3414 1512 3458; x_wconf 87' lang='lat' dir='ltr'>est,</span> <span class='ocrx_word' id='word_1_976' title='bbox 1537 3428 1606 3451; x_wconf 91' lang='lat' dir='ltr'>non</span> <span class='ocrx_word' id='word_1_977' title='bbox 1634 3427 1781 3453; x_wconf 85' lang='lat' dir='ltr'>naturae:</span> <span class='ocrx_word' id='word_1_978' title='bbox 1806 3427 1881 3462; x_wconf 84' lang='lat' dir='ltr'>quae</span> <span class='ocrx_word' id='word_1_979' title='bbox 1906 3418 2012 3461; x_wconf 84' lang='lat' dir='ltr'>gratia</span> <span class='ocrx_word' id='word_1_980' title='bbox 2037 3427 2107 3451; x_wconf 89' lang='lat' dir='ltr'>non</span> <span class='ocrx_word' id='word_1_981' title='bbox 2131 3418 2371 3463; x_wconf 85' lang='lat' dir='ltr'>conceptione,</span> <span class='ocrx_word' id='word_1_982' title='bbox 2405 3447 2421 3476; x_wconf 73' lang='grc' dir='ltr'>Ι</span> <span class='ocrx_word' id='word_1_983' title='bbox 2445 3447 2460 3476; x_wconf 81' lang='lat' dir='ltr'>f</span> <span class='ocrx_word' id='word_1_984' title='bbox 2532 3448 2541 3455; x_wconf 85' lang='grc'><strong>,</strong></span> 
     </span>
     <span class='ocr_line' id='line_1_142' title="bbox 1440 3457 2565 3519; baseline 0 -18"><span class='ocrx_word' id='word_1_985' title='bbox 1440 3464 1498 3501; x_wconf 92' lang='lat' dir='ltr'>sed</span> <span class='ocrx_word' id='word_1_986' title='bbox 1523 3468 1773 3512; x_wconf 89' lang='lat' dir='ltr'>regeneratione</span> <span class='ocrx_word' id='word_1_987' title='bbox 1797 3464 1993 3500; x_wconf 89' lang='lat' dir='ltr'>confertur.</span> <span class='ocrx_word' id='word_1_988' title='bbox 2019 3467 2109 3501; x_wconf 90' lang='lat' dir='ltr'>Nam</span> <span class='ocrx_word' id='word_1_989' title='bbox 2136 3463 2160 3501; x_wconf 86' lang='lat' dir='ltr'><strong>fi</strong></span> <span class='ocrx_word' id='word_1_990' title='bbox 2185 3465 2227 3500; x_wconf 88' lang='lat' dir='ltr'>ad</span> <span class='ocrx_word' id='word_1_991' title='bbox 2253 3468 2369 3502; x_wconf 84' lang='lat' dir='ltr'>matris</span> <span class='ocrx_word' id='word_1_992' title='bbox 2386 3457 2474 3518; x_wconf 57' lang='lat' dir='ltr'>menn}</span> <span class='ocrx_word' id='word_1_993' title='bbox 2477 3457 2544 3519; x_wconf 41' lang='lat' dir='ltr'>‘&#39;13³3ss</span> <span class='ocrx_word' id='word_1_994' title='bbox 2544 3459 2565 3480; x_wconf 80' lang='lat'>¹¹</span> 
     </span>
     <span class='ocr_line' id='line_1_143' title="bbox 1441 3513 2563 3563; baseline 0 -12"><span class='ocrx_word' id='word_1_995' title='bbox 1441 3526 1566 3562; x_wconf 85' lang='lat' dir='ltr'>corpus</span> <span class='ocrx_word' id='word_1_996' title='bbox 1592 3514 1628 3550; x_wconf 92' lang='lat' dir='ltr'>id</span> <span class='ocrx_word' id='word_1_997' title='bbox 1646 3513 1740 3561; x_wconf 90' lang='lat' dir='ltr'>quod</span> <span class='ocrx_word' id='word_1_998' title='bbox 1759 3518 1793 3550; x_wconf 91' lang='lat' dir='ltr'>in</span> <span class='ocrx_word' id='word_1_999' title='bbox 1814 3527 1851 3550; x_wconf 89' lang='lat' dir='ltr'>ea</span> <span class='ocrx_word' id='word_1_1000' title='bbox 1876 3518 2068 3563; x_wconf 87' lang='lat' dir='ltr'>concipitur</span> <span class='ocrx_word' id='word_1_1001' title='bbox 2089 3517 2295 3563; x_wconf 86' lang='lat' dir='ltr'>pertineret,</span> <span class='ocrx_word' id='word_1_1002' title='bbox 2321 3518 2370 3551; x_wconf 89' lang='lat' dir='ltr'>ita</span> <span class='ocrx_word' id='word_1_1003' title='bbox 2385 3527 2503 3557; x_wconf 84' lang='lat' dir='ltr'>trisnon</span> <span class='ocrx_word' id='word_1_1004' title='bbox 2522 3527 2563 3559; x_wconf 64' lang='lat' dir='ltr'>est</span> 
     </span>
     <span class='ocr_line' id='line_1_144' title="bbox 1442 3563 2565 3613; baseline 0 -13"><span class='ocrx_word' id='word_1_1005' title='bbox 1442 3576 1479 3601; x_wconf 92' lang='lat' dir='ltr'>ut</span> <span class='ocrx_word' id='word_1_1006' title='bbox 1504 3565 1572 3609; x_wconf 83' lang='lat' dir='ltr'>ejus</span> <span class='ocrx_word' id='word_1_1007' title='bbox 1600 3576 1675 3611; x_wconf 86' lang='lat' dir='ltr'>pars</span> <span class='ocrx_word' id='word_1_1008' title='bbox 1700 3563 1944 3612; x_wconf 87' lang='lat' dir='ltr'>deputaretur,</span> <span class='ocrx_word' id='word_1_1009' title='bbox 1969 3577 2038 3601; x_wconf 90' lang='lat' dir='ltr'>non</span> <span class='ocrx_word' id='word_1_1010' title='bbox 2065 3563 2295 3613; x_wconf 85' lang='lat' dir='ltr'>baptizaretur</span> <span class='ocrx_word' id='word_1_1011' title='bbox 2320 3568 2370 3601; x_wconf 79' lang='lat' dir='ltr'>in-</span> <span class='ocrx_word' id='word_1_1012' title='bbox 2384 3576 2565 3611; x_wconf 17' lang='lat' dir='ltr'>pharscorpo-</span> 
     </span>
     <span class='ocr_line' id='line_1_145' title="bbox 1440 3608 2564 3663; baseline 0 -13"><span class='ocrx_word' id='word_1_1013' title='bbox 1440 3614 1510 3650; x_wconf 87' lang='lat' dir='ltr'>fans</span> <span class='ocrx_word' id='word_1_1014' title='bbox 1537 3639 1547 3654; x_wconf 92' lang='lat'>‚</span> <span class='ocrx_word' id='word_1_1015' title='bbox 1581 3614 1672 3660; x_wconf 85' lang='lat' dir='ltr'>cujus</span> <span class='ocrx_word' id='word_1_1016' title='bbox 1698 3625 1804 3651; x_wconf 87' lang='lat' dir='ltr'>mater</span> <span class='ocrx_word' id='word_1_1017' title='bbox 1830 3613 1999 3662; x_wconf 88' lang='lat' dir='ltr'>baptizata</span> <span class='ocrx_word' id='word_1_1018' title='bbox 2025 3614 2075 3651; x_wconf 88' lang='lat' dir='ltr'>est</span> <span class='ocrx_word' id='word_1_1019' title='bbox 2100 3614 2218 3663; x_wconf 84' lang='lat' dir='ltr'>aliquo</span> <span class='ocrx_word' id='word_1_1020' title='bbox 2240 3618 2366 3651; x_wconf 65' lang='lat' dir='ltr'>,mortis</span> <span class='ocrx_word' id='word_1_1021' title='bbox 2384 3616 2423 3638; x_wconf 74' lang='lat'>¹¹⁵</span> <span class='ocrx_word' id='word_1_1022' title='bbox 2439 3608 2564 3642; x_wconf 84' lang='lat' dir='ltr'>matris.</span> 
     </span>
     <span class='ocr_line' id='line_1_146' title="bbox 1440 3663 2365 3712; baseline 0 -12"><span class='ocrx_word' id='word_1_1023' title='bbox 1440 3663 1589 3710; x_wconf 80' lang='lat' dir='ltr'>urgente</span> <span class='ocrx_word' id='word_1_1024' title='bbox 1605 3663 1782 3710; x_wconf 88' lang='lat' dir='ltr'>periculo,</span> <span class='ocrx_word' id='word_1_1025' title='bbox 1810 3677 1888 3701; x_wconf 91' lang='lat' dir='ltr'>cum</span> <span class='ocrx_word' id='word_1_1026' title='bbox 1914 3677 1991 3700; x_wconf 90' lang='lat' dir='ltr'>eum</span> <span class='ocrx_word' id='word_1_1027' title='bbox 2016 3663 2159 3712; x_wconf 88' lang='lat' dir='ltr'>gestaret</span> <span class='ocrx_word' id='word_1_1028' title='bbox 2182 3668 2219 3701; x_wconf 85' lang='lat' dir='ltr'>in</span> <span class='ocrx_word' id='word_1_1029' title='bbox 2243 3674 2365 3701; x_wconf 81' lang='lat' dir='ltr'>utere.</span> 
     </span>
    </p>

    <p class='ocr_par' dir='ltr' id='par_1_22' title="bbox 1439 3713 2368 3764">
     <span class='ocr_line' id='line_1_147' title="bbox 1439 3713 2368 3764; baseline -0.001 -13"><span class='ocrx_word' id='word_1_1030' title='bbox 1439 3716 1544 3751; x_wconf 81' lang='lat' dir='ltr'>Nunc</span> <span class='ocrx_word' id='word_1_1031' title='bbox 1560 3725 1644 3749; x_wconf 88' lang='lat' dir='ltr'>vero</span> <span class='ocrx_word' id='word_1_1032' title='bbox 1668 3725 1746 3749; x_wconf 90' lang='lat' dir='ltr'>cum</span> <span class='ocrx_word' id='word_1_1033' title='bbox 1765 3718 1866 3750; x_wconf 89' lang='lat' dir='ltr'>etiam</span> <span class='ocrx_word' id='word_1_1034' title='bbox 1886 3713 1953 3762; x_wconf 80' lang='lat' dir='ltr'>ipst:</span> <span class='ocrx_word' id='word_1_1035' title='bbox 1971 3713 2188 3764; x_wconf 83' lang='lat' dir='ltr'>baptizatur,</span> <span class='ocrx_word' id='word_1_1036' title='bbox 2204 3726 2281 3750; x_wconf 57' lang='lat' dir='ltr'>,non</span> <span class='ocrx_word' id='word_1_1037' title='bbox 2299 3717 2368 3750; x_wconf 87' lang='lat' dir='ltr'>uti-</span> 
     </span>
    </p>

    <p class='ocr_par' dir='ltr' id='par_1_23' title="bbox 1442 3761 2365 3811">
     <span class='ocr_line' id='line_1_148' title="bbox 1442 3761 2365 3811; baseline -0.001 -11"><span class='ocrx_word' id='word_1_1038' title='bbox 1442 3775 1507 3810; x_wconf 89' lang='lat' dir='ltr'>que</span> <span class='ocrx_word' id='word_1_1039' title='bbox 1531 3761 1583 3800; x_wconf 90' lang='lat' dir='ltr'>bis</span> <span class='ocrx_word' id='word_1_1040' title='bbox 1607 3761 1796 3811; x_wconf 89' lang='lat' dir='ltr'>baptizatus</span> <span class='ocrx_word' id='word_1_1041' title='bbox 1821 3762 2040 3806; x_wconf 68' lang='lat' dir='ltr'>habebitur.</span> <span class='ocrx_word' id='word_1_1042' title='bbox 2075 3767 2159 3802; x_wconf 92' lang='lat' dir='ltr'>Non</span> <span class='ocrx_word' id='word_1_1043' title='bbox 2185 3763 2365 3811; x_wconf 68' lang='lat' dir='ltr'>itaquead</span> 
     </span>
    </p>
   </div>
   <div class='ocr_carea' id='block_1_21' title="bbox 1442 3811 2364 3899">
    <p class='ocr_par' dir='ltr' id='par_1_24' title="bbox 1442 3811 2364 3899">
     <span class='ocr_line' id='line_1_149' title="bbox 1442 3811 2364 3899; baseline -0.001 -50"><span class='ocrx_word' id='word_1_1044' title='bbox 1442 3825 1566 3865; x_wconf 80' lang='lat' dir='ltr'>corpus</span> <span class='ocrx_word' id='word_1_1045' title='bbox 1599 3823 1800 3859; x_wconf 71' lang='lat' dir='ltr'>maternum¹</span> <span class='ocrx_word' id='word_1_1046' title='bbox 1815 3826 1895 3852; x_wconf 88' lang='lat' dir='ltr'>cum</span> <span class='ocrx_word' id='word_1_1047' title='bbox 1920 3811 1998 3857; x_wconf 77' lang='lat' dir='ltr'>ess&#39;et</span> <span class='ocrx_word' id='word_1_1048' title='bbox 2030 3817 2067 3852; x_wconf 90' lang='lat' dir='ltr'>in</span> <span class='ocrx_word' id='word_1_1049' title='bbox 2086 3825 2195 3859; x_wconf 55' lang='lat' dir='ltr'>,utero</span> <span class='ocrx_word' id='word_1_1050' title='bbox 2218 3816 2364 3899; x_wconf 58' lang='lat' dir='ltr'>plertine-</span> 
     </span>
     <span class='ocr_line' id='line_1_150' title="bbox 2263 3872 2315 3899; baseline 0 0"><span class='ocrx_word' id='word_1_1051' title='bbox 2263 3872 2315 3899; x_wconf 83' lang='lat' dir='ltr'>at:</span> 
     </span>
    </p>
   </div>
   <div class='ocr_carea' id='block_1_22' title="bbox 2392 2995 2575 3033">
    <p class='ocr_par' dir='ltr' id='par_1_25' title="bbox 2392 2995 2575 3033">
     <span class='ocr_line' id='line_1_151' title="bbox 2392 2995 2575 3033; baseline 0.016 -7"><span class='ocrx_word' id='word_1_1052' title='bbox 2392 2995 2528 3033; x_wconf 65' lang='lat' dir='ltr'>licet-40.</span> <span class='ocrx_word' id='word_1_1053' title='bbox 2543 3005 2575 3029; x_wconf 72' lang='grc' dir='ltr'>ι.</span> 
     </span>
    </p>
   </div>
  </div>
 </body>
</html>
