2652 4126
0 3386 4 3410 w·
0 3139 13 3379 w-v-mw.ffle—.
3 3119 5 3121 .
0 3103 2 3105 -

520 264 598 309 ET
639 249 909 309 HisToR.
950 249 1236 308 Senmet.
1279 265 1497 310 LUCEM
1540 263 1909 310 AFFERUNT.

277 345 400 394 gelium
421 345 508 392 quod
525 345 788 392 evangelizatum
807 343 851 387 est
869 355 967 388 ame,
993 343 1069 390 quia
1088 354 1148 377 non
1159 340 1201 382 est

276 396 449 444 secundum
470 395 625 430 bominem
634 408 650 436 ,·
674 407 772 440 neque
788 395 870 428 enim
880 406 937 440 ego
954 394 996 428 ab
1008 394 1130 428 homine
1149 405 1201 427 ac·

279 446 349 492 cepi
371 445 457 479 illud
474 472 484 487 ‚
519 457 616 490 neque
641 444 778 488 didici,
805 444 867 490 sed
890 455 949 489 per
974 443 1201 477 revelationem

280 494 404 536 Christi
416 495 509 540 Jesu:
535 494 782 541 responderetur
799 497 854 537 ei,
877 494 969 539 Quid
989 493 1083 530 nobis
1102 493 1201 530 mole·

278 545 343 582 stus
353 557 406 587 es,
432 544 532 584 utabs
552 556 583 580 te
592 548 790 590 accipiamus
799 556 897 591 atque
906 543 1083 588 dist-amus,
1107 543 1199 592 quod

277 606 314 632 tu
335 608 401 631 non
411 594 450 632 ab
468 593 603 630 homine
612 593 758 642 accepisti
779 593 1054 641 nequedidtcisti?
1080 598 1199 630 Potens

277 645 323 681 est
343 645 397 681 ille
413 647 469 692 qui
489 643 546 679 tibi
567 643 678 683 dedit.
705 643 747 679 fic
765 647 799 679 δε
818 643 913 680 nobis
930 644 1006 679 dare
1027 643 1200 690 quomodo

277 694 356 731 tibi.
384 699 490 732 Porro
508 692 530 728 fi
552 691 619 730 hoc
636 705 702 728 non
722 694 975 732 audentdicere3
999 692 1052 729 sed
1074 697 1200 742 patiun-

277 755 334 781 tur
350 743 406 780 fibi
426 742 638 789 Evangelium
656 741 697 779 ab
716 741 855 779 homine
875 742 1036 790 pra-dicari
1049 755 1062 782 ‚·
1087 754 1198 790 quam-

276 798 327 830 vis
349 797 446 829 etiam
473 793 570 840 poffit
595 804 661 827 non
684 805 741 838 per
767 791 939 829 hominem
956 789 1085 828 homini
1111 789 1198 829 da'rit

275 842 477 880 concendant
485 845 582 879 etiam
591 846 713 888 corripi
735 842 763 877 se
773 841 892 878 debere
908 855 926 878 a
937 842 1112 889 praepofitis
1122 842 1201 885 suis,

273 905 295 929 e
316 891 435 940 quibus
460 890 649 929 Christiana
673 895 772 938 gratia
798 889 1017 939 praedicaturt
1052 895 1200 938 quamvis

274 953 341 977 non
370 952 504 990 negetur
525 944 614 978 Deus
640 940 746 989 posse,
772 953 870 986 quem
889 941 968 976 velit
992 943 1088 976 etiam
1107 941 1200 977 nullo

272 990 413 1028 homine
431 995 631 1039 corripiente
650 994 837 1036 corrigere,
862 994 896 1027 &
920 990 960 1026 ad
979 990 1128 1026 dolorem
1158 991 1199 1028 sa-

272 1040 405 1078 lubrem
427 1044 621 1088 paenitentiae
630 1040 842 1077 occultiffima
861 1045 895 1076 δι
906 1041 1119 1086 potentiffima
1131 1053 1198 1076 me·

271 1091 391 1128 dicinae
417 1091 478 1128 suae
498 1090 653 1139 potestate
675 1090 871 1138 perducere.
897 1092 942 1126 Et
966 1088 1047 1125 sicut
1066 1102 1132 1125 non
1151 1089 1198 1126 est

273 1139 314 1178 ab
332 1143 482 1177 oratione
499 1139 682 1177 cessandum
710 1153 772 1186 pro
789 1143 835 1176 eis
851 1151 933 1187 quos
957 1142 1078 1184 corrigi
1101 1139 1196 1176 volu-

273 1202 369 1233 mus,
393 1193 491 1227 etiam
518 1190 541 1226 fi
561 1190 654 1226 nullo
678 1189 855 1226 hominum
874 1200 990 1224 orante
1017 1201 1079 1235 pro
1098 1193 1196 1225 Petro

271 1243 440 1278 Dominus
460 1240 600 1287 respexit
618 1252 712 1280 eum,
736 1243 771 1276 ἃ
790 1239 867 1275 fecit
884 1250 961 1274 eum
974 1238 1067 1275 suum
1088 1251 1196 1286 pecca-

272 1301 345 1327 tum
357 1290 454 1326 flere:
481 1293 526 1325 ita
535 1302 601 1325 non
612 1289 659 1326 est
669 1288 859 1336 negligenda
869 1291 1060 1336 correptio.
1086 1301 1199 1336 quam-

271 1343 322 1376 vis
343 1342 432 1376 Deus
449 1352 534 1388 quos
552 1339 717 1383 voluerit,
739 1343 834 1374 etiam
852 1350 919 1374 non
939 1350 1131 1385 correptos,
1155 1339 1198 1375 fa-

271 1393 336 1426 ciat
356 1388 415 1425 effe
435 1391 622 1426 corressos.
647 1391 744 1425 Tunc
759 1399 871 1424 autem
889 1393 1100 1436 correptione
1122 1401 1197 1436 pro-

270 1439 344 1476 ficit
362 1439 492 1481 homo,
517 1452 594 1476 cum
604 1438 771 1475 miseretur
789 1449 888 1484 atque
899 1439 1051 1482 adjuvat,
1075 1443 1132 1486 qui
1153 1439 1196 1476 fa·

270 1492 318 1526 cit
334 1501 418 1536 quos
429 1489 570 1526 voluerit
580 1493 678 1525 etiam
703 1488 768 1524 fine
784 1492 995 1535 correptione
1014 1489 1192 1535 proficere.

272 1539 334 1575 sed
355 1551 456 1585 quare
473 1537 522 1575 isti
541 1538 605 1581 fic,
630 1538 676 1574 illi
697 1537 790 1574 aliter
827 1561 837 1579 ,
863 1550 960 1586 atque
983 1538 1036 1574 alii
1068 1538 1162 1575 aliter
1180 1564 1196 1583 ,v

270 1588 402 1625 divertis
421 1593 456 1626 δε
475 1587 765 1625 innumerabilibus
784 1587 893 1623 modis
919 1600 1079 1624 vocentur
1089 1599 1126 1625 ut
1146 1602 1194 1625 re-

272 1638 481 1681 formentur,
513 1637 594 1675 absit
622 1650 661 1675 ut
685 1637 831 1674 dicamus
856 1637 1015 1684 judicium
1045 1638 1106 1675 luti
1135 1637 1193 1676 ess'e

270 1687 414 1733 debere,
437 1688 490 1725 sed
509 1687 622 1736 figuli.

96 1748 237 1780 euua-
323 1750 356 1784 9-
382 1737 570 1780 Λῦθίὶθῖνε,
597 1741 772 1786 inquiunt,
797 1735 868 1781 ait,
891 1736 972 1780 Quis
997 1735 1078 1771 enim
1098 1746 1130 1771 te
1148 1737 1197 1772 di.

151 1788 209 1819 VI.
266 1787 411 1833 scernit?
432 1787 523 1830 ,Quid
538 1797 650 1821 autem
670 1787 765 1820 habes
783 1787 869 1833 quod
886 1800 946 1822 non
966 1786 1135 1833 accepisti?
1159 1788 1199 1822 Si

97 1830 258 1865 ¹'0⁰7·4·7·
271 1846 378 1871 autem
397 1837 446 1871 (Y
457 1837 604 1883 accepisti
614 1864 628 1882 ,
652 1838 735 1884 quid
745 1836 904 1883 gloriaris
919 1835 1010 1883 quasi
1035 1849 1096 1871 non
1116 1849 1199 1872 acce·

269 1887 381 1934 peris?
407 1888 479 1920 Cur
498 1886 796 1933 ergocorripimur,
820 1887 1010 1933 arguimur,
1037 1887 1201 1933 repreben-

271 1937 402 1979 dimur,
427 1936 629 1980 accusamur?
651 1936 744 1979 ,Quid
772 1937 933 1981 facimus,
958 1937 1093 1981 quinon
1112 1949 1198 1971 acce.

267 1988 395 2032 pimus?
435 1990 504 2033 Qui
533 1985 602 2023 haec
620 1987 756 2029 dicunt,
780 1998 872 2023 extra
890 1987 1019 2034 culpam
1046 1986 1075 2022 se
1095 1988 1195 2024 videri

271 2037 414 2079 volunt,
438 2040 470 2071 in
495 2036 562 2072 hoc
591 2037 682 2084 quod
710 2049 774 2072 non
802 2036 965 2072 obediunt
991 2039 1089 2072 Deo:
1123 2040 1199 2085 quia

218 2110 222 2113 <
270 2090 387 2132 utique
411 2086 478 2130 ipsit
499 2085 682 2121 obedientia
694 2098 813 2122 munus
831 2088 898 2129 ejus
921 2086 1070 2133 cstsquae
1081 2085 1199 2123 neceffe

98 2169 114 2173 ‚⁷
270 2134 319 2169 est
347 2145 384 2168 ut
402 2134 441 2167 fit
461 2137 493 2166 in
522 2145 564 2167 eo
580 2137 633 2168 cui
653 2138 765 2168 caritas
785 2135 888 2173 inest,
920 2146 994 2180 quae
1013 2136 1077 2170 fine
1094 2136 1197 2172 dubio

95 2184 256 2219 Uvam-47·
269 2193 310 2219 ex
335 2184 413 2218 Deo
431 2180 498 2223 est,
533 2185 568 2218 &
584 2181 640 2216 dat
664 2191 734 2216 eam
753 2185 846 2216 Pater
869 2181 947 2216 filiis
973 2182 1052 2216 suis.
1079 2184 1196 2226 Hanc,

97 2223 170 2266 Cur·
185 2224 255 2266 rust„-
270 2234 445 2277 jnquium,
469 2241 530 2263 non
540 2229 735 2276 accepimus,
762 2228 842 2274 quid
851 2228 960 2274 itaque
978 2230 1195 2275 corripimur,

97 2271 257 2338 {3{¹¹g¹:¹¹¹‘
273 2277 365 2325 quast
383 2291 439 2313 nos
456 2290 527 2311 eam
547 2278 636 2321 nobis
646 2279 726 2312 dare
741 2277 911 2324 poffimm,
937 2276 981 2311 &¹
998 2279 1099 2321 nostro
1109 2280 1196 2312 arbi-

98 2352 158 2370 non
190 2340 255 2369 obe·
271 2339 334 2362 mv
350 2327 429 2361 dare
447 2326 606 2364 nolimus?
629 2332 702 2365 Nec
721 2328 920 2370 adtendunt,
947 2329 1128 2365 finondum
1150 2343 1196 2366 re-

96 2381 182 2410 dium
195 2382 255 2411 Deo
270 2382 410 2426 generati
428 2377 499 2413 sunt
511 2404 523 2421 ,
549 2382 686 2424 primam
705 2376 765 2414 effe
779 2378 904 2415 causam
918 2404 929 2421 ,
953 2391 1014 2415 cur
1031 2379 1197 2427 objurgati

95 2420 210 2449 “must
271 2428 364 2475 quod
381 2427 440 2462 sint
460 2427 680 2463 inobedientes
700 2431 798 2470 Deo,
823 2428 1026 2464 fibidebeant
1045 2429 1195 2477 displice·

96 2468 255 2528 {Lssffffidl
273 2489 329 2521 re,
352 2480 429 2523 quia
448 2475 630 2513 fecitDens‘
641 2475 812 2513 hominem
824 2479 950 2514 τεᾶωη
969 2478 1010 2514 ab
1022 2481 1118 2512 initio
1135 2477 1196 2514 hu-

98 2539 229 2568 nondum
273 2539 375 2563 manae
394 2537 569 2566 creaturae,
593 2529 627 2561 δι
647 2538 713 2560 non
729 2525 775 2562 est
794 2529 943 2571 iniquitas
962 2527 1047 2572 apud
1069 2529 1196 2562 Deum.

97 2585 121 2623 a·
135 2588 218 2618 cepe·
272 2579 324 2613 Ac
344 2588 401 2623 per
412 2573 477 2611 hoc
500 2579 603 2621 prima
615 2577 754 2621 pravitas
772 2588 836 2621 qua
847 2579 924 2612 Deo
943 2587 1010 2609 non
1021 2573 1196 2617 obeditur,

96 2626 176 2664 ‘¹9‘-
270 2626 311 2661 ab
329 2625 466 2661 homine
490 2623 554 2662 ests
579 2628 655 2671 quia
680 2637 722 2660 ex
740 2623 954 2664 restitudine‚
981 2627 1014 2659 in
1041 2636 1104 2670 qua
1122 2637 1196 2660 eum

99 2660 256 2734 ξῶζιέᾗο
272 2679 364 2712 Deus
376 2677 528 2722 primitus
547 2673 623 2710 fecit
634 2701 643 2715 ‚
673 2673 724 2708 sua
743 2673 824 2709 mala
836 2673 1005 2709 voluntate
1022 2674 1196 2718 decidens,

174 2722 178 2726 ’
202 2721 210 2729 ⁰
241 2711 388 2772 ⁴pravus
406 2723 538 2760 effectus
556 2723 622 2760 est.
649 2726 705 2760 An
717 2736 796 2759 vero
815 2723 891 2759 ideo
901 2726 1040 2768 pravitas
1060 2722 1115 2759 ista
1123 2736 1197 2759 cot·-

270 2775 418 2822 ripienda
437 2787 503 2809 non
523 2773 569 2809 est
588 2778 618 2808 in
629 2771 782 2813 homine,
805 2777 881 2819 quia
900 2785 965 2808 non
976 2775 1044 2818 ejus
1065 2776 1197 2821 propria

209 2821 211 2824 ’
271 2828 540 2871 quicorripitur,
566 2822 619 2859 scd
634 2821 1066 2859 communisestomnibus?
1088 2827 1198 2860 Immo

272 2885 356 2910 vero
375 2877 572 2921 corripiatur
589 2877 668 2909 &in
686 2871 841 2920 fingulis,
866 2873 956 2919 quod
977 2871 1197 2909 estomniurn.

100 2931 252 2972 Originaie
272 2927 354 2961 Non
372 2927 457 2959 enirn
479 2935 653 2970 propterea
671 2923 858 2969 cujusquam
874 2921 1019 2966 nonest,
1043 2922 1136 2969 quod
1154 2922 1195 2959 ab

100 2981 251 3010 P‘cwum
274 2973 382 3009 nullus
401 2977 558 3009 immunis
576 2971 641 3008 est.
667 2976 781 3009 Pecata
799 2971 932 3018 quidem
952 2971 1008 3007 ista
1026 2972 1196 3019 originalia

102 3013 252 3078 qluoanodo
275 3023 352 3060 ideo
368 3022 650 3064 dicunturaliena,
673 3021 766 3069 quod
782 3020 940 3068 eafinguli
956 3021 1000 3057 de
1010 3021 1194 3068 parentibus

94 3060 260 3122 {ffgsfflm
275 3071 428 3108 trahunt:
453 3073 508 3109 sed
533 3085 599 3108 non
618 3072 684 3107 fine
708 3070 809 3107 caussa
824 3071 982 3108 dicuntur
1005 3075 1038 3107 δε
1065 3071 1196 3114 nostra,

101 3135 261 3167 Rom.5.12.
274 3125 349 3168 quia
378 3125 410 3156 in
429 3122 489 3157 illo
516 3135 588 3158 uno
599 3134 717 3158 omnes
736 3146 747 3163 ,
781 3120 862 3156 ficut
891 3121 974 3157 dicit
991 3121 1197 3168 Apostolus,

274 3181 508 3218 peccaverunt.
534 3175 744 3218 Corripiatur
768 3182 849 3216 ergo
867 3173 964 3217 origo
987 3170 1194 3213 damnabilis,

273 3232 310 3257 ut
336 3233 377 3256 ex
393 3219 510 3256 dolore
533 3225 753 3268 correptionis
773 3220 921 3256 voluntas
946 3223 1195 3266 regenerationis

271 3274 415 3306 oriatur:
443 3269 464 3305 fi
486 3281 592 3305 tamen
615 3273 672 3317 qui
690 3273 869 3317 corripitur
890 3269 975 3307 filius
991 3268 1037 3306 est
1056 3270 1193 3317 prornis—

272 3319 391 3363 fionis,
416 3330 453 3356 ut
473 3318 605 3366 strepitu
623 3323 841 3367 correptionis
858 3319 1193 3356 forinsecusinsonan-

271 3380 304 3405 te
321 3382 358 3405 ac
377 3368 578 3415 flagellante,
602 3371 694 3405 Deus
713 3373 746 3405 in
773 3369 833 3405 illo
852 3369 1039 3405 intrinsecus
1063 3370 1194 3406 occulta

271 3419 483 3466 inspiratione
497 3429 653 3466 operetur
670 3422 705 3454 &
719 3418 802 3455 velle
813 3444 821 3453 .
847 3421 876 3454 Si
893 3430 1001 3455 autem
1020 3421 1080 3464 jam
1100 3431 1190 3466 rege—

271 3480 400 3504 neratus
418 3473 451 3504 &
469 3467 653 3511 justificatus
670 3471 703 3503 in
711 3468 827 3504 malam
849 3471 948 3504 vitam
968 3468 1020 3504 sua
1038 3469 1190 3505 volunta-

270 3531 304 3556 te
330 3516 504 3559 relabitur,
527 3527 615 3554 certe
638 3516 694 3553 iste
719 3530 787 3553 non
813 3518 918 3565 potest
941 3519 1073 3563 dicere,
1107 3522 1189 3555 Non

271 3570 380 3615 accepi
392 3582 404 3604 .-
428 3570 504 3614 quia
522 3577 686 3614 acceptam
705 3570 837 3614 gratiam
856 3571 920 3604 Dei
939 3567 998 3604 suo
1015 3572 1047 3604 in
1068 3568 1193 3605 malum

270 3617 377 3655 libero
396 3617 497 3653 amifit
510 3616 664 3652 arbitrio.
689 3620 760 3661 Qui
777 3616 799 3652 fi
815 3620 1023 3664 correptione
1032 3630 1192 3664 compun-

270 3670 343 3705 ἂυς
369 3665 535 3703 salubriter
558 3669 714 3713 ingemit,
738 3669 773 3702 &
789 3667 830 3702 ad
854 3666 965 3703 similia
982 3666 1068 3704 bona
1092 3680 1193 3714 opera

270 3718 325 3754 vel
342 3721 439 3754 etiam
467 3715 602 3752 meliora
626 3719 819 3752 revertitur:
845 3729 965 3762 nempe
990 3715 1045 3753 hic
1061 3716 1193 3764 apertis-

269 3767 349 3804 fime
367 3766 486 3804 utilitas
509 3768 728 3813 correptionis
745 3776 895 3812 apparet.
919 3765 983 3802 Sed
1001 3779 1059 3815 per
1082 3765 1193 3802 homi-

268 3830 347 3855 nem
369 3819 541 3866 correptio
564 3815 629 3853 five
647 3827 689 3852 ex
712 3818 846 3852 caritate
863 3814 923 3859 fit,
948 3815 1013 3853 sive
1035 3828 1103 3853 non
1129 3815 1189 3860 sit,

95 3447 203 3480 Ibidem
211 3469 219 3479 .

2075 275 2095 311 ¹
2109 277 2176 329 43

1259 354 1366 429 gamen
1400 357 1438 383 ut
1472 357 1630 394 correpto
1664 345 1764 396 proiit
1782 371 1795 390 ‚
1829 356 1897 380 non
1916 342 1972 380 nisi
1992 356 2051 391 per
2071 349 2183 384 Deum

1287 406 1316 430 t.

1317 457 1369 481 10.
1397 450 1452 482 An
1464 444 1571 484 adhuc
1585 450 1619 482 δε
1629 445 1686 481 iste
1697 445 1814 481 nolens
1823 446 1947 492 corripi
1960 470 1971 489 ,
1982 443 2088 492 potest
2097 445 2186 480 dice-

1261 507 1318 538 re,
1340 494 1432 536 Quid
1457 507 1511 538 ego
1527 495 1613 539 feci,
1638 495 1693 540 qui
1718 507 1778 529 non
1788 495 1911 541 accepi:
1937 506 2038 541 quem
2056 494 2186 531 constat

1261 543 1460 591 accepisse,&
1471 543 1522 580 sua
1533 545 1627 592 culpa
1636 545 1727 593 quod
1736 557 1902 594 acceperat
1911 542 2185 587 amifiliess’offum

1262 597 1390 640 inquit,
1412 593 1535 640 poffum
1554 606 1700 636 omnmo,
1726 595 1852 638 quando
1863 593 2184 640 mearguis,quodex

1260 643 1340 675 bona
1353 644 1427 676 vita
1439 656 1474 677 m
1486 643 1600 677 malam
1613 656 1682 677 mea
1693 643 1862 678 voluntate
1872 643 2011 688 relapsus
2015 641 2185 688 sundica-

1260 704 1294 725 re
1313 691 1442 736 adhuc,
1466 692 1557 736 Qid
1565 705 1622 739 ego
1636 692 1723 737 feci,
1749 693 1807 739 qui
1816 692 1942 740 accepi?
1967 694 2086 739 Accepi
2102 692 2184 725 enim

1253 741 1374 788 fidem,
1399 755 1469 790 quae
1486 753 1546 788 per
1566 742 1764 776 dileeiionem
1784 753 1935 790 operatur
1961 756 1969 776 z
1989 742 2051 788 sed
2068 742 2101 776 in
2121 741 2182 783 iila

1261 791 1356 837 usque
1383 794 1415 825 in
1438 793 1534 837 finem
1557 792 1830 839 perseverantiam
1861 804 1920 826 non
1954 792 2060 838 accepi
2081 820 2089 829 .
2126 792 2182 825 An

1260 841 1425 886 quisquam
1445 842 1553 875 dicere
1574 841 1710 875 audebit
1728 841 1823 884 istam
1841 842 2110 888 perseverantiam
2122 853 2181 875 non

1259 890 1315 933 eſje
1335 892 1448 924 donum
1467 891 1554 936 Dei,
1580 892 1622 925 O·
1642 891 1700 924 hoc
1718 901 1786 925 tam
1811 904 1962 938 magnum
1992 891 2105 925 bonum
2132 890 2182 924 ita

1259 938 1316 983 effe
1334 938 1490 982 nostrum,
1517 952 1553 973 ut
1571 940 1710 986 quisquis
1727 940 1762 974 id
1781 940 1951 986 habuerit,
1977 953 2038 975 non
2057 940 2086 974 ei
2110 940 2180 987 pos·

1251 987 1298 1030 sit
1317 987 1486 1034 Apostolus
1505 989 1629 1031 dicere,
1654 989 1750 1029 Qid
1768 990 1851 1023 enim
1881 989 1979 1024 habes
2008 990 2092 1036 quod
2115 1001 2178 1024 non
2202 996 2359 1034 1.Cor.4.7.

1258 1037 1408 1084 accepisti
1433 1052 1448 1080 ;
1473 1038 1623 1083 quoniam
1643 1037 1699 1072 boc
1713 1038 1766 1079 sic
1783 1037 1879 1072 habet
1905 1049 1941 1073 ut
1968 1051 2029 1073 non
2057 1049 2179 1085 accepe-
2227 1035 2357 1080 Perseve-

1259 1088 1305 1121 rit
1329 1093 1349 1121 ?
1371 1089 1426 1126 Ad
1445 1087 1514 1125 haec
1536 1100 1596 1124 nos
1615 1100 1730 1135 negare
1747 1089 1882 1136 quidem
1902 1101 1969 1124 non
1991 1087 2178 1135 possumus,
2198 1084 2361 1144 ffissgffiffln'

1257 1142 1354 1174 etiam
1377 1138 1642 1186 perseverantiam
1660 1142 1693 1174 in
1712 1138 1804 1174 bono
1824 1139 2049 1186 proficientem
2078 1140 2179 1186 usque
2200 1155 2235 1183 est
2248 1126 2360 1184 thil'm

1256 1192 1289 1224 in
1310 1189 1430 1230 finem,
1456 1200 1610 1236 magnum
1636 1186 1694 1224 effe
1713 1191 1775 1226 Dei
1796 1201 1930 1225 munus:
1958 1201 2017 1224 nec
2037 1187 2095 1224 csse
2121 1188 2180 1224 nisi
2194 1195 2358 1232 Jacob.1.17

1254 1237 1295 1275 ab
1314 1238 1395 1280 illo,
1420 1238 1461 1274 de
1484 1250 1555 1286 quo
1574 1238 1731 1286 scriptum
1758 1237 1803 1274 est
1816 1264 1825 1280 ‚
1852 1239 1951 1271 Omne
1971 1238 2083 1271 datum
2102 1236 2183 1284 opti·

1259 1299 1343 1321 mum
1365 1288 1507 1321 &omne
1525 1287 1640 1321 donum
1649 1286 1826 1333 perfeHum
1848 1286 2017 1332 desursum
2034 1286 2098 1329 est,
2126 1286 2183 1321 de-

1251 1338 1402 1384 scendens
1422 1350 1442 1371 a
1463 1337 1565 1371 Patre
1584 1336 1757 1371 luminum.
1783 1338 1845 1374 Sed
1864 1350 1930 1374 non
1950 1337 2026 1374 ideo
2052 1337 2098 1374 est
2117 1339 2184 1384 ejus

1257 1392 1314 1434 qui
1342 1401 1409 1424 non
1437 1387 1673 1436 perseveravit,
1698 1388 1890 1435 negligenda
1915 1391 2106 1435 correptio,
2141 1400 2184 1424 ne
2203 1394 2315 1425 2.Tim.
2332 1392 2361 1423 2.³

1254 1438 1339 1474 forte
1359 1439 1414 1474 det
1438 1438 1484 1474 illi
1503 1441 1593 1474 Deus
1619 1442 1859 1486 paenitentiam,
1882 1442 1917 1475 δε
1938 1437 2117 1485 rescipiscat
2142 1438 2184 1473 de
2204 1444 2253 1470 25·

1254 1488 1375 1524 diaboli
1395 1488 1536 1536 laqueis.
1563 1491 1796 1536 correptionis
1814 1492 1938 1537 quippe
1949 1488 2082 1525 utilitati
2100 1487 2185 1524 hanc

1253 1539 1441 1575 sententiam
1461 1538 1629 1584 subjunxit
1649 1538 1853 1586 Apostolus,
1878 1539 1986 1575 dicens
2000 1563 2010 1581 ‚
2035 1536 2116 1574 sicut
2136 1537 2185 1574 su·‘

1253 1602 1311 1637 pra
1337 1592 1596 1625 commemoravi
1621 1604 1630 1626 ε
1669 1590 1753 1622 Cum
1783 1585 1935 1630 modestia
1965 1587 2184 1634 corripientem
2202 1592 2328 1623 Ibidem.

1259 1638 1394 1683 diversa
1408 1638 1605 1684 sentientes,
1633 1637 1802 1684 nequando
1826 1638 1878 1671 det
1898 1637 1969 1671 illis
1979 1638 2068 1671 Deus
2083 1636 2184 1683 [7σηί-

1258 1686 1407 1724 tentiam.
1433 1691 1521 1724 Nam
1540 1689 1563 1725 fi
1589 1689 1768 1725 dixerimus
1795 1688 1887 1725 istam
1918 1691 2187 1735 perseverantiam

1258 1749 1324 1774 tam
1353 1737 1559 1774 laudabilem
1577 1750 1711 1785 tamque
1737 1738 1864 1774 felicem
1901 1737 1943 1773 sic
1981 1736 2040 1774 effe
2076 1736 2186 1773 homi·

1257 1791 1327 1830 nis,
1354 1799 1392 1824 ut
1410 1790 1440 1822 ei
1461 1800 1527 1822 non
1557 1787 1596 1823 fit
1626 1800 1666 1822 ex
1687 1790 1763 1823 Deo
1789 1801 1799 1825 5
1825 1787 1905 1822 illud
1934 1791 2087 1834 primitus
2113 1798 2185 1822 eva·

1258 1850 1414 1880 cuamus,
1437 1837 1530 1883 quod
1554 1840 1602 1873 ait
1622 1839 1792 1874 Dominus
1810 1842 1910 1873 Petro
1929 1863 1942 1879 ,
1967 1837 2037 1881 Ego
2067 1833 2187 1881 roga-ui

1257 1896 1317 1933 pro
1337 1896 1392 1930 te,
1409 1898 1456 1919 -ne
1474 1886 1606 1930 deficiat
1619 1887 1701 1929 fides
1724 1896 1780 1919 tua
1802 1914 1810 1922 .
1838 1886 1931 1931 Quid
1959 1889 2046 1922 enim
2073 1889 2102 1921 ei
2133 1897 2186 1920 ro·

1258 1940 1369 1983 gavit,
1394 1936 1452 1971 nifi
1473 1936 1741 1982 perseverantiam
1762 1936 1862 1982 usque
1883 1941 1914 1971 in
1934 1935 2036 1971 finem
2062 1937 2075 1970 ?
2102 1937 2188 1979 Quae

1261 1986 1414 2033 profecto
1431 1985 1453 2021 fi
1469 1985 1511 2021 ab
1530 1985 1668 2021 homine
1689 1984 1816 2021 homini
1838 1984 1911 2020 esset
1928 2009 1941 2026 ‚
1974 1997 1991 2019 a
2021 1987 2098 2019 Deo
2127 1996 2188 2030 po-

1260 2036 1374 2072 scenda
1397 2048 1462 2071 non
1480 2033 1574 2071 esset.
1602 2035 1732 2071 Deinde
1751 2047 1830 2070 cum
1858 2034 1938 2068 dicit
1965 2032 2149 2081 Apostolus
2173 2057 2186 2075 ,

1260 2086 1397 2118 Oramus
1420 2094 1527 2117 autem
1548 2085 1593 2118 ad
1615 2085 1739 2126 Deum,
1765 2096 1802 2117 ne
1821 2083 1902 2128 quid
1918 2082 2050 2126 faciatis
2082 2081 2186 2122 mali,-

1260 2134 1378 2183 procul
1404 2134 1508 2170 dubio
1536 2135 1802 2182 perseverantiam
1830 2137 1875 2169 cis
1900 2145 1971 2168 orat
1995 2132 2036 2168 ad
2063 2135 2184 2169 Deum.

1257 2187 1378 2228 Neque
1403 2189 1492 2219 enim
1521 2183 1602 2219 nihil
1633 2184 1706 2218 mali
1733 2183 1830 2225 facit,
1865 2186 1921 2230 qui
1947 2182 2074 2218 bonum
2100 2182 2186 2217 dese·

1257 2234 1322 2271 rit,
1346 2234 1379 2265 &
1405 2243 1422 2265 a
1447 2244 1516 2275 quo
1541 2232 1702 2267 declinare
1727 2232 1846 2273 debet,
1872 2232 2050 2268 inclinatur
2076 2235 2108 2266 in
2120 2244 2186 2269 ma·

1258 2279 1348 2322 lum,
1375 2291 1442 2314 non
1471 2280 1674 2327 perseverans
1701 2284 1733 2315 in
1761 2279 1871 2316 bono.
1898 2281 1964 2317 Illo
1985 2285 2081 2316 etiam
2108 2281 2187 2316 loco

1258 2329 1313 2366 ubi
1333 2330 1437 2371 dicit,
1461 2329 1580 2363 Gratia
1606 2342 1668 2375 ago
1696 2330 1766 2363 Deo
1792 2342 1856 2363 meo
1881 2330 1914 2363 in
1925 2331 2009 2364 omni
2036 2329 2186 2364 memoria
2206 2340 2359 2380 philjpdg

1256 2378 1359 2419 vestri
1369 2378 1493 2424 semper
1511 2379 1543 2412 in
1561 2380 1647 2412 omni
1663 2390 1754 2424 prece
1772 2391 1842 2411 mea
1858 2388 1917 2423 pro
1937 2380 2082 2413 omnibus
2092 2377 2187 2413 vobis
2206 2382 2243 2413 <9¹
2261 2384 2319 2420 leq.

1255 2439 1326 2460 cum
1343 2428 1468 2472 gaudio
1487 2426 1741 2471 deprecationem
1755 2427 1904 2470 faciens,
1925 2427 2025 2472 super
2049 2438 2186 2461 commu·

1257 2477 1350 2508 nione
1367 2473 1478 2515 vestra
1496 2474 1530 2507 in
1547 2473 1731 2520 Evangelio
1752 2486 1773 2507 a
1788 2475 1896 2520 prima
1915 2475 1968 2509 die
1978 2475 2071 2520 usque
2089 2487 2186 2521 nunc,

1256 2523 1414 2566 confidens
1433 2522 1488 2556 boe
1504 2522 1627 2570 ipsum,
1651 2523 1799 2568 quoniam
1829 2524 1884 2569 qui
1908 2526 1998 2570 coepit
2027 2526 2060 2559 in
2091 2526 2185 2563 vobis

1257 2582 1334 2618 opus
1354 2572 1469 2606 bonum
1481 2599 1492 2615 ,
1515 2573 1660 2619 perficiet
1678 2572 1771 2619 usque
1788 2573 1823 2606 in
1841 2574 1927 2607 diem
1955 2573 2076 2616 Christi
2088 2574 2185 2620 Iesu:

1256 2623 1336 2671 quid
1355 2622 1443 2659 aliud
1461 2627 1507 2660 eis
1523 2636 1624 2671 quam
1643 2624 1910 2671 perseverantiam
1931 2628 1964 2661 in
1982 2624 2073 2660 bono
2083 2621 2185 2672 usque

1259 2678 1291 2709 in
1311 2673 1432 2716 finem,
1457 2673 1498 2709 de
1518 2677 1582 2710 Dei
1601 2674 1805 2710 miseratione
1818 2678 2006 2722 promittite
2031 2678 2184 2722 Itemque

1259 2722 1316 2759 ubi
1337 2723 1439 2766 dicit,
1465 2723 1598 2756 Salutat
1619 2735 1678 2756 vos
1701 2724 1893 2770 Epaphras,
1917 2736 1971 2770 qut
1981 2737 2021 2758 ex
2032 2724 2128 2758 vobis
2138 2724 2183 2766 est
2201 2734 2298 2774 Coleff.
2329 2747 2357 2774 4.

1253 2771 1371 2819 servus
1388 2772 1512 2814 Chresti
1523 2771 1622 2818 Iesu,
1640 2772 1762 2819 [emper
1790 2784 1910 2807 certans
1936 2784 1996 2820 pro
2023 2774 2121 2808 vobis
2146 2775 2182 2810 in
2204 2782 2249 2805 12·

1257 2821 1477 2864 orationibus,
1503 2833 1538 2856 ut
1550 2821 1643 2863 stetis
1661 2821 1798 2869 perfeffli
1817 2822 1859 2856 (Ψ
1876 2822 1965 2869 pleni
1975 2824 2009 2856 in
2029 2824 2115 2857 omni
2125 2836 2182 2857 vo·

1256 2872 1383 2906 luntate
1403 2871 1491 2906 Dei.-
1515 2873 1595 2919 quid
1613 2872 1680 2914 est,
1707 2883 1742 2905 ut
1754 2871 1869 2915 stetis,
1895 2873 1951 2909 nifi
1972 2885 2010 2910 ut
2035 2875 2183 2921 perseve-

1256 2926 1356 2959 retisiP
1381 2922 1477 2960 Unde
1504 2923 1628 2958 dietum
1650 2923 1696 2958 est
1724 2923 1765 2959 de
1792 2922 1947 2965 diabolo,
1973 2924 2010 2956 In
2036 2923 2180 2958 veritate
2191 2933 2358 2970 Jvan.8.44.

1255 2984 1317 3005 nvn
1334 2971 1439 3013 stetit:
1464 2975 1540 3020 quia
1558 2973 1619 3009 fuit
1634 2972 1702 3014 ibi,
1727 2972 1779 3008 sed
1792 2985 1858 3007 non
1872 2972 2061 3018 permansit.
2088 2976 2178 3009 Nam
2200 2971 2358 3018 ¹Diabolus

1253 3026 1369 3069 utique
1389 3021 1437 3058 isti
1457 3026 1489 3058 in
1510 3022 1576 3058 fide
1595 3024 1655 3065 jam
1676 3021 1814 3058 stabant.
1841 3025 1912 3058 Nec
1931 3021 2017 3059 aliud
2034 3035 2178 3065 oramus,
2197 3021 2228 3079 ἔῃ
2237 3022 2359 3044 ‘'ww“

1251 3085 1330 3108 curn
1349 3084 1501 3114 oramus,
1527 3083 1564 3108 ut
1582 3076 1639 3118 qui
1660 3071 1739 3115 stat,
1766 3071 1844 3114 stet,
1872 3071 1927 3107 nisi
1940 3083 1975 3107 ut
1987 3072 2177 3120 perseveret.
2198 3061 2268 3122 „⁰0¹ss
2293 3054 2355 3130 {pedr—

1254 3124 1338 3158 Item
1362 3122 1458 3164 judas
1479 3121 1667 3168 apostolus,
1692 3134 1768 3158 cum
1790 3123 1891 3164 dicit,
1916 3121 1959 3154 Ei
1987 3130 2094 3154 autem
2123 3122 2179 3166 qi&
2198 3131 2325 3162 manfit.

1253 3179 1362 3216 potens
1380 3170 1424 3213 est
1442 3171 1632 3216 conservare
1648 3183 1709 3204 vos
1709 3170 1783 3212 fine
1792 3169 1980 3215 offensione,
2004 3171 2048 3204 (θ’
2067 3170 2179 3213 consti·
2189 3172 2272 3208 Judae
2289 3182 2335 3207 24·

1253 3229 1341 3253 tuere
1366 3230 1441 3254 ante
1461 3219 1658 3268 conspeHum
1675 3220 1789 3266 gloriae
1808 3221 1874 3266 sue
1901 3220 2118 3254 immaculatos
2143 3220 2179 3255 in

1253 3268 1391 3303 letitiae
1413 3283 1520 3306 nonne
1537 3272 1731 3318 apertissime
1748 3271 1889 3308 ostendit
1909 3271 2036 3307 donum
2059 3274 2122 3307 Dei
2132 3270 2179 3306 es-

1251 3319 1283 3356 se
1292 3346 1304 3363 ,
1329 3323 1360 3354 in
1373 3319 1464 3356 bono
1473 3320 1673 3369 perseverare
1682 3323 1781 3367 usque
1793 3325 1825 3356 in
1837 3321 1958 3356 finem?
1982 3322 2075 3366 Quid
2087 3325 2178 3358 enim

1250 3369 1337 3405 aliud
1349 3369 1472 3412 donat,
1498 3374 1553 3418 qui
1567 3370 1742 3406 ‘conservat
1754 3370 2002 3406 fineoffenfione
2015 3396 2027 3413 ,
2052 3382 2088 3406 ut
2097 3384 2177 3407 con·

1251 3418 1360 3455 stimat
1379 3430 1453 3455 ante
1472 3419 1682 3466 conspeetum
1703 3419 1816 3467 gloriae
1836 3419 1895 3456 suae
1912 3420 2131 3456 immaculatos
2142 3425 2175 3457 in

1250 3468 1380 3511 laetitia,
1405 3469 1460 3504 nffi
1481 3470 1745 3516 perseverantiam
1757 3469 1897 3506 bonam?
1922 3470 2014 3516 Quid
2024 3469 2070 3506 cst
2079 3474 2176 3508 etiam

1251 3519 1343 3565 quod
1364 3521 1396 3554 in
1418 3518 1659 3566 Apostolorum
1682 3518 1821 3556 Astibus
1849 3519 2004 3566 legimus,
2029 3519 2175 3554 Audiea·
2192 3524 2356 3564 AH.13.48,

1251 3576 1298 3600 tes
1317 3576 1422 3600 autem
1438 3577 1548 3613 gentes
1560 3569 1703 3613 gravisae
1716 3568 1812 3613 sunt,
1840 3567 1883 3601 Θ·
1903 3579 2088 3615 exceperunt
2098 3571 2175 3604 ver}-

1250 3616 1325 3650 bum
1344 3615 1497 3659 Domini,
1522 3616 1565 3650 <9⁹
1582 3618 1784 3650 crediderunt
1800 3625 1951 3663 quotquot
1972 3629 2064 3652 erant
2089 3619 2175 3653 ordi·

1252 3667 1325 3699 nati
1344 3666 1376 3699 in
1394 3667 1500 3699 vitam
1521 3669 1692 3699 aeternam?
1718 3670 1805 3712 Quis
1834 3671 1866 3703 in
1896 3679 2045 3705 aeternam
2073 3673 2173 3707 vitam

1253 3719 1362 3765 potuit
1381 3717 1546 3759 ordinari,
1570 3716 1626 3752 nifi
1647 3717 1888 3765 perseverantiae
1918 3719 2034 3756 dono?
2053 3723 2172 3767 ‘Qan-

1250 3767 1298 3802 do
1316 3766 1451 3814 quidem
1467 3767 1522 3811 qui
1541 3766 1768 3812 perseveravit
1797 3768 1894 3813 usque
1920 3767 1953 3801 in
1975 3769 2095 3813 finem,
2121 3762 2283 3803 hir-‘'Man·
2306 3772 2349 3793 ¹0·

1244 3815 1362 3862 salvus
1381 3816 1462 3853 erit.
1489 3819 1565 3864 Qua
1585 3815 1706 3861 fiiute,
1730 3817 1785 3854 nisi
1813 3821 1951 3856 aeterna?
1974 3823 2071 3861 Cum⁴
2088 3832 2168 3856 vero
2189 3811 2350 3878 ἶνῖῥηόθ,

2085 3881 2119 3905 ιη

2205 1869 2361 1906 Luc.2z.32

2207 2105 2327 2143 &Cor-13
2332 2114 2362 2143 .7
