2652 4126
0 3488 7 3564 'nv-

537 268 616 313 ET
659 254 924 314 H1sToR·
970 256 1257 314 SEMIPEL·
1297 259 1518 315 LucEM
1563 269 1943 341 AFFERUNT„

283 348 488 396 gloriaretur
517 348 645 392 Jacob,
670 349 782 387 dicens
802 376 814 393 ,
839 351 918 387 ideo
944 350 973 386 se
999 365 1017 388 a
1044 356 1209 389 creatore

283 397 447 435 dilectum
459 424 471 441 ,
500 401 576 446 quia
587 410 682 446 pater
691 401 758 445 ejus
769 401 906 449 quando
917 414 995 438 eum
1007 401 1183 439 seminavit
1197 427 1209 444 ,

282 447 484 486 melioribus
495 446 701 485 laudabilior
711 451 866 488 moribus
877 451 951 488 fuit:
961 464 1003 488 ex
1012 455 1206 500 uno‚inquit.

284 497 474 535 concubitu:
511 509 617 534 unum
642 509 722 535 tunc
748 500 789 536 ad
823 515 881 538 eos
905 501 1114 539 seminandos
1141 514 1211 539 me-

286 551 391 584 ritum
417 550 521 597 patris
542 571 554 589 ,
581 560 686 584 unum
712 550 753 586 ad
779 551 1020 598 concipiendos
1045 556 1207 589 meritum

284 601 420 635 matris.
444 601 537 643 Quia
563 597 622 633 etsi
646 609 755 635 mater
780 613 837 637 eos
863 602 973 638 donec
1000 613 1131 650 pareret
1157 606 1205 639 vi-

285 646 431 684 sceribus
462 649 623 695 portavit:
650 647 824 693 inclusos,
859 655 894 687 &
927 652 1016 688 forte
1051 653 1207 689 volunta-

285 709 336 734 tes
360 695 620 743 affectionesque
645 701 791 735 variavit
808 726 820 743 ,
846 714 915 737 non
940 705 997 738 uni
1018 727 1030 744 ,
1056 702 1111 739 fied
1139 715 1207 740 am-

274 745 397 784 *bobus
422 750 540 796 utique
550 751 717 791 variavit,
743 762 828 798 quos
853 754 980 799 pariter
1006 764 1122 790 ventre
1134 766 1214 802 por-

284 807 390 834 tavit.

336 847 490 884 Intentio
499 852 602 898 igitur
621 852 779 888 intuenda
798 850 847 887 est
859 851 1042 900 Apostoli,
1069 866 1214 901 quomo-

285 894 336 932 ‘do
361 909 505 946 propter
523 904 666 947 gratiam
691 901 995 938 commendandam
1023 903 1111 939 nolit
1137 915 1215 940 eum

286 946 330 982 de
355 946 426 994 q'uo
444 947 575 987 dietum
601 948 676 994 est,
700 952 796 996 Jacob
814 953 934 994 dilexi,
959 951 1017 988 nili
1045 956 1078 988 in
1090 955 1213 995 Domi—

286 1009 336 1033 no
361 997 503 1045 gloriari
526 1015 535 1036 =
555 1012 599 1038 vut
624 1011 705 1036 cum
729 1015 773 1038 ex
799 1002 920 1038 eodem
948 1010 1041 1050 patre
1061 1028 1072 1044 ‚
1097 1003 1214 1040 eadem

286 1057 397 1084 matre
405 1073 418 1091 ,
442 1061 513 1086 uno
523 1049 708 1088 concubitu
718 1076 730 1094 ,
751 1063 930 1100 antequam
940 1051 1069 1100 aliquid
1079 1051 1215 1100 egiss'ent

287 1095 372 1133 boni
397 1109 454 1135 aut
472 1100 577 1143 mali,
601 1100 746 1137 alterum
768 1105 862 1138 Deus
882 1101 1017 1147 diligit,
1044 1102 1119 1138 odit
1136 1104 1216 1139 alte—

287 1148 582 1197 rum,*intelligat
602 1150 760 1194 Jacobex
786 1151 844 1188 illa
866 1149 962 1188 massa
974 1153 1144 1199 originalis
1156 1157 1216 1189 ini-

287 1199 426 1245 quitatis
449 1223 462 1241 ,
486 1198 544 1236 ubi
571 1201 710 1237 fratrem
734 1201 830 1238 suum
848 1226 860 1244 ,
892 1213 972 1237 cum
998 1215 1069 1249 quo
1094 1200 1214 1239 habuit

286 1258 507 1285 communem
526 1248 667 1287 caussam
677 1277 690 1294 ,
716 1251 811 1288 videt
819 1263 880 1299 per
889 1250 1051 1297 justitiam
1063 1251 1216 1289 meruisse

285 1295 438 1335 damnari
468 1324 480 1341 ,
506 1312 576 1336 non
602 1300 663 1338 nifi
690 1312 751 1350 per
774 1304 917 1348 gratiam
944 1301 974 1337 st:
1000 1301 1142 1350 potuiss'e
1168 1303 1217 1339 di-

284 1344 409 1384 scerni.
437 1349 606 1388 Nondum
631 1354 722 1388 enim
745 1350 953 1388 nascentibus
976 1377 988 1394 ,
1014 1365 1075 1389 nec
1094 1357 1219 1400 agenti-

284 1395 359 1434 bus·
374 1396 505 1436 bonum
530 1411 588 1437 aut
610 1401 743 1438 malum
760 1423 773 1444 ‚
806 1411 844 1437 ut
869 1400 1051 1438 secundum
1076 1402 1213 1439 elestio-

284 1459 365 1484 nem
400 1449 615 1499 propositum
652 1453 721 1487 Dei
758 1461 908 1487 maneret
926 1478 939 1495 ‚
971 1465 1041 1488 non
1067 1466 1109 1489 ex
1141 1466 1220 1501 ope-

284 1496 402 1543 ribus,
428 1500 482 1537 sed
504 1513 548 1537 ex
566 1511 711 1537 vocante
730 1500 862 1538 dietum
872 1500 921 1538 est
947 1505 1000 1546 ei,
1025 1504 1142 1550 Major
1156 1503 1219 1541 ser—

284 1559 358 1584 viet
383 1555 531 1588 minori.

336 1598 553 1637 Eleffionem
579 1613 693 1638 autem
718 1605 833 1650 gratiae
859 1602 960 1639 nullis
983 1604 1055 1639 fieri
1071 1617 1217 1651 operum

284 1650 552 1698 praecedentibus
561 1655 690 1688 meritis
701 1677 713 1695 ,
738 1652 808 1688 alio
821 1652 903 1690 loco
912 1655 1116 1701 apertiffime
1127 1655 1218 1691 idem

285 1699 478 1748 Apostolus
503 1701 683 1738 ostendens
702 1729 714 1744 ,
739 1706 789 1738 sic
815 1714 886 1747 ergo
908 1729 919 1746 ,
945 1706 1056 1752 inquit
1077 1730 1090 1747 ,
1117 1707 1159 1742 (θ’
1185 1710 1218 1742 in

92 1742 267 1776 Rm·¹¹·5·
284 1749 341 1785 boc
365 1759 504 1796 tempore
530 1752 665 1798 reliquiae
685 1751 852 1795 secundum
878 1753 1053 1790 eleetionem
1097 1759 1215 1799 gratiae

280 1798 385 1843 salva
403 1799 500 1846 fabia
519 1800 595 1845 sunt
615 1830 622 1839 .
648 1805 682 1838 Si
705 1811 813 1839 autem
832 1807 942 1847 gratia
963 1829 975 1846 ,
996 1803 1067 1851 jam
1093 1817 1150 1840 non
1173 1817 1216 1842 ex

285 1848 448 1894 operibus,
471 1851 610 1897 alioquin
626 1855 757 1896 gratia,
777 1851 847 1899 jam
872 1866 929 1890 non
954 1853 994 1897 eli
1007 1857 1134 1898 gratia.
1163 1858 1215 1891 Se-

286 1899 435 1936 cundum
455 1898 543 1938 hanc
554 1914 638 1949 ergo
655 1905 822 1949 gratiam,
847 1906 949 1939 etiam
970 1902 1216 1953 propheticum

91 1957 269 1998 Rom.9.13.
285 1948 523 1987 testimonium
542 1951 786 1999 consequenter
812 1949 972 1989 assumens
993 1979 1005 1996 ,
1029 1957 1118 1990 Sicut
1137 1954 1217 1998 scri-

79 2005 139 2039 ‚²4-
283 2007 377 2044 ptum
395 1999 457 2043 esi,
481 2004 614 2049 inquit,
633 2000 735 2048 Jacob
759 2002 882 2044 dilexi,
909 2002 993 2046 Esau
1017 2013 1123 2042 autem
1149 2007 1215 2042 odio

286 2047 383 2085 habui
401 2063 410 2085 ε
436 2054 470 2087 &
490 2055 679 2095 continuo,
704 2053 790 2102 Qid
807 2064 877 2096 ergo
901 2054 1058 2096 dicemus,
1086 2058 1219 2104 inquit,

286 2102 461 2143 'Numquid
485 2103 637 2143 iniquitas
670 2100 710 2141 es}
734 2103 819 2145 apud
845 2109 948 2139 Deum
967 2105 980 2139 ἓ
1013 2104 1092 2150 abfit
1109 2133 1116 2141 .
1155 2105 1219 2142 Sed

286 2158 413 2194 quare,
438 2145 541 2191 abfit?
570 2151 625 2184 An
637 2158 781 2192 propter
790 2162 895 2193 opera
917 2165 991 2196 quae
1017 2154 1129 2191 futura
1141 2169 1222 2204 prae-

87 2215 177 2246 22⁰3·
181 2225 195 2253 3
200 2223 269 2253 3³9·
280 2195 408 2233 sciebat
433 2194 616 2231 amborum
627 2195 640 2229 ?
665 2197 782 2229 Immo
792 2199 826 2231 δε
837 2193 906 2230 hoc
915 2197 997 2231 absit
1006 2224 1014 2232 .
1040 2203 1134 2244 Moysi
1141 2208 1223 2238 enim

89 2248 173 2285 Rom.
181 2264 210 2291 9·
221 2263 271 2292 ¹7·
285 2248 387 2287 dicit,
411 2244 578 2288 Miser-ebor
603 2242 805 2287 cuimisertus
829 2256 879 2280 ero
889 2269 901 2286 ,
929 2245 972 2281 (9·
981 2246 1223 2289 misericordiam

287 2292 434 2340 praesiabo
459 2297 511 2329 cui
534 2293 705 2337 misericors
724 2293 815 2337 fuero
832 2320 840 2328 .
873 2297 978 2338 Igitur
1003 2309 1060 2332 non
1085 2298 1224 2334 volentis

291 2355 388 2390 neque
413 2346 588 2386 currentis,
609 2342 666 2386 fied
683 2342 854 2385 miserentis
879 2342 921 2386 est
938 2347 1015 2380 Dei.
1045 2349 1161 2394 Atque
1184 2359 1222 2384 ut

291 2397 328 2430 in
354 2391 434 2430 vafis
453 2417 466 2433 ,
499 2405 573 2441 quae
599 2392 746 2440 perfetfita
780 2392 856 2429 sunt
883 2396 919 2429 in
954 2394 1185 2442 perditionem
1213 2422 1225 2438 ,

291 2455 367 2490 quae
392 2441 559 2479 damnatas
583 2441 696 2478 debita
715 2441 764 2478 est
789 2440 920 2485 maffae,
945 2445 1124 2490 agnoscant
1151 2445 1224 2480 vasa

293 2506 336 2528 ex
371 2490 489 2527 eadem
527 2489 625 2526 massa
651 2494 685 2525 in
719 2489 892 2526 honorem
919 2492 1004 2526 faeta
1023 2517 1035 2534 ,
1069 2493 1152 2540 quid
1178 2497 1224 2529 eis

97 2555 276 2593 ῑχωθηε,
292 2539 527 2580 misericordia
552 2538 668 2575 divina
693 2538 812 2586 largita
838 2538 876 2574 fit
896 2552 905 2576 ς
931 2542 1020 2575 Dicit
1043 2546 1148 2583 enim,
1175 2546 1224 2578 in-

296 2595 396 2642 quit,
420 2593 585 2636 Scriptura
610 2590 652 2624 ad
677 2589 876 2625 Pharaonem
895 2613 908 2630 ,
933 2592 1021 2640 ‚Quia
1044 2592 1087 2626 ad
1109 2592 1165 2627 hoc
1190 2601 1223 2628 te

293 2644 445 2680 excita-vi
462 2666 475 2683 ,
507 2648 545 2675 ut
569 2637 722 2682 ostendam
747 2642 779 2675 in
810 2642 985 2683 potentiam
1011 2652 1115 2677 meam
1134 2666 1147 2683 ,
1180 2644 1224 2680 ψ·

292 2702 333 2730 ut
360 2688 553 2737 glorificetur
585 2700 693 2724 nomen
717 2700 821 2724 meum
855 2692 887 2724 in
920 2689 1068 2733 universa
1103 2700 1189 2726 terra
1215 2716 1224 2725 .

293 2745 457 2789 Denique
489 2738 532 2775 ad
557 2750 741 2786 utrumque
781 2737 985 2775 concludit:
1019 2745 1100 2784 Ergo
1135 2740 1226 2787 cujus

295 2793 374 2830 vult
399 2789 560 2834 miseretur
579 2814 591 2832 ,
617 2789 660 2825 &⁷
684 2801 775 2833 quem
802 2788 880 2824 vult
903 2786 1036 2826 obdurat
1055 2804 1064 2824 z
1090 2789 1160 2826 hoc
1185 2793 1230 2828 fa-

295 2847 342 2880 cit
376 2839 466 2890 apud
501 2851 603 2887 quem
629 2850 699 2873 non
734 2837 782 2874 est
816 2841 999 2886 iniquitas.
1033 2839 1220 2877 Miseretur

296 2896 409 2940 itaque
426 2893 577 2939 gratuito
602 2888 719 2930 dono,
743 2886 890 2926 obdurat
915 2899 1029 2925 autem
1048 2889 1224 2933 justiffimo

295 2946 445 2980 merito.

342 2992 410 3030 -Sed
436 2990 525 3027 dicat
551 2988 662 3026 adhuc
687 2989 742 3025 vel
768 2987 902 3037 superbi
927 2989 1073 3027 infidelis
1098 2990 1222 3034 elatio,

298 3042 354 3079 vel
366 3045 475 3091 puniti
500 3039 909 3076 damnabilisexcuiatio:
935 3042 1021 3089 ,Quid
1045 3042 1146 3077 adhuc
1157 3054 1225 3078 eon·

105 3086 186 3117 ΒΜ·
195 3092 281 3122 9·19-
299 3093 467 3138 queritur?
489 3103 564 3128 nam
590 3090 754 3126 voluntati
777 3088 844 3136 ejus
869 3093 924 3135 qui
949 3089 1056 3136 resiliit
1074 3093 1087 3126 ἓ
1122 3093 1224 3129 Dicat

98 2473 179 2502 Rom.
193 2479 224 2507 9·
231 2479 274 2504 17.

300 3146 336 3178 δι
361 3139 593 3188 audiatquod
617 3142 779 3176 conveni-t
803 3137 968 3177 homini;
994 3146 1020 3176 Ο
1045 3142 1133 3177 homo
1152 3167 1163 3183 ,
1188 3151 1226 3178 tu
1282 3152 1289 3155 “’

301 3195 374 3237 quis
398 3203 452 3232 es,
476 3194 531 3234 qui
548 3190 725 3235 respondeas
744 3196 830 3232 Deo,
857 3194 892 3226 &
916 3201 1026 3227 cetera
1051 3190 1093 3226 de
1103 3190 1224 3238 quibus

302 3243 371 3288 jam
395 3250 561 3288 quantum
586 3243 686 3287 potui
710 3239 785 3276 satis
811 3253 848 3275 ac
873 3239 955 3288 saepe
975 3238 1127 3277 disserui.
1156 3244 1225 3278 Au—

303 3291 372 3328 diat
397 3289 492 3332 haec,
516 3293 552 3325 &
578 3301 651 3325 non
673 3300 887 3326 contemnat.
915 3290 1024 3335 Quod
1040 3290 1225 3327 ficontem—

304 3341 404 3383 serit,
429 3343 531 3376 etiam
549 3350 587 3375 ut
611 3349 843 3376 contemneret
869 3339 900 3376 se
910 3344 1057 3377 inveniat
1082 3340 1227 3377 obdura-

304 3402 399 3429 tum.
425 3391 537 3427 Sinon
547 3389 785 3432 contemserit,
811 3393 911 3427 etiam
938 3401 976 3427 ut
1001 3403 1070 3426 non
1080 3402 1229 3427 contem-

306 3451 425 3484 neret,
449 3437 512 3476 esse
537 3438 651 3476 credat
676 3439 854 3485 adimam,-
877 3440 931 3477 sed
958 3440 1163 3477 obduratum
1175 3441 1230 3478 de-

308 3491 406 3534 bito,
430 3490 581 3537 adjutum
606 3495 729 3538 gratia.

131 3550 272 3581 Capu-r
360 3545 482 3589 Neque
517 3543 608 3576 enim
634 3539 658 3575 fi
682 3539 830 3576 duorum
856 3541 897 3576 dc
925 3541 1012 3578 Isaac
1038 3540 1227 3590 patriarcha

175 3590 239 3621 lX·
310 3595 529 3642 geminorum
557 3615 569 3633 ,
612 3589 707 3637 quod
749 3590 888 3638 quidem
924 3593 989 3637 jam
1024 3591 1231 3628 ostendimus

310 3653 434 3692 quanta
459 3643 606 3678 caecitate
630 3639 760 3676 dicatur
780 3665 792 3682 ,
818 3640 929 3677 flatura
955 3642 1111 3690 praevidit
1138 3644 1231 3677 Deus

310 3706 438 3742 opera,
462 3695 520 3739 qui
546 3693 705 3726 vixerunt
729 3701 832 3738 atque
859 3690 1035 3728 senuerunt
1053 3717 1066 3735 ,
1092 3697 1125 3728 &
1153 3705 1232 3740 pro·

312 3754 426 3794 pterea
452 3739 556 3782 Jacob
573 3739 714 3782 dilexit,
739 3740 825 3777 Esau
849 3752 961 3777 autem
986 3742 1071 3778 odio
1091 3740 1233 3782 habuit,

314 3793 393 3831 ideo
426 3794 676 3828 moriturorum
718 3793 820 3826 etiam
856 3791 1076 3839 parvulorum
1121 3791 1233 3839 potest

315 3843 487 3893 quisquam
510 3840 648 3884 dicere,
673 3849 711 3878 ut
735 3837 815 3878 huic
840 3840 881 3878 ad
906 3843 1161 3890 percipiendum
1180 3840 1235 3880 ba-

413 3900 442 3930 ς.
469 3891 622 3937 Prosperi.

1649 344 1651 346 ,
1937 340 1950 346 ,,
2092 287 2113 348 Ῑ,
2127 288 2158 338 9
2169 286 2198 338 7

1270 351 1431 399 ptismum
1469 365 1539 389 non
1573 352 1754 402 consulat,
1789 351 1840 390 illi
1866 364 1980 390 autem
1998 357 2160 397 consulat
2185 385 2197 403 ,

1270 403 1385 438 Deum
1411 402 1524 439 futura
1536 403 1640 451 opera
1669 402 1873 451 praevidere.
1901 400 2095 451 Quomodo
2106 412 2197 445 enim

1270 450 1380 488 futura
1408 452 1588 494 dicuntur,
1615 465 1689 500 quae
1714 452 1806 490 nulla
1830 456 1974 494 erunt?v

1317 503 1381 538 Sed
1401 508 1508 544 Deus,
1533 505 1714 552 inquiunt,
1739 506 1771 539 in
1797 507 1842 540 eis
1866 515 1943 551 quos
1966 504 2038 542 hinc
2062 506 2168 551 aufert
2185 531 2197 548 ,

1266 552 1426 596 praevidet
1461 554 1722 597 quemadmodum
1750 552 1899 590 viHurus
1931 552 2003 600 effit
2026 555 2152 601 quisque
2172 555 2201 601 fi

1267 605 1400 637 viveret
1428 615 1437 636 ε
1472 603 1515 638 &⁸
1540 603 1604 638 ideo
1629 614 1720 647 quem
1746 606 1887 648 nequiter
1918 607 2011 640 novit
2035 603 2126 652 fuiffe
2148 608 2200 642 vi-

1267 650 1391 687 &urum
1410 676 1422 693 ,
1453 650 1518 695 fine
1543 651 1693 697 baptismo
1722 652 1808 697 facit
1832 654 1876 691 Θ·
1900 658 1980 690 mori
2000 680 2012 697 ,
2038 653 2084 699 fic
2109 658 2141 692 in
2165 667 2199 694 eo

1269 703 1398 745 puniens
1423 710 1515 746 opera
1541 702 1649 744 mala,
1675 715 1732 739 non
1757 713 1825 747 quae
1843 702 1927 748 fecit
1944 728 1953 744 ‚
1981 704 2037 748 sed
2061 716 2127 749 quae
2148 704 2201 750 fa·

1273 749 1377 786 iturus
1396 750 1482 796 fuit.
1510 754 1541 786 Si
1568 764 1651 799 ergo
1676 751 1863 794 dlvinitus,
1889 756 1988 789 etiam
2014 767 2087 801 quae
2105 766 2200 790 com-

1222 821 1224 823 ·
1274 798 1366 836 missa
1385 813 1454 836 non
1480 799 1576 843 sunt,
1600 801 1688 838 mala
1714 815 1818 850 opera
1838 806 2024 850 puniuntur
2047 818 2054 838 :
2082 808 2198 852 primo

1275 849 1446 885 attendant
1469 863 1571 898 quam
1601 850 1683 887 Falso
1709 851 1933 899 polliceantur
1953 855 1986 888 in
2011 853 2199 890 damnatio-

1276 911 1354 935 nem
1375 900 1537 947 parvulos
1563 913 1632 936 non
1659 904 1766 938 ituros
1787 928 1798 944 ‚
1825 906 1883 951 qui
1911 903 1976 938 fine
2003 901 2199 951 baptismate

1268 952 1470 985 'moriuntur
1480 975 1492 991 ,
1517 954 1575 997 qui
1587 962 1767 998 propterea
1779 965 1848 986 non
1861 952 2078 1003 baptizantur
2088 979 2100 996 ,
2122 956 2200 1000 quia

1264 998 1363 1035 'male
1389 1000 1514 1034 victuri
1533 1012 1649 1042 erant,
1675 1001 1698 1036 fi
1716 1004 1871 1037 viverent
1893 1016 1901 1036 :
1929 1013 2070 1052 propter
2096 1002 2200 1050 ipsam
2250 1036 2253 1039 Α

1274 1052 1403 1096 quippe
1423 1048 1545 1084 malam
1558 1052 1660 1085 vitam
1674 1050 1793 1096 procul
1806 1049 1911 1087 dubio
1929 1051 2202 1094 damnabuntur,

1276 1098 1300 1135 fi
1325 1102 1426 1134 etiam
1454 1098 1542 1134 mala
1569 1112 1642 1145 quae
1666 1099 1798 1136 fuerant
1829 1100 1939 1136 futura
1966 1101 2168 1138 damnantur
2194 1128 2202 1136 .

1270 1147 1412 1185 Deinde
1438 1147 1461 1184 fi
1486 1151 1531 1184 cis
1555 1148 1596 1184 ad
1615 1149 1873 1198 percipiendum
1899 1150 2107 1199 baptismatis
2124 1163 2203 1186 con-

1270 1198 1396 1244 sulitur
1420 1201 1694 1242 Sacramentum,
1719 1213 1807 1248 quos
1832 1204 1930 1237 novit
1957 1202 2051 1236 Deus
2071 1201 2093 1236 fi
2112 1204 2205 1237 vive-

1276 1260 1351 1285 rent
1377 1247 1460 1284 bene
1473 1246 1568 1286 fuisse
1595 1250 1773 1293 victuros,
1799 1248 1938 1287 curnon
1964 1262 2204 1287 omnestenen-

1281 1309 1336 1334 tur
1362 1302 1395 1334 in
1416 1303 1510 1342 vita,
1536 1311 1637 1347 quam
1649 1298 1747 1336 bonis
1773 1299 1933 1348 operibus
1944 1303 2095 1337 ornaturi
2106 1300 2205 1337 sunt?

1283 1353 1356 1386 Cur
1383 1352 1484 1385 etiam
1512 1361 1631 1385 eorum
1658 1354 1715 1397 qui
1743 1349 1957 1400 baptizantur
1982 1351 2122 1397 quidam
2146 1350 2208 1387 diu

1282 1402 1434 1436 viventes
1453 1400 1588 1447 peffime
1616 1403 1760 1443 vivunt,
1787 1400 1933 1449 &usque
1959 1401 2001 1436 ad
2011 1399 2207 1448 apostafiam

1280 1448 1466 1497 aliquando
1493 1451 1715 1497 perveniunt?
1741 1451 1934 1500 Curipsum
1961 1454 2113 1500 primum
2127 1462 2208 1486 con,-

1278 1501 1408 1547 jugium
1435 1510 1676 1547 peccatorum,
1703 1514 1789 1549 quos
1816 1505 1932 1550 utique
1959 1512 2101 1538 noverat
2112 1502 2207 1536 Deus

1278 1560 1501 1598 peccaturos,
1528 1563 1596 1585 non
1623 1550 1664 1586 de
1691 1551 1845 1598 paradiso
1870 1563 1945 1588 ante
1972 1552 2139 1599 projecit,
2165 1562 2206 1585 ne

1279 1600 1327 1637 ibi
1365 1603 1621 1636 committerent
1647 1601 1742 1650 quod
1777 1612 1846 1639 tam
1874 1602 1988 1638 sancto
2022 1601 2104 1636 loco
2129 1597 2206 1635 esset

1281 1650 1481 1697 indignum,
1507 1649 1530 1685 fi
1549 1650 1631 1695 juste
1657 1663 1793 1698 peccata
1818 1655 1920 1688 etiam
1947 1650 2207 1688 nondumcom-

1279 1698 1372 1736 missa
1398 1703 1606 1748 puniuntur?
1632 1701 1728 1746 Quid
1746 1703 1891 1750 denique
1918 1701 2134 1750 praestaturei
2147 1702 2206 1747 qui
2223 1714 2382 1753 5·¹P·4·1¹·

1278 1752 1410 1798 rapitur
1437 1763 1477 1784 ne
1503 1751 1630 1788 malitia
1657 1763 1767 1787 mutet
1794 1751 2008 1788 intellectum
2036 1753 2104 1795 ejus
2123 1775 2136 1792 ,
2171 1752 2206 1784 &

1275 1813 1317 1835 ne
1343 1799 1441 1835 fictio
1466 1798 1613 1847 decipiat
1639 1803 1786 1836 animam
1812 1799 1913 1846 ejus,
1947 1800 1971 1836 fi
1997 1799 2078 1844 juste
2104 1802 2207 1834 etiam

1274 1849 1331 1886 illa
1358 1852 1568 1897 puniuntur,
1593 1861 1667 1896 quae
1693 1849 1772 1886 licet
1788 1863 1857 1885 non
1879 1849 2019 1892 fecerit,
2044 1849 2208 1885 fueratta—

1279 1912 1359 1935 men
1386 1898 1536 1935 vivendo
1561 1898 1742 1936 facturus?
1774 1898 1956 1937 Postremo
1983 1912 2043 1936 cur
2070 1911 2140 1935 non
2166 1897 2209 1933 ad

1279 1948 1536 1998 percipiendum
1549 1951 1808 1995 regenerationis
1833 1949 2031 1992 lavacrum,
2056 1952 2086 1983 ei
2106 1950 2210 1994 magis

1278 1998 1466 2035 consulitur
1492 2001 1690 2040 morituro,
1715 2001 1772 2048 qui
1800 1999 1888 2034 male
1914 1997 2024 2034 fuerat
2050 1999 2203 2032 viRutus

1279 2049 1302 2085 fi
1329 2054 1483 2090 viveret,
1509 2059 1546 2084 ut
1571 2051 1602 2083 ei
1629 2059 1765 2095 peccata
1792 2061 1866 2095 quae
1892 2047 1999 2084 fuerat
2017 2043 2209 2097 conimiss‘u-

1280 2113 1358 2141 rus,
1385 2102 1603 2134 remittantur
1630 2101 1665 2133 in
1690 2095 1893 2145 baptismo?
1928 2100 2016 2145 Quis
2043 2093 2141 2157 enini!
2159 2094 2208 2142 est

1283 2161 1355 2186 tam
1382 2161 1502 2185 vecors
1528 2151 1586 2195 qui
1613 2160 1649 2183 ea
1676 2155 1774 2195 neget
1800 2161 1861 2196 per
1888 2144 2093 2197 baptismum
2121 2143 2212 2194 poffe'
2263 2149 2265 2151 ’
2314 2148 2320 2151 ”

1284 2200 1436 2239 dimitti,
1462 2211 1535 2244 quae
1552 2197 1618 2232 fine
1643 2196 1813 2243 baptismo
1839 2196 1922 2237 dicit
1941 2195 2031 2245 poss‘e
2051 2197 2188 2246 puniri?⁴
2340 2238 2342 2240 q
2362 2233 2367 2241 ὁ

1334 2245 1398 2279 Sed
1423 2245 1625 2290 disputando
1651 2245 1805 2283 adversus
1832 2259 1890 2281 eos
1909 2272 1920 2287 ‚
1946 2249 2005 2294 qui
2030 2244 2213 2293 usquequa·
2249 2253 2388 2286 Canu-r

1284 2303 1350 2338 que
1376 2294 1551 2334 convicti,
1576 2296 1677 2328 etiam
1705 2306 1773 2329 non
1785 2292 2041 2331 commissorum
2060 2304 2215 2344 peccato—
2305 2294 2342 2324 X·

1282 2354 1361 2377 rum
1390 2344 1505 2378 Deum
1534 2342 1731 2390 persuadere
1742 2344 1935 2380 moliuntur
1961 2344 2134 2387 ultorem,
2160 2357 2216 2380 ve-

1286 2391 1431 2426 rendum
1464 2390 1512 2426 est
1537 2404 1580 2425 ne
1606 2404 1668 2426 nos
1695 2395 1728 2425 in
1756 2405 1815 2426 eos
1850 2392 1912 2427 ista
1938 2393 2066 2439 fingere
2099 2393 2215 2429 existi-

1284 2450 1440 2474 memur;
1467 2438 1518 2473 illi
1546 2449 1657 2473 autern
1676 2438 1772 2473 nullo
1793 2439 1902 2475 modo
1921 2450 1990 2475 tam
2009 2438 2148 2478 hebetes
2168 2441 2214 2478 esl

1285 2485 1316 2520 st
1341 2487 1542 2527 credantur,
1567 2497 1605 2522 ut
1624 2485 1696 2522 haec
1723 2487 1778 2524 vel
1791 2487 1954 2531 sentiant,
1979 2489 2034 2526 vel
2051 2493 2211 2538 cuiquam

1284 2535 1481 2583 persuadere
1502 2546 1668 2572 conentur
1690 2551 1699 2571 ε
1727 2549 1961 2575 verumtamen
1986 2538 2047 2578 nifi
2071 2553 2129 2576 eos
2138 2537 2212 2577 hac

1284 2584 1394 2621 dicere
1405 2584 1597 2628 audiissem,
1623 2585 1805 2623 refellenda
1831 2587 1983 2630 essenon
2009 2588 2211 2628 arbitrarer.

1287 2635 1599 2684 circumstipantur
1616 2639 1707 2672 enim
1733 2642 1768 2673 &
1793 2637 1989 2675 divinarum
2009 2640 2212 2676 auctoritate

1286 2685 1496 2728 heffionum,
1521 2690 1556 2722 &
1581 2689 1766 2734 antiquitus
1784 2687 1913 2725 tradito
1940 2693 2136 2725 &retento
2155 2689 2211 2726 fir-

1287 2748 1348 2771 mo
1375 2735 1529 2772 Ecclefiae
1562 2738 1629 2771 ritu
1654 2739 1687 2772 in
1713 2735 1910 2785 baptismate
1946 2738 2172 2785 parvulorum
2197 2764 2210 2781 ,

1287 2784 1345 2822 ubi
1372 2786 1575 2834 apertissime
1603 2785 1878 2824 demonstrantur
1903 2787 2043 2824 infantes
2069 2792 2103 2824 δι
2131 2801 2211 2825 cum

1287 2839 1549 2878 exorcizantur,
1575 2839 1609 2871 δε
1634 2849 1713 2872 cum
1739 2840 1770 2872 ei
1796 2836 1827 2872 se
1854 2850 1914 2885 per
1940 2851 1997 2873 eos
2024 2838 2146 2886 quibus
2157 2851 2211 2886 ge-

1285 2885 1414 2921 stantur
1440 2889 1634 2921 renunciare
1655 2886 1879 2934 respondent,
1905 2901 1922 2922 a
1948 2886 2077 2923 diaboli
2098 2888 2209 2923 domi—

1285 2939 1421 2971 natione
1446 2934 1605 2977 liberari,
1632 2940 1747 2972 &non
1775 2940 2209 2983 invenientesquaexeant,

1285 2996 1428 3033 pergunt
1454 2989 1489 3021 in
1515 2989 1725 3033 praecipitem
1752 2985 1951 3030 stultitiam,
1975 2985 2059 3021 dum
2085 2986 2209 3025 nolunt

1284 3046 1415 3071 mutare
1441 3035 1656 3073 sententiam.

1284 3213 1339 3245 Ex
1362 3205 1439 3243 libro
1463 3209 1560 3252 primo
1594 3205 1729 3252 ejusdem
1754 3215 1862 3242 contra
1890 3205 2054 3249 ‘Pelagium
2081 3207 2123 3242 (f
2148 3211 2212 3244 c‘ae·

1334 3255 1454 3298 testium
1474 3282 1485 3299 ,
1511 3259 1570 3301 qui,
1589 3255 1630 3299 esi
1655 3257 1699 3301 ‚de
1726 3259 1840 3292 Gratia
1863 3254 1997 3299 christi?
2015 3265 2089 3304 scap.
2111 3268 2142 3302 3,
2166 3259 2211 3304 (x

1328 3305 1544 3351 fitquentibus.
1591 3334 1595 3337 .
2061 3326 2063 3331 ·
2173 3326 2175 3329 .

1364 3392 1574 3426 ELAGIUS
1600 3402 1678 3427 cum
1705 3387 1949 3437 episcopalibus
1974 3388 1995 3408 *
2021 3388 2120 3437 gestis
2146 3388 2211 3427 sine
2247 3420 2273 3451 C
2353 3430 2358 3434 ‚

1286 3390 1357 3477 P
1386 3439 1456 3476 ulla
1482 3436 1686 3476 recusatione
1720 3438 1930 3482 damnaverit
1956 3452 2014 3489 eos
2031 3465 2044 3482 ,
2062 3436 2135 3487 'qui
2163 3439 2211 3474 di·
2283 3430 2387 3490 ῗῖἶτ

1289 3500 1370 3527 cunt
1394 3492 1536 3535 gratiam
1558 3490 1627 3525 Dei
1653 3493 1687 3525 δε
1714 3488 1918 3539 adjutorium
1945 3502 2015 3537 non
2043 3490 2084 3524 ad
2109 3488 2213 3538 singu·
2228 3498 2407 3538 *Lib.1tege-

1291 3538 1343 3575 los
1368 3540 1460 3575 astus
1486 3539 1584 3581 dari,
1607 3538 1662 3575 fed
1688 3542 1722 3575 in
1747 3538 1859 3576 libero
1884 3538 2026 3578 arbitrio
2045 3537 2127 3580 esse,
2149 3538 2213 3591 ¹vel
2227 3539 2278 3576 stis
2307 3541 2405 3578 pelag.

1291 3592 1326 3624 in
1346 3588 1417 3636 lege
1443 3599 1542 3636 atque
1563 3588 1744 3628 doctrinm
1768 3587 1827 3629 ubi
1851 3588 2052 3638 putabamuS
2077 3589 2145 3632 eius
2160 3587 2213 3625 'de
2230 3591 2254 3610 θ·
2263 3588 2305 3617 ¹4·

1286 3638 1355 3676 ‘hac
1383 3652 1417 3675 re
1444 3650 1561 3674 omnes
1587 3638 1876 3688 tergiversationes
1901 3637 1962 3679 effe
1988 3637 2175 3680 consumtas
2201 3652 2213 3677 3

1294 3687 1502 3725 damnaverit
1521 3692 1622 3724 ctiam
1632 3701 1690 3724 eos
1699 3713 1712 3732 ,
1737 3692 1794 3736 qui
1804 3689 1928 3725 docent
1938 3691 2081 3737 gratiam
2091 3689 2157 3725 Dei
2169 3687 2213 3725 se-

1294 3738 1440 3776 cundum
1452 3741 1569 3774 merita
1587 3732 1698 3774 nostra
1716 3738 1787 3775 dari
1809 3753 1819 3774 2
1845 3750 1956 3778 tamen
1978 3735 2118 3780 inlibris
2129 3750 2214 3786 quos

1293 3789 1399 3826 edidit
1416 3801 1480 3838 pro
1506 3787 1614 3824 libero
1632 3787 1775 3825 arbitrio
1794 3814 1805 3831 ,
1830 3802 1987 3837 quorum⁴
2004 3791 2214 3825 mentionem

1294 3840 1372 3876 facit
1394 3842 1427 3876 in
1439 3837 1580 3887 epistola
1602 3851 1702 3886 quam
1713 3842 1867 3925 Konga?
1886 3835 1994 3883 misit,
2019 3831 2214 3920 nihilsaiiud
2234 3872 2237 3883 Ι

1904 3901 1922 3923 2
2114 3899 2166 3921 cn-
