2652 4126
520 187 627 243 208

566 283 725 342 Impius
754 282 882 326 sensus
900 312 914 335 ‚
952 282 1021 339 qui

798 185 1494 246 spaospmzt
1558 184 2173 259 AQUITANI

1059 292 1177 339 putat
1216 280 1441 325 beatiorem
1501 292 1618 339 pter,
1648 280 1877 324 nolentium
1906 294 2004 325 vero
2033 280 2210 324 salvator
2238 280 2286 325 fit
2315 313 2326 325 .
2345 282 2352 286 ”
2369 283 2430 327 Et

507 343 586 387 effe
617 344 851 395 hominem,
880 341 944 383 cui
980 342 1093 384 Deus
1123 341 1231 384 nihil
1261 340 1439 395 dederit,
1499 355 1592 383 cum
1622 355 1715 399 pars
1747 340 1929 384 Ecclefiae
1961 355 2013 384 ex
2043 341 2174 401 gratia
2192 371 2207 395 ‚
2235 357 2327 400 pars
2357 358 2425 387 au-

507 419 630 461 quam
652 405 714 448 cui
736 400 920 444 universa
940 401 1178 444 contulerit.

540 466 543 469 ’
571 459 1089 507 Duodecimadefinitione
1111 460 1263 504 dietum
1293 461 1371 505 ests

565 523 662 564 Inde
690 523 770 579 est,
798 521 897 576 quod
925 533 1094 576 orantes,
1123 537 1200 564 non
1211 518 1429 582 fhlumpro-

503 585 702 635 restorem,
720 580 794 637 sed
820 581 937 622 etiam
957 581 1210 642 susceptorem
1219 583 1428 624 Dominum

496 639 792 702 proclamamus.
824 643 875 683 In
904 656 945 682 eo
974 643 1077 684 enim
1106 643 1206 699 quod
1225 644 1335 702 prior
1363 642 1428 684 ad-

502 715 638 756 vocat,
665 702 715 746 ζῇ*
745 702 960 759 ignorantes
989 717 1054 743 nos
1083 716 1198 760 atque
1206 703 1353 745 invitos
1362 704 1426 745 ad-

497 763 621 805 trahit
650 763 700 804 ad
718 759 908 818 salutem,
930 764 1123 821 protebior
1153 775 1269 819 atque
1290 760 1428 818 salva·

495 835 559 863 tor
587 823 670 878 est:
700 822 742 863 in
770 838 810 863 eo
843 835 972 864 autem
991 852 1006 877 ,
1045 823 1147 879 quod
1171 822 1428 866 adnitentibus

494 881 600 923 nobis
627 895 733 942 opem
750 883 880 936 ferre,
910 882 1208 942 refugientesque
1227 883 1428 943 suscipere,

493 957 538 982 ac
565 943 713 984 munire
740 942 936 997 consuevit
954 972 968 996 ,
988 943 1182 1002 susceptor
1200 973 1215 997 ,
1252 958 1297 985 ac
1328 944 1428 1000 refu-

490 1017 598 1060 grum
626 1015 864 1044 nominatur.

557 1062 666 1106 Huic
694 1061 901 1104 sententiae
933 1063 965 1104 is
996 1063 1123 1119 potest
1133 1064 1311 1121 praebere
1331 1078 1425 1106 con-

489 1120 674 1175 sensum,
703 1122 771 1178 qui
802 1121 840 1164 se
871 1136 895 1163 a
926 1122 1089 1166 Christo
1120 1137 1203 1167 non
1238 1124 1327 1166 vult
1346 1122 1421 1166 effe

489 1178 689 1221 salvatum
705 1210 716 1221 .

700 1329 1064 1366 CAPUT
1138 1333 1211 1366 XX.

487 1411 624 1448 Error-es
641 1410 677 1444 in
698 1409 839 1455 Caffiani
866 1409 1110 1453 definitionibus
1127 1413 1269 1448 contenti
1277 1414 1419 1460 summa·

805 1459 865 1495 tim
885 1460 1100 1509 colliguntur.

297 1574 327 1603 c
346 1531 365 1549 '⁹
390 1535 469 1565 alius
495 1548 518 1571 κ
667 1539 707 1580 Is
737 1536 872 1595 itaque
904 1535 1205 1581 definitionibus
1236 1538 1313 1582 hoc
1351 1537 1420 1581 do-

332 1582 469 1646 “ssssr‘ssm
695 1609 828 1650 cetur,
858 1597 936 1639 hoe
967 1596 1172 1652 scribitur,
1202 1598 1279 1642 hoc
1301 1598 1419 1642 editis

302 1656 336 1725 {²¹}
351 1655 468 1726 {effi}
485 1658 819 1716 disputationibus
840 1655 1097 1715 praedicatur:
1130 1659 1252 1718 Quod
1283 1661 1417 1702 Adam

306 1736 439 1767 tionibus
486 1731 706 1778 peccante,
735 1720 874 1760 anima
905 1718 988 1774 ejus
1019 1719 1106 1761 laesa
1147 1734 1230 1762 non
1272 1720 1416 1773 fuerit,

305 1777 467 1827 contenti.
486 1779 707 1835 sanumque
739 1778 782 1819 in
813 1793 861 1820 eo
892 1777 1109 1832 manserit,
1141 1779 1247 1823 unde
1279 1794 1416 1838 pecca-

486 1839 550 1880 vit
580 1855 591 1880 ε
624 1838 667 1880 Si
706 1836 868 1895 quidem
907 1838 1116 1880 scientiam
1157 1840 1254 1882 boni
1293 1854 1415 1898 quam

387 1922 409 1947 ,a
486 1910 720 1956 acceperat,
749 1911 832 1940 non
863 1896 1042 1940 amiserit
1073 1914 1086 1955 3
1117 1913 1131 1932 ι
1163 1914 1237 1942 nec
1278 1912 1416 1958 potue-

484 1959 570 2001 rint
600 1956 746 2016 posteri
777 1959 857 2014 ejus
888 1955 929 1998 id
960 1957 1150 2014 perdere,
1180 1959 1286 2016 cujus
1306 1959 1417 2002 dam·

484 2033 586 2061 num
619 2033 693 2060 nec
724 2017 791 2059 ille
825 2018 1036 2074 pertulerit
1056 2049 1067 2061 .
1111 2019 1237 2062 Inesse
1278 2032 1415 2063 autem

482 2079 598 2120 omni
629 2079 773 2120 animae
804 2078 1044 2120 naturaliter
1073 2079 1269 2122 virtutum
1301 2079 1416 2122 semi-

483 2153 539 2180 na
570 2136 764 2180 beneficio
797 2139 1004 2180 Creatoris
1035 2138 1207 2193 inserta,
1236 2152 1280 2182 ut
1301 2141 1416 2197 poffit

486 2198 555 2253 qui
589 2197 784 2247 voluerit,
814 2196 958 2251 judicio
990 2200 1164 2240 naturali
1207 2201 1290 2242 Dei
1330 2214 1418 2255 gra·

487 2257 591 2297 tiam
633 2255 853 2312 praevenire
885 2284 897 2306 ,
937 2257 975 2296 8<
1014 2257 1255 2311 adjutorium
1295 2258 1375 2312 ejus
1403 2288 1417 2310 ,

487 2330 566 2372 quo
598 2314 752 2356 facilius
784 2314 832 2355 ad
865 2313 1154 2370 perfeffionem
1186 2311 1417 2373 Perveniat,

485 2374 711 2430 promereri
744 2389 754 2415 :
795 2375 906 2430 Quia
946 2375 1092 2417 nullius
1132 2375 1178 2417 fit
1218 2376 1343 2418 laudis
1374 2391 1419 2418 ac

484 2432 647 2483 meriti,
678 2432 746 2487 qui
776 2431 935 2474 donatis
967 2433 1105 2486 bonis,
1137 2449 1215 2475 non
1237 2436 1410 2490 propriis

485 2490 726 2534 adcrnatur.
762 2490 1006 2532 Cavendum
1036 2507 1192 2549 quoque
1224 2493 1299 2534 esse
1323 2520 1336 2542 ,
1367 2506 1418 2534 ne

485 2551 545 2594 ita
576 2548 624 2592 ad
659 2550 798 2591 Deum
830 2550 970 2590 omnia
1003 2549 1229 2591 sanGtorum
1269 2551 1418 2593 merita

486 2610 739 2653 referantur:
771 2608 877 2665 quasi
911 2623 984 2665 per
1014 2608 1052 2651 se
1084 2609 1190 2651 nihil
1214 2609 1312 2652 boni
1331 2610 1417 2668 pos-

489 2670 536 2712 fit
578 2684 695 2726 agere
737 2668 821 2725 ipsa
861 2669 1041 2710 humana
1091 2681 1238 2712 natura
1267 2685 1284 2710 .·
1323 2685 1415 2713 cum

488 2742 607 2772 tanta
637 2728 685 2770 fit
715 2728 863 2770 virium
885 2728 966 2784 ejus
991 2730 1228 2786 integritas3
1259 2742 1303 2772 ut
1321 2746 1415 2773 con·

487 2802 551 2831 tra
582 2787 712 2846 ipsum
752 2786 952 2831 diabolum
975 2819 988 2841 ,
1028 2788 1300 2848 saevitiamque
1340 2791 1420 2847 ejus

488 2848 610 2906 usque
642 2847 692 2889 ad
722 2859 906 2890 extrema
936 2848 1130 2906 supplicia
1151 2881 1164 2903 ‚
1193 2850 1277 2894 fine
1309 2851 1420 2893 auxi-

492 2909 547 2950 lio
579 2909 662 2950 Dei
692 2908 828 2950 valeat
859 2906 1051 2951 dimicare
1073 2940 1083 2950 .
1127 2912 1250 2953 Hanc
1282 2923 1419 2953 autem

394 2978 413 3008 b
490 2968 789 3026 possibilitatem
821 2972 838 2998 δ
866 2968 908 3011 in
947 2969 1135 3011 omnibus
1175 2969 1249 3012 effe
1287 2971 1419 3013 horni-

490 3028 606 3070 nibus
637 3028 892 3081 naturalem,
922 3027 986 3070 sed
1018 3043 1101 3070 non
1142 3043 1284 3073 omnes
1314 3041 1327 3058 ⁶
1357 3032 1418 3073 in-

491 3088 693 3143 generatis
722 3088 792 3130 fibi
822 3088 883 3131 uti
915 3088 1019 3131 velle
1033 3089 1269 3131 virtutibus.
1303 3092 1418 3132 Tan-

494 3160 578 3186 tam
611 3159 745 3188 autem
776 3147 880 3188 circa
911 3148 1114 3191 universos
1141 3149 1330 3191 homines
1352 3151 1419 3192 bo-

493 3205 666 3248 nitatem
698 3204 771 3247 effe
805 3207 1012 3249 Creatoris
1041 3238 1054 3261 ,
1094 3219 1137 3250 ut
1177 3209 1246 3250 alii
1287 3209 1337 3251 ab
1369 3225 1417 3251 eo

492 3266 585 3321 quia
616 3265 758 3323 sponte
790 3266 959 3309 veniant
987 3298 999 3320 ,
1038 3267 1302 3324 suscipiantur
1340 3269 1421 3312 lau·

397 3332 416 3362 d
493 3323 577 3366 dati
608 3341 628 3377 ;
661 3325 730 3367 alii
759 3324 776 3350 ‘¹
807 3325 900 3382 quia
931 3326 1133 3379 resistunt,
1164 3328 1422 3371 attrahantur

393 3404 409 3424 e
497 3384 618 3426 inviti
650 3401 659 3426 :
698 3392 714 3411 ‘
744 3397 863 3444 atque
903 3384 993 3428 ideo
1033 3387 1260 3432 volentium
1298 3388 1422 3432 susce—

536 3568 554 3588 a
578 3557 674 3598 Aliqui
696 3561 821 3598 codices,
846 3573 895 3592 nec
909 3571 1078 3602 potuerunt.

536 3599 555 3628 b
576 3599 631 3628 Ms.
654 3599 708 3633 Jol.
728 3604 857 3633 omnibus
877 3605 956 3643 ineffe
975 3605 1153 3638 hominibus.

537 3647 552 3667 c
575 3638 639 3667 ΜΠ.
660 3638 776 3680 Remig.
796 3641 825 3672 ἃ
847 3643 901 3679 Jol.
922 3644 1056 3685 ingenitis
1070 3647 1144 3685 fibi·

539 3676 556 3705 d
579 3677 633 3706 ΜΓ,
657 3679 775 3724 Remig‚
796 3683 862 3720 quia
883 3683 1024 3722 resistant.

539 3725 554 3745 e
576 3716 632 3745 Ms.
654 3718 769 3758 Remig.
790 3731 822 3749 at
843 3732 875 3750 ue
894 3726 962 3753 adeo
981 3745 990 3761 ,
1008 3725 1066 3758 &c.
1092 3726 1174 3757 Idem
1208 3727 1273 3768 post
1300 3736 1394 3768 pauca
1414 3746 1424 3765 2

499 3757 541 3785 Ue
561 3765 622 3785 cum
640 3763 709 3795 pars
730 3759 868 3789 Eccletae.

537 3793 554 3824 f
572 3796 664 3835 Lugd·
693 3795 723 3831 &
744 3799 913 3837 posteriores
939 3813 1022 3843 quam
1043 3805 1073 3834 in
1094 3807 1188 3838 Adam
1202 3807 1281 3845 fuit·

1495 413 1582 445 tem
1612 415 1664 443 ex
1693 400 1819 443 libero
1848 400 2075 458 justificetur
2105 401 2272 444 arbitrio
2295 404 2422 461 ;·glo—

1493 461 1673 504 riofiores
1702 461 1814 515 sint,¹
1832 475 1928 519 quos
1957 473 2103 504 natura
2141 465 2376 519 provexerit
2405 493 2421 518 ,

1489 534 1614 579 quam
1651 534 1748 579 quos
1786 521 1918 578 gratia
1956 520 2140 565 liberarit
2178 535 2195 561 .·
2234 522 2328 581 quia
2366 523 2418 566 ad

1487 595 1611 624 omne
1652 596 1751 639 opus
1791 583 1942 624 bonum
1981 593 2068 625 tam
2105 582 2232 624 libera
2262 582 2321 625 vfit
2348 597 2418 626 vo-

1487 643 1624 685 luntas
1653 642 1697 683 in
1728 640 1828 683 Adae
1857 640 2022 699 posteris
2042 671 2056 696 ,
2085 655 2209 699 quam
2237 643 2417 687 ⁶1in1A-
2509 660 2527 693 f

1486 701 1583 746 dam
1611 701 1734 745 fuerit
1762 713 1856 744 ante
1886 714 2120 760 peccatum.

1684 846 2048 883 CAPUT
2120 847 2213 884 XXI.

1487 928 1600 967 Redit*
1613 927 1659 964 ad
1664 932 1665 935 ’
1669 928 1846 976 susceptam
1867 927 1963 964 initio
1982 929 2197 975 defensionem
2215 927 2414 976 Augustini,

1537 991 1632 1027 quem
1650 978 1807 1026 praecipue
1834 978 2089 1027 Semipelagiani
2115 979 2310 1035 impetebant
2325 1006 2340 1026 ,
2362 992 2415 1015 ea-

1536 1029 1611 1064 dem
1628 1029 1663 1064 in
1681 1028 1773 1063 illurn
1788 1027 2005 1074 Jaelitantes,
2030 1042 2102 1076 quae
2120 1030 2205 1065 altas
2225 1029 2415 1077 Pelagiani,

1536 1078 1580 1115 (9·
1603 1078 1755 1121 Julianus
1782 1080 1918 1114 maxime
1937 1106 1946 1114 .
1983 1078 2060 1115 Illos
2088 1092 2162 1128 ergo
2188 1079 2299 1126 iisdem
2315 1080 2418 1115 armis

1535 1129 1770 1176 impugnandos
1796 1155 1807 1172 ‚
1844 1129 1961 1176 quibus
1987 1129 2164 1178 Pelagiam‘
2194 1128 2280 1164 vim
2298 1130 2376 1176 sime
2401 1155 2416 1176 ,

1535 1178 1731 1215 auHoritate
1741 1178 1866 1224 scilicet
1885 1177 2049 1220 Ecclesiae:
2075 1194 2146 1216 eum
2167 1179 2410 1227 Augustiniad-

1536 1229 1700 1276 versarios
1727 1229 1933 1263 damnatione
1953 1230 2204 1277 Pelagianorum
2229 1228 2415 1277 prostrave-

1534 1280 1581 1317 rit
1601 1279 1801 1314 Innocentius
1827 1293 1835 1313 :
1862 1280 2047 1327 eosdemque
2066 1280 2254 1317 damnarint
2280 1279 2416 1324 Palesti-

1529 1342 1573 1365 na
1592 1329 1743 1373 Synodus
1762 1356 1772 1373 ‚
1799 1330 1962 1375 Africana
1989 1330 2136 1366 Concilia
2157 1358 2167 1376 ,
2204 1330 2367 1378 Zozimus
2398 1358 2411 1376 ,

1530 1380 1716 1424 Bonifacius
1736 1406 1746 1423 ‚
1783 1380 1827 1414 (9⁰
1852 1378 2041 1422 Caelestmus
2062 1406 2072 1417 .
2104 1382 2324 1424 Quorumdam
2352 1380 2420 1416 ad·

1534 1430 1648 1476 versus
1667 1428 1829 1472 Caelestini
1855 1429 2064 1472 testimonium
2093 1430 2266 1470 cavillatio
2293 1431 2414 1478 reselli-

1530 1489 1586 1515 tur
1605 1505 1614 1515 .
1650 1478 1825 1526 Augustini
1852 1478 1999 1515 dobirina
2023 1480 2166 1527 ejusdem
2196 1481 2319 1516 tenoris
2343 1478 2413 1517 ubi-

1529 1542 1589 1579 que
1617 1529 1849 1572 demonstratur
1867 1555 1877 1565 .
1912 1531 2023 1565 Votum
2043 1530 2159 1566 sanni
2177 1530 2348 1578 prosperi,
2374 1542 2412 1567 ue

1530 1580 1654 1615 Xixtus
1683 1580 1837 1627 Pontifex
1871 1580 2004 1618 occultos
2033 1582 2153 1630 gratiae
2185 1581 2330 1618 inimicos
2363 1594 2413 1617 rea

1525 1631 1650 1678 pellat.

1485 1715 1507 1739 *
1654 1716 1704 1757 N
1734 1716 1841 1774 cujus
1870 1714 2071 1774 dogmatis
2101 1717 2192 1761 sunt
2212 1716 2405 1776 magistri,
2463 1735 2482 1755 υ
2505 1736 2585 1768 alias
2650 1756 2652 1794 5

1682 1777 1774 1833 qui,
1803 1789 1848 1819 ut
1877 1778 2167 1820 catholicarum
2208 1779 2409 1821 mentium
2423 1777 2547 1818 cvm·

1475 1834 1723 1890 castitatem,
1752 1840 1770 1868 g
1799 1838 1938 1895 gratiae
1968 1837 2410 1881 defensoribuscalum-
2488 1848 2524 1909 dg
2568 1875 2589 1909 d

1477 1894 1627 1939 niando
1658 1909 1923 1955 corrumpant
1941 1928 1955 1952 ,
1996 1899 2244 1957 praecipuum
2274 1896 2408 1947 nostro
2422 1878 2583 1959 ARuguittiiii

1477 1968 1662 2015 tempore
1693 1957 1736 1999 in
1768 1956 1951 2000 doarina
1982 1958 2242 2002 ecclesiastica
2270 1959 2405 2000 virum
2421 1958 2568 2004 defenso--

1476 2016 1616 2059 rabido
1646 2031 1715 2060 ore
1746 2011 1766 2042 ¹²
1795 2016 2026 2073 discerpunt
2044 2046 2059 2069 ,
2087 2016 2334 2073 creduntque
2364 2015 2404 2059 se
2422 2006 2592 2080 Pffi'essffss'

1477 2077 1617 2119 omnia
1648 2075 2173 2132 auetoritatummunitnina
2185 2074 2290 2132 posse
2310 2090 2405 2118 con·
2482 2079 2504 2111 h

1478 2137 1651 2188 vellere,
1681 2134 1708 2177 fi
1739 2134 1847 2176 hane
1877 2132 2083 2191 pastoralis
2112 2134 2277 2193 speculae
2307 2136 2410 2178 vali-

1477 2195 1675 2237 diffimam
1707 2194 1852 2235 turrim
1883 2194 2023 2237 crebra
2061 2195 2269 2253 Pelagiani
2309 2196 2410 2239 arie-

1477 2256 1528 2296 tis
1559 2253 1728 2296 illisione
1769 2252 2018 2310 pulsaverint
2050 2284 2060 2295 .
2101 2256 2282 2296 Firmum
2321 2256 2408 2312 qui·
2426 2278 2588 2315 „Tm”
2629 2289 2633 2290 γ

1480 2312 1573 2355 dem
1603 2312 1900 2368 fundamentum
1939 2313 2017 2354 Dei
2045 2313 2130 2369 stat
2162 2329 2172 2355 :
2212 2312 2279 2356 sed
2315 2328 2410 2356 con·
2428 2331 2474 2358 ¹9.

1481 2385 1671 2430 gruenter
1700 2372 1762 2414 isti
1793 2387 1876 2415 non
1907 2371 2049 2415 desunt
2088 2373 2268 2430 partibus
2294 2372 2409 2415 suis.

1479 2433 1669 2489 Dignum
1700 2434 1851 2489 quippe
1882 2431 1962 2485 est,
1991 2444 2035 2474 ut
2054 2447 2224 2489 quorum
2245 2432 2411 2489 sequun-

1478 2502 1544 2532 tur
1583 2491 1831 2534 sententiam
1859 2519 1874 2543 ‚
1913 2491 2127 2534 imitentur
2165 2491 2412 2535 insaniam}

1478 2549 1574 2591 Nec
1615 2551 1727 2592 enim
1768 2549 1928 2606 possunt
1968 2551 2047 2592 alia
2086 2550 2267 2605 dicere,
2289 2556 2415 2608 qnam

1477 2622 1562 2664 quae
1593 2607 1878 2651 damnatorum
1912 2610 2083 2666 querelis
2101 2640 2115 2664 ,
2154 2612 2202 2653 δε»
2233 2609 2413 2669 Ἦρα-οσα-

1477 2667 1618 2710 ciffimi
1650 2668 1799 2726 Juliani
1841 2667 1931 2711 sunt
1974 2670 2139 2727 vulgata
2179 2672 2369 2729 convitiis
2399 2701 2412 2714 .

1479 2728 1598 2770 Paria
1630 2728 1724 2771 sunt
1755 2729 1871 2771 unius
1902 2728 2066 2772 seminis
2107 2730 2334 2786 germina„
2371 2731 2414 2774 δε

1482 2785 1587 2844 quod
1617 2788 1771 2830 latebat
1801 2790 1845 2829 in
1876 2787 2098 2840 radicibus,
2125 2788 2407 2833 manifestatur

1483 2848 1524 2890 in
1557 2845 1770 2889 fruE’cibus.
1804 2847 1907 2888 Non
1938 2861 2035 2904 ergo
2066 2862 2158 2891 cum
2189 2847 2270 2891 istis
2302 2863 2413 2893 nova

1480 2907 1565 2949 acie
1596 2903 1871 2948 dimicandum
1903 2905 1992 2962 est;
2024 2921 2100 2949 nec
2129 2907 2237 2965 quasi
2269 2915 2413 2953 comta

1480 2968 1640 3024 ignotos
1688 2964 1819 3008 hostes
1864 2965 2054 3024 specialia
2105 2966 2209 3012 sunt.
2234 2967 2412 3012 ineunda

1479 3025 1726 3070 certamina.
1758 3028 1879 3068 Tunc
1910 3025 2072 3069 istorum
2104 3027 2411 3070 machinae-fra-

1479 3086 1547 3129 &ae
1577 3085 1691 3139 sunt,
1719 3097 1816 3128 tunc
1846 3086 1890 3128 in
1922 3086 2111 3144 superbiae
2142 3083 2170 3113 ¹²-
2191 3085 2264 3129 suae
2287 3086 2409 3130 -so'ciis
2485 3107 2506 3128 κ
2543 3136 2550 3144 ·
2577 3136 2583 3142 η

1479 3161 1525 3190 ac
1556 3145 1805 3204 principibus
1836 3157 2100 3199 corruerunt,
2129 3145 2289 3201 quando
2318 3146 2408 3190 bea·
2424 3134 2585 3209 ξῇξξὲἶω

1479 3219 1530 3249 tae
1560 3205 1765 3247 memoriae
1795 3205 2055 3249 Innocentius
2095 3203 2262 3247 nefandi
2302 3221 2407 3249 erro·
2424 3219 2485 3262 rios
2506 3216 2590 3249 dam-

1482 3267 1536 3308 ris
1566 3265 1702 3324 capita
1732 3263 1948 3323 apostolico
1979 3279 2169 3307 mucrone
2201 3267 2406 3323 percussit:
2424 3265 2555 3329 ἓξῖζοῗί

1481 3324 1641 3383 quando
1663 3325 1868 3383 Pelagium
1897 3323 1948 3368 ad
1977 3323 2275 3382 proferendam
2292 3327 2334 3371 in
2367 3326 2405 3370 se
2424 3308 2533 3370 norugm

1481 3384 1641 3442 suosque
1670 3384 1940 3439 sententiam,
1970 3384 2265 3429 Palaestinorum
2307 3388 2408 3446 Epi·
2423 3377 2549 3425 PF⁰st¹²·

2422 3427 2468 3452 vit
2478 3420 2590 3457 &Inno-

2268 3444 2350 3490 [ΕΟ-
2426 3459 2540 3491 centius
2549 3478 2559 3487 .

2443 3496 2588 3531 Palestina
2638 3512 2641 3525 r

1518 3573 1539 3602 g
1561 3562 1646 3603 Mog.
1667 3561 1698 3593 &
1719 3562 1796 3592 Ven.
1806 3562 1914 3632 'gratie
1933 3563 2086 3603 desenlbres
2106 3564 2326 3597 calumniando,
2427 3537 2588 3581 synodm·

1520 3603 1539 3632 h
1560 3602 1627 3634 ΜΠ.
1647 3602 1737 3633 Corb.
1755 3601 1786 3632 ἃ
1836 3603 1924 3643 emig.
1946 3603 2034 3645 Mog·
2055 3603 2086 3637 &
2107 3606 2190 3637 Ven.
2208 3605 2279 3637 edit.
2302 3613 2413 3636 concer-

1479 3650 1642 3718 puinssdit.
1672 3680 1773 3724 Lugd.
1789 3681 1820 3713 δι
1841 3681 2031 3723 posteriores,
2074 3685 2269 3726 rocaetffimn's.

1524 3723 1543 3753 k
1565 3723 1757 3763 Participium
1779 3722 1835 3753 hoc
1857 3724 1952 3762 sue.v
1967 3735 2003 3756 ex
2070 3725 2098 3758 η’.
2125 3725 2214 3758 Corb.
2240 3725 2358 3766 Remig.
2383 3723 2415 3757 ὅ(

1482 3763 1615 3838 &image
1636 3773 1697 3795 non
1718 3774 1753 3796 ex
1777 3764 1862 3804 Mog.
1887 3763 1918 3796 δι
1946 3765 2023 3798 Ven.
2051 3767 2120 3800 edit.
2148 3765 2217 3798 huic
2244 3765 2312 3798 loco
2339 3764 2419 3797 resti.
