2652 4126
99 2887 206 2922 Crucis
225 2891 257 2921 fi.

78 2937 172 2970 gnum
197 2930 255 2962 effi.

78 2967 158 2998 ssurn
185 2971 218 3001 in

77 3007 251 3046 Euphemiae

77 3056 192 3087 capite.

531 151 1142 215 PHOT1ANA
1228 160 1854 212 ExcERPTA.

274 248 344 293 ejus
354 249 545 284 certaminis
555 247 643 283 diem
656 273 668 290 ‚
681 262 899 288 communem
909 264 946 288 ac
957 255 1059 288 totius
1073 250 1194 299 Populi

274 308 444 333 conventu
454 296 564 334 laetam
573 298 726 339 facientes
742 300 989 338 celebritatem.
1017 306 1104 339 Sacri
1124 305 1197 350 qui-

275 346 352 383 dem
361 346 642 383 sacramentorum
658 351 724 384 Dei
737 354 934 398 interpretes
953 352 1020 400 jugi
1041 351 1195 388 sermone

274 400 479 434 memoriam
490 396 675 449 honorant,
683 399 893 449 populosque
901 405 1150 443 convenientes,
1159 412 1196 437 ut

275 446 332 483 illa
345 450 510 494 patientiae
521 458 690 483 certamen
701 449 983 487 consummaverit
996 476 1007 493 ,
1026 455 1121 487 omni
1135 451 1198 488 stu-

274 496 334 534 dio
346 496 550 533 informant:
568 496 664 534 sed&
677 500 958 548 pictorpietati&
969 501 1035 549 ipse
1045 501 1176 538 studens
1187 526 1198 543 ‚

275 550 354 584 artis
365 559 488 595 opera,
506 545 682 583 historiam
702 559 810 585 totam
829 552 864 586 in
875 550 1032 593 findone,
1050 551 1199 599 quamli-

277 601 349 634 cuit
367 601 446 632 viva
467 598 674 645 expreffione
693 598 882 645 designans,
908 599 1033 637 ibidem
1055 603 1143 644 iuxta
1154 600 1200 637 st:-

278 644 461 694 pulchrum
480 645 602 683 {acram
622 646 662 682 ad
680 646 905 695 [perfiaculum
917 651 1076 699 appendit
1094 649 1198 687 tabel-

276 697 344 733 lam
356 723 365 732 .
391 700 563 733 Sic‘autem
575 693 676 732 habet
686 701 764 734 artis
774 698 843 734 hoc
854 700 1049 747 praeclarum
1059 713 1145 748 opus
1156 727 1164 735 .

325 745 422 783 Sedet
439 745 546 788 Judex
568 744 698 782 throno
720 746 889 791 sublimis,
915 749 1037 786 acerbo
1054 763 1091 787 ac
1109 753 1195 786 truci

277 796 375 834 vultu
395 807 557 832 contuens
567 798 764 841 Virginem.
793 803 857 834 Ars
867 803 991 848 quippe
1012 803 1195 836 ininanimi
1218 803 1221 809 '

276 856 412 895 quoque
424 849 561 883 materia
573 846 722 882 irascitur
731 872 742 889 ‚
753 861 829 884 cum
841 848 932 884 lubet
945 877 951 884 .
965 855 1073 885 Porro
1084 849 1199 890 adsunt

277 896 486 944 magistratus
496 895 650 932 satellites
660 921 670 938 ‚
681 909 717 932 ac
728 897 850 933 milites
862 911 929 934 non
942 904 1034 946 pauci
1047 925 1057 941 ‚
1077 913 1113 935 ac
1125 903 1198 947 qui-

277 947 354 985 dem
373 946 686 982 commentarienses
698 971 710 988 ,
734 945 860 983 tabulas
880 948 991 984 ferunt
1011 962 1048 985 ac
1069 949 1196 995 stylo„

276 1009 424 1045 quorum
435 996 519 1032 alter
529 1008 664 1032 manum
676 1008 693 1030 e
704 1009 777 1031 cera
788 997 929 1034 educens
939 1023 950 1039 ‚
963 999 1084 1034 intense
1095 999 1200 1047 adspi-

277 1051 324 1084 cit
336 1050 368 1083 in
379 1046 560 1083 adstantem
573 1046 695 1088 iudicio
708 1050 1008 1094 Virginem,totam
1020 1049 1198 1085 deflectens

277 1097 394 1134 faciem
407 1122 419 1138 ‚
429 1107 587 1144 tanquam
602 1095 709 1139 jubeat
721 1096 817 1143 loqui
830 1097 950 1133 clarius
961 1124 972 1140 ,
983 1110 1019 1134 ut
1029 1112 1068 1134 ne
1079 1098 1200 1135 diffici-

276 1148 309 1185 le
319 1147 454 1184 audiens
467 1172 478 1189 ,
492 1145 648 1182 mendosa
659 1145 776 1182 stribat
786 1171 797 1187 ‚
818 1159 855 1182 ac
864 1146 962 1192 digna
974 1147 1200 1195 reprehensio-

276 1211 336 1234 ne.
359 1196 479 1234 Adstat
488 1206 597 1233 autem
612 1198 722 1243 Virgo
732 1195 824 1243 pulla
837 1195 925 1232 veste
935 1223 944 1238 ‚
964 1211 1001 1232 ac
1013 1198 1116 1244 pallio
1127 1198 1202 1246 phi-

277 1246 472 1294 Iosophiam
484 1243 685 1294 profeffa‚ut
693 1247 830 1294 quidem
845 1251 975 1293 putavit
987 1250 1097 1294 ρῐᾶοι·
1106 1272 1118 1290 ,
1129 1248 1202 1296 ipso

276 1310 412 1346 quoque
422 1296 518 1334 vultu
529 1295 658 1343 lepida:
677 1307 713 1334 ut
723 1307 833 1332 autem
845 1298 853 1331 i
857 1296 911 1344 pst:
921 1297 1080 1333 existimo
1091 1323 1102 1340 ,
1111 1310 1202 1346 egre-

276 1351 331 1396 gie
357 1358 482 1384 ornato
502 1343 683 1382 virtutibus
701 1349 816 1381 animo
837 1371 845 1378 .
871 1348 1012 1383 Ducunt
1031 1359 1141 1384 autem
1160 1348 1202 1384 ad

277 1397 448 1447 praesidem
459 1397 530 1432 duo
541 1396 664 1439 milites
683 1409 692 1433 a
710 1395 794 1432 alter
804 1395 940 1443 quidem
960 1408 1033 1434 ante
1045 1397 1179 1434 trahens
1190 1422 1201 1441 ,

277 1449 362 1485 alter
382 1460 490 1484 veroa
501 1457 598 1489 tergo
615 1449 729 1491 vigens
741 1472 748 1480 .
778 1451 888 1482 Porro
898 1450 1050 1493 Virginis
1070 1446 1200 1484 habitus

277 1498 410 1547 pudore
429 1510 467 1533 ac
476 1495 662 1532 constantia
685 1499 809 1537 mixtus
820 1500 922 1532 enitet
934 1525 942 1532 .
964 1498 1110 1535 Inclinat
1127 1501 1202 1546 qui-

278 1548 355 1585 dem
368 1574 379 1591 ‚
404 1561 441 1583 ac
450 1559 571 1583 cernua
582 1545 701 1581 oculos
712 1546 855 1582 dimittit
875 1557 1032 1595 tanqua-m
1043 1551 1200 1585 virorum

277 1597 470 1635 erubescens
483 1595 639 1633 obtutus:
651 1594 712 1631 stat
724 1609 807 1632 vero
818 1598 1056 1644 imperterrita,
1069 1597 1155 1634 nihil
1167 1602 1202 1634 in

277 1651 460 1686 certamine
470 1646 629 1683 timidum
643 1646 1017 1693 patiens.Q1amobrem
1029 1661 1104 1684 cum
1118 1648 1202 1683 alios

276 1697 440 1739 hactenus
453 1698 600 1745 piaores
613 1721 625 1738 ,
645 1695 821 1733 Colchicae
831 1696 922 1734 illius
942 1698 1093 1734 mulieris
1113 1697 1204 1734 fabu-

278 1749 345 1785 lam
357 1751 530 1786 contuitus
543 1746 710 1782 laudarem
720 1761 730 1782 x
739 1758 776 1782 ut
785 1746 934 1794 gladium
947 1747 1024 1784 filiis
1033 1748 1203 1789 adactum,

276 1797 508 1836 misericordia
527 1809 565 1832 ac
577 1799 625 1833 ira
635 1796 800 1833 divideret
818 1797 936 1834 faciem
950 1823 961 1840 ,
981 1811 1018 1834 ac
1027 1799 1111 1842 alter
1130 1802 1203 1845 qui·

274 1848 354 1886 dem
364 1848 482 1885 oculus
493 1851 577 1883 iram
588 1845 779 1884 ostenderet
791 1872 803 1890 ,
820 1846 903 1884 alter
915 1859 1054 1894 matrem
1064 1843 1203 1897 ‘parcen-

273 1908 344 1935 tem
354 1912 392 1936 ac
402 1898 527 1934 facinus
538 1895 736 1934 horrentem
747 1923 760 1940 ,
778 1897 958 1943 designaret
979 1913 987 1935 :
1005 1911 1094 1935 nunc
1106 1898 1202 1946 plane

272 1948 316 1986 ab
336 1962 372 1985 ea
391 1950 599 1995 cogitatione
625 1946 666 1984 ad
695 1946 782 1985 hanc
810 1948 979 1996 pisturam
1005 1949 1200 1985 admiratio-

273 2011 354 2036 nem
364 2001 543 2040 converti,
562 2001 756 2046 mirumque
767 2003 802 2035 in
813 1998 955 2035 modum
975 2000 1135 2047 opificem
1148 1999 1209 2035 ad·-

273 2052 383 2093 miror
394 2059 452 2092 ‚ut
462 2051 647 2086 accuratius
658 2060 772 2085 mores
782 2060 884 2096 quam
899 2049 1033 2086 colores
1043 2049 1182 2086 miscens
1192 2067 1205 2092 ‚-

273 2098 442 2147 pudorem
453 2097 548 2133 fimul
560 2110 597 2133 ac
606 2098 843 2135 fortitudinem
856 2123 868 2140 ‚
883 2099 1075 2136 affeffiones
1085 2103 1204 2147 utique

272 2161 334 2197 per
353 2157 502 2183 naturam
513 2150 698 2181 contrarias
709 2171 722 2187 ,
748 2149 904 2193 praeclare
919 2153 1116 2198 temperarit
1129 2177 1136 2185 .

317 2196 475 2241 Ulterius
495 2205 606 2233 autem
644 2194 824 2231 roce'dente
838 2199 1050 2238 imitatione,
1075 2200 1207 2235 carnifi-

273 2258 327 2282 ces
339 2246 476 2294 quidam
497 2248 531 2285 in
543 2244 617 2284 laevi
667 2257 681 2280 s
691 2243 773 2281 nudi
785 2247 907 2281 tunicis
918 2270 930 2287 ,
950 2250 1045 2293 operi
1059 2248 1122 2288 jam
1133 2247 1204 2281 inii-

276 2294 406 2335 stebant
425 2309 434 2330 ι
461 2306 498 2330 ac
507 2293 592 2329 alter
601 2292 739 2340 quidem
751 2293 1007 2341 apprehendens
1018 2306 1119 2343 caput
1129 2321 1140 2338 ,
1166 2309 1204 2331 ac

273 2357 370 2383 retro
381 2343 554 2382 inflectens
564 2367 577 2386 ,
597 2342 694 2381 alteri
705 2355 742 2379 os
753 2345 906 2390 Virginis
917 2343 1086 2391 praebebat
1105 2352 1206 2391 cxpe—

271 2396 384 2440 ditum
406 2393 447 2432 ad
459 2394 593 2441 poenam
608 2405 619 2428 ι
635 2392 721 2430 aiter
729 2404 840 2429 autem
851 2393 981 2429 adstans
993 2419 1004 2436 ,
1023 2393 1138 2429 dentes
1149 2406 1205 2428 ex-

272 2444 442 2487 cutiebat.
455 2448 580 2481 -Porro
599 2441 755 2490 supplicii
765 2452 913 2489 organa,
937 2442 1077 2479 malleus
1089 2442 1205 2478 viden-

274 2508 355 2542 tun,
379 2500 414 2533 &
425 2491 556 2532 terebra
566 2519 574 2527 .
602 2495 764 2533 Ceterum
776 2491 1094 2541 resoluendeinceps
1115 2495 1146 2527 in
1159 2491 1203 2528 la<

274 2546 438 2592 chrymas
449 2570 461 2588 ‚
479 2540 631 2591 mihique
643 2539 777 2578 affectio
799 2546 972 2590 intercipit
993 2541 1181 2578 sermonem
1194 2557 1204 2577 .’

276 2601 330 2635 Sic
338 2601 435 2637 ,enim
452 2593 742 2643 perspicneguttas
752 2591 1090 2639 sanguinis'adpinxit
1110 2595 1203 2639 peni-

274 2647 373 2687 cillus
383 2671 396 2690 ,
405 2656 441 2682 ut
452 2657 530 2681 vere
541 2643 629 2679 dicas
639 2656 656 2679 a
667 2641 763 2679 labiis
776 2641 878 2678 fluere
887 2667 899 2684 ‚
910 2647 949 2678 ac
961 2642 1144 2678 lamentans
1154 2641 1204 2677 di-

274 2697 383 2742 scedas
393 2723 401 2732 .
413 2699 542 2732 Iterum
553 2706 666 2730 carcer
675 2717 687 2735 ,
699 2695 821 2728 iterum
834 2691 920 2729 casta
929 2695 1044 2739 Virgo
1054 2695 1088 2728 in
1102 2691 1204 2740 pullis

275 2745 423 2792 vestibus
433 2744 543 2781 sedens
554 2743 622 2779 sola
634 2767 653 2786 ,¹
671 2755 787 2779 manus
797 2741 909 2778 ambas
930 2741 1082 2778 extendit
1093 2746 1204 2778 imcoe-

273 2797 348 2835 lum
359 2820 372 2841 2
394 2799 576 2842 Deumque
589 2797 622 2829 in
634 2792 729 2829 malis
740 2792 928 2838 adjutorem
938 2795 1074 2828 invocat
1086 2819 1093 2828 .
1119 2792 1205 2829 Por-

275 2860 317 2885 ro
327 2849 439 2892 oranti
451 2845 500 2881 illi
510 2858 525 2880 a
530 2853 648 2892 pparet
660 2841 756 2890 super
766 2843 833 2888 ejus
842 2853 943 2890 caput
953 2867 965 2885 ,
973 2841 1101 2889 signum
1115 2841 1202 2878 illud

275 2894 369 2946 quod
379 2894 566 2933 Christiani
577 2893 715 2929 adorare
735 2905 771 2928 ac
781 2896 961 2940 appingere
972 2891 1121 2928 solemne
1140 2890 1202 2935 Ιιει-Δ

275 2948 362 2988 δεῦε
376 2960 387 2985 t
411 2956 564 2995 putoque
584 2945 769 2990 appetentis
791 2943 947 2990 pastionis
973 2941 1168 2988 symbolum
1191 2969 1198 2976 .

275 2992 462 3044 Moxsergo
471 3020 484 3038 ,
509 3007 546 3031 ac
555 2992 633 3041 post
645 2991 820 3028 modicum
831 3017 842 3034 ‚
869 2995 980 3040 ignem
991 2991 1140 3028 validum
1152 2992 1203 3026 lo·

275 3062 322 3091 co
328 3048 398 3092 alio
406 3043 556 3083 accendit
567 3044 682 3092 pictor
693 3067 704 3084 ,
723 3039 891 3078 hincinde
901 3041 1053 3078 rutilanti
1066 3040 1200 3077 rubrica

274 3096 478 3140 condensans
497 3094 689 3131 flammam.
713 3094 832 3128 Statuit
843 3104 927 3128 vero
936 3095 1115 3138 Virginem
1134 3103 1203 3127 me-

274 3138 388 3190 diam,
413 3143 565 3194 expansis
587 3142 724 3190 quidem
735 3140 889 3178 manibus
909 3145 940 3177 in
955 3140 1080 3177 coelum
1093 3166 1104 3183 ‚
1130 3141 1206 3177 nul-x

274 3190 347 3235 lam
354 3208 467 3239 tamen
477 3194 574 3231 vultu
587 3192 819 3241 praeferentem
830 3190 1001 3228 tristitiam
1015 3190 1088 3229 3sed
1098 3194 1205 3238 magis

274 3247 473 3295 gaudentem
486 3270 497 3288 ‚
523 3247 574 3280 uti
587 3241 630 3279 ad
647 3245 884 3289 incorpoream
903 3255 940 3277 ac
960 3240 1088 3277 beatam
1108 3252 1204 3277 com-

273 3302 476 3345 migrantem
496 3298 600 3331 vitam
615 3320 623 3328 .
648 3293 821 3329 Hactenus
831 3303 910 3328 cum
931 3292 1043 3339 pistor
1062 3302 1202 3327 manum

272 3341 382 3388 senuit
395 3360 407 3387 ‚·
424 3356 497 3382 tum
508 3357 572 3391 ego
581 3369 594 3386 ‚
604 3342 792 3379 sermonem
803 3354 840 3378 ac
850 3340 997 3388 lingnam
1010 3368 1017 3376 .
1029 3344 1205 3377 Caeterurnr

274 3409 410 3446 tempus
419 3394 483 3434 tibi
493 3394 539 3431 est
552 3420 563 3436 ‚
589 3403 626 3430 ut
637 3391 785 3439 &ipsam
806 3391 828 3427 fi
839 3390 921 3426 velis
932 3415 944 3433 ,
971 3391 1136 3438 pidffuram
1147 3389 1202 3433 abf

274 3448 383 3492 solita}
403 3461 414 3491 ².
438 3458 511 3495 quo
520 3445 616 3493 plene
629 3442 804 3491 perspicias
816 3466 828 3484 ‚
847 3453 929 3478 num
940 3441 1039 3489 longe
1059 3444 1203 3489 impares

274 3497 461 3539 enarrando
480 3495 643 3534 fixerimus
658 3520 666 3529 .
1184 3511 1202 3514 »

333 3775 336 3780 l
357 3791 391 3837 Sl
413 3796 535 3841 ,AJlerii
545 3824 553 3831 .

2068 175 2168 228 301

1266 268 2173 301 ....-...--—------,-⁴.i--‚--—-.......-...-.

1362 334 1689 389 EXCERPTA
1722 332 2077 397 moa-mula„
2114 385 2119 388 .
2175 371 2177 373 ·

1256 449 1376 509 :Asterii
1395 450 1543 509 armaseae
1559 450 1700 499 Eptfcopi
1723 457 1827 488 Sermo
1842 450 2032 488 hortatorius
2048 452 2089 488 aa
2098 454 2177 490 Poe'ss'.
2226 500 2233 504 ἱ

1258 509 1504 592 Ζεὲἕιιιΐνῗιέἴῖἶτ
1518 584 1521 587 ,
1534 557 1568 587 Β.
1587 549 1709 593 ,Λβενίἰ
1733 549 1876 597 Episcopi
1888 536 2181 596 ..simultas-erma„

1305 612 1342 637 ne
1360 600 1529 636 hortatorio
1549 602 1588 636 ad
1596 603 1807 645 poenitentiam
1819 627 1827 636 .
2026 632 2029 634 .
2077 620 2098 637 4;
2203 618 2209 625 ·

1258 702 1428 787 LUcas
1447 702 1578 746 itaque,
1604 703 1795 737 animorum
1806 705 1908 749 magis
1927 715 2029 751 quam
2046 707 2171 752 corpo-⁴

1365 761 1440 785 rum
1450 749 1598 784 medicus
1609 774 1620 791 ‚
1645 749 1751 796 ipsum
1762 754 1876 787 Deum
1896 752 2047 790 nostrum
2057 768 2095 791 ac
2103 755 2172 791 Sal—

1257 809 1408 834 vatorem
1419 821 1431 839 ‚
1456 811 1534 834 cum
1551 798 1690 846 perditis
1699 813 1736 835 ac
1756 801 1911 847 projesta}
1920 806 2040 839 mentis
2058 804 2173 841 homi-

1258 847 1353 884 nibus
1371 847 1485 885 scribit
1510 847 1619 884 lenem
1640 849 1804 886 versatum
1816 863 1853 886 ac
1871 850 2002 888 facilem
2021 866 2031 888 τ
2057 866 2125 890 non
2134 864 2173 890 ut

1257 910 1375 933 eorum
1401 901 1475 933 vitii
1497 910 1534 933 ac
1552 898 1688 934 malitiae
1702 897 1875 936 assumeret
1890 901 2017 950 aliquid
2028 927 2041 945 ,
2065 902 2119 939 sed
2135 906 2174 940 ut'

1262 946 1352 982 suam
1370 951 1416 983 eis
1426 947 1579 991 justitiam
1591 951 1781 995 impertiret
1791 977 1799 985 .
1828 952 1962 987 Etenim
1973 952 2052 993 Sol,
2077 965 2177 1001 quoa

1261 1007 1375 1033 creato
1386 1000 1559 1034 Creator-is
1569 998 1790 1043 providentiae
1801 999 1963 1047 specimen
1973 999 2154 1038 habeamus
2163 1022 2185 1045 ,‹

1260 1060 1328 1082 non
1341 1057 1489 1095 patentes
1499 1046 1606 1082 modo
1616 1059 1753 1095 campos
1763 1048 1905 1085 illustrat
1915 1074 1927 1091 ,
1946 1062 2064 1086 verum
2075 1056 2176 1088 'etiam

1259 1109 1422 1133 concavas
1434 1106 1542 1144 partes
1551 1109 1588 1135 ac
1598 1097 1790 1133 cavernosas
1801 1126 1809 1133 .
1829 1102 1899 1143 Qui
1911 1099 2002 1146 spem
2012 1100 2110 1136 semel
2120 1114 2177 1137 cu-

1260 1150 1398 1183 rationis
1407 1145 1524 1191 abjecit
1533 1170 1545 1187 ‚
1554 1157 1665 1183 totum
1678 1145 1708 1182 se
1719 1147 1843 1184 morbo
1853 1152 2019 1197 mancipat
2028 1176 2036 1185 .
2056 1153 2108 1187 Sic
2118 1154 2186 1198 qui'
2194 1176 2238 1207 Lu

1261 1200 1425 1232 vitiorum
1437 1209 1474 1232 ac
1483 1193 1699 1232 affectionum
1711 1199 1859 1234 vistores
1866 1197 2091 1242 evaserunt,ac
2100 1213 2179 1236 vere
2197 1187 2263 1254 ¹95⁸
2274 1187 2318 1210 ¹⁰⁰
2330 1189 2366 1211 ν’

1260 1246 1358 1294 super
1368 1245 1533 1294 serpentes
1543 1269 1554 1286 ‚
1568 1258 1606 1282 ac
1615 1246 1807 1294 scorpiones
1815 1247 2006 1286 ambulants
2026 1262 2087 1285 nec
2099 1250 2177 1287 illos
2223 1257 2293 1287 Non
2320 1258 2366 1286 de-

1261 1296 1356 1332 decet
1364 1295 1406 1332 ad
1424 1295 1511 1332 suam
1523 1295 1757 1333 fortitudinem
1771 1322 1782 1338 ,
1806 1297 1949 1334 aliorum
1959 1298 2120 1335 aestimare
2130 1303 2180 1335 vi·
2195 1295 2262 1327 bent
2272 1296 2372 1342 (0⁸50-

1261 1356 1341 1382 tam:
1351 1345 1405 1382 sed
1417 1347 1496 1382 Deo
1506 1345 1655 1393 quidem,
1665 1347 1757 1390 cujus
1768 1345 1933 1383 beneficio
1941 1351 2101 1385 virtutem
2112 1349 2179 1396 ges-
2196 1347 2238 1406 ΥΞ*
2246 1337 2369 1406 {mg-¹⁰²

1261 1396 1385 1438 serunt,
1394 1399 1512 1444 gratias
1523 1407 1633 1442 agere;
1646 1395 1923 1434 imbecillioribus
1933 1408 2043 1433 autem
2055 1411 2122 1434 non
2133 1402 2184 1434 in—'
2195 1386 2350 1447 inargaevl:

1261 1445 1393 1487 sultare,
1403 1444 1456 1482 sed
1470 1445 1651 1481 fraternam
1662 1450 1707 1481 eis
1715 1445 1867 1483 dextram
1881 1450 2180 1495 porrigere.AEmu-
2198 1465 2275 1487 ram.

1260 1496 1376 1544 lamini
1388 1494 1586 1531 charitatem
1601 1494 1753 1531 Christi:
1773 1498 1835 1538 jam
1856 1501 1946 1533 enim
1957 1497 1986 1533 se
1997 1510 2056 1546 per
2066 1497 2180 1534 homi-

1264 1559 1341 1581 nem
1351 1543 1549 1582 hominibus
1558 1543 1757 1588 ostensurus,
1769 1549 1929 1588 loannem
1941 1547 2096 1595 praemifit
2108 1558 2180 1596 poe-
2203 1555 2373 1590 Luc.t.v.76.

1264 1599 1413 1632 nitentiae
1423 1594 1549 1631 sacrum
1562 1606 1749 1642 praeconem
1761 1623 1768 1631 .
1788 1600 1962 1643 Interroga
1973 1602 2109 1634 Petrum
2121 1622 2132 1639 ‚
2142 1609 2179 1633 ut

1266 1645 1462 1696 poenitendo
1474 1645 1649 1681 mundatus
1660 1645 1698 1681 fit
1707 1670 1719 1687 ‚
1730 1658 1838 1694 neque
1850 1649 1883 1682 in
1893 1650 2063 1682 Simonem
2077 1646 2179 1683 redie-

1264 1700 1308 1731 rit
1319 1721 1330 1737 ,
1356 1695 1410 1732 sed
1430 1694 1590 1742 Apostoli
1602 1693 1770 1731 honorem
1793 1699 1966 1732 retinuerit
1978 1724 1985 1731 .
2013 1695 2182 1744 Equidem
2191 1694 2278 1731 an·
2290 1701 2332 1725 ²¹-
2345 1703 2374 1723 v·

1263 1744 1423 1786 arbitror,
1433 1744 1549 1785 Judam
1562 1757 1698 1792 quoque
1708 1746 1921 1792 proditorem
1934 1746 2045 1789 illum,
2055 1745 2114 1781 nifi
2123 1744 2184 1782 sta·
2205 1741 2252 1769 ¹3·

1262 1799 1326 1830 tim
1339 1794 1538 1830 suicarnifex
1557 1794 1662 1830 faetus
1673 1793 1731 1830 fibi
1753 1793 1906 1839 injecisset
1916 1808 2054 1837 manus,
2079 1794 2132 1831 sed
2143 1794 2184 1831 ad
2222 1821 2237 1857 J
2259 1820 2276 1850 d
2298 1830 2310 1850 s
2327 1820 2340 1851 f
2356 1820 2376 1850 1·

1263 1858 1368 1892 genua
1377 1843 1528 1881 accidens
1538 1843 1800 1881 misericordiam
1813 1845 2006 1893 deprecatus
2015 1844 2090 1880 esset
2101 1870 2112 1887 ‚
2131 1858 2187 1881 or·
2204 1831 2316 1892 ,7225‘23
2337 1832 2376 1889 ff„

1265 1895 1297 1931 bi
1309 1895 1401 1931 illam
1423 1893 1579 1930 universo
1598 1892 1828 1941 supereffusam
1839 1893 2092 1930 consecuturum
2113 1894 2188 1931 suis-
2205 1901 2351 1940 poeniiens

1263 1945 1312 1981 se.
1338 1944 1439 1981 Hisce
1450 1956 1558 1981 autem
1571 1954 1769 1991 argumento
1781 1944 1874 1987 sunt,
1894 1944 2187 1992 quiecrucifigen-
2205 1950 2262 1970 ¹¹⁰⁰
2281 1940 2379 1980 despe-

1263 1995 1351 2033 tibus
1360 1994 1401 2032 ad
1427 1998 1660 2044 poenitentiam
1675 1993 1816 2038 reversi,
1843 1994 2039 2042 poenitendo
2049 1994 2185 2037 fil‘ut'em
2204 1979 2317 2050 2²2⁶&
2350 2030 2363 2053 7

1263 2046 1373 2095 adepti
1384 2045 1458 2082 sunt
1470 2073 1477 2081 .
1487 2044 1626 2093 Ligabat
1635 2044 1807 2093 quondam
1818 2043 2032 2082 Christianos
2043 2044 2191 2095 Paul'usi
2258 2041 2264 2049 ’
2286 2042 2294 2050 ’
2319 2027 2342 2057 '3
2368 2040 2375 2046 ’

1264 2096 1482 2146 postmodum
1502 2107 1611 2132 autem
1632 2106 1762 2131 catenas
1774 2095 1838 2143 ipse
1858 2108 1922 2143 pro
1943 2093 2194 2142 christozporae
2204 2088 2337 2119 “HS-<⁹
2345 2097 2374 2124 9·

1266 2159 1337 2183 tans
1348 2151 1361 2188 ,'
1371 2149 1512 2182 crimina
1522 2145 1670 2182 dissoluit
1681 2173 1688 2181 .
1703 2150 1744 2182 La
1751 2145 1880 2193 pidavit
1890 2144 2097 2193 Stephanum
2108 2169 2119 2186 ,
2130 2144 2188 2179 std
2204 2131 2268 2161 ΕΠ·

1267 2197 1430 2243 lapidatus
1452 2207 1622 2242 peccatum
1634 2199 1802 2244 expiavit.
1829 2198 1912 2232 Haec
1923 2195 2057 2230 noscens
2072 2190 2188 2243 :Moyss

1267 2244 1312 2278 ses
1324 2268 1335 2283 ,
1361 2243 1472 2278 homo
1482 2247 1572 2278 enim
1585 2245 1670 2284 fuit,
1696 2244 1918 2292 noscebatque·
1938 2252 2113 2286 naturam',
2127 2248 2187 2279 ‘vi-

1266 2293 1375 2328 tulum
1389 2292 1461 2327 fieri
1475 2304 1538 2338 pro
1549 2291 1717 2328 sacerdote
1730 2291 1898 2341 praecepi't:
1909 2294 2006 2340 plane
2015 2303 2187 2340 tamquam
2223 2318 2301 2347 13de
2333 2326 2348 2348 ²

1266 2355 1308 2377 eo
1319 2345 1376 2388 qui
1389 2345 1513 2387 peccati
1525 2353 1599 2376 reus
1609 2340 1686 2376 effer
1698 2367 1708 2382 ‚
1735 2355 1773 2377 ac
1781 2354 1867 2391 opus
1877 2346 2068 2389 expiatione
2080 2340 2190 2377 'habe-
2203 2368 2236 2389 v.
2253 2367 2279 2388 1,
2301 2342 2308 2349 ‘
2353 2329 2382 2355 9-

1267 2401 1317 2425 ret
1327 2416 1336 2425 .
1350 2389 1457 2434 Quod
1467 2390 1622 2425 autemid
1635 2393 1798 2437 temporis
1808 2402 1878 2426 erat
1888 2391 2027 2427 carnalis
2039 2390 2162 2427 vitulus
2173 2416 2186 2434 ‚

1266 2438 1335 2474 hoc
1352 2438 1460 2473 modo
1482 2441 1681 2485 poenitentia
1698 2442 1898 2487 incorporea
1914 2452 1931 2482 ²,
1955 2452 1994 2475 ac
2012 2444 2187 2478 incruenta

1265 2491 1377 2524 oratio
1386 2486 1434 2523 est
1445 2514 1451 2521 .
1478 2491 1516 2523 In
1527 2497 1657 2524 tanturn
1666 2500 1776 2525 autem
1789 2489 1885 2526 decet
1895 2487 2188 2527 Sacerdotem-stii-

1261 2538 1338 2573 dere
1350 2538 1536 2573 clementiae
1546 2562 1557 2578 ,
1578 2549 1614 2574 ut
1625 2537 1682 2574 etfi
1693 2541 1866 2575 Dominus
1885 2539 2064 2588 quemdam
2076 2540 2187 2576 excidi

1264 2586 1387 2634 jufferit
1398 2612 1410 2629 ‚
1422 2599 1481 2623 ceu
1495 2587 1724 2635 infrugiferam
1735 2588 1892 2626 arborem
1913 2614 1925 2632 ,
1943 2593 1951 2625 i
1955 2589 2009 2637 pie
2019 2589 2187 2625 tamen-sa·
2203 2571 2379 2642 3:232?-

1265 2641 1350 2673 toris
1372 2636 1537 2684 instarque
1556 2637 1722 2681 cultoris,
1747 2643 1878 2675 veniam
1897 2652 1935 2675 ac
1954 2643 2117 2687 temporis
2138 2652 2188 2675 re-
2202 2652 2281 2681 decet
2304 2654 2360 2683 cic-

1267 2688 1455 2724 miffionem
1466 2686 1621 2734 deposcat
1632 2714 1640 2722 .
1652 2691 1757 2724 Hunc
1767 2694 1856 2726 enim
1870 2689 1988 2726 sterilis
2000 2690 2082 2725 ficus
2093 2689 2188 2725 intel·
2204 2693 2312 2722 mentia
2322 2713 2330 2723 ·

1263 2737 1391 2773 le&um
1401 2734 1563 2778 exhibet,
1587 2741 1644 2785 qui
1659 2741 1691 2773 in
1704 2739 1894 2786 Evangelio
1916 2739 2025 2775 sermo
2043 2735 2184 2786 scriptus

1262 2786 1328 2823 est·-
1342 2785 1489 2823 Attende
1502 2786 1679 2823 mulierem
1693 2791 1910 2835 peccatricem
1924 2803 1932 2823 ε
1951 2801 2019 2823 non
2030 2792 2058 2823 ei
2070 2792 2185 2824 convi-
2202 2791 2376 2827 Luc.x3.v-6.

1262 2849 1382 2873 varum
1401 2848 1558 2872 numerus
1578 2837 1746 2885 pudorem
1757 2840 1868 2882 injecit
1890 2852 1898 2873 ε
1925 2837 2184 2885 haudquaquam

1260 2886 1434 2935 epularum
1447 2896 1578 2932 tempus
1588 2897 1745 2933 tanquam
1766 2890 1998 2934 importunum
2011 2886 2184 2924 confeffio-
2222 2891 2287 2919 Luc.
2301 2898 2330 2927 7.
2345 2899 2376 2919 v.

1261 2939 1435 2982 niexcepit
1456 2950 1464 2970 :
1493 2934 1546 2970 std
1558 2936 1672 2981 grandi
1684 2937 1777 2972 luftu
1787 2937 1901 2973 affesta
1912 2962 1924 2979 ‚
1953 2949 1993 2971 ne
2007 2946 2185 2972 momento
2203 2931 2251 2967 38.

1260 2985 1396 3034 quidem
1416 2984 1586 3021 medicum
1606 2996 1819 3033 peccatorum
1840 2984 2076 3023 dimittendum
2090 2996 2185 3034 puta-

1265 3040 1313 3072 vit
1324 3063 1331 3070 .
1352 3038 1445 3080 Quin
1457 3047 1496 3070 ne
1510 3039 1541 3070 in
1552 3034 1767 3082 conspectum
1778 3036 1914 3082 quidem
1927 3039 2061 3071 veniens
2073 3060 2084 3077 ‚
2111 3035 2183 3082 sup-

1261 3085 1420 3134 plicavit:
1432 3083 1484 3119 sed
1495 3095 1571 3119 toto
1579 3084 1609 3119 se
1619 3083 1736 3120 habitu
1748 3085 1915 3132 indignam
1926 3082 2078 3132 professa,
2088 3095 2184 3120 retro

1261 3134 1432 3176 accedens,
1441 3147 1478 3168 ac
1492 3135 1588 3182 pedes
1601 3132 1786 3181 prehendes
1797 3159 1809 3177 ‚
1820 3135 2000 3183 solutisque
2011 3133 2158 3170 crinibus
2168 3159 2180 3175 ‚

1261 3198 1299 3222 ac
1315 3183 1473 3221 univerfis
1491 3196 1563 3232 quae
1580 3182 1716 3231 agebat,
1741 3184 1910 3231 lugentem
1941 3183 2085 3233 prodens
2113 3187 2184 3218 ani-

1263 3248 1351 3270 mam
1365 3259 1376 3276 ,
1401 3234 1682 3280 atqueniacrymis
1702 3237 1840 3281 irrigans
1861 3235 2040 3270 Salvatoris
2051 3232 2150 3281 pedes
2169 3256 2182 3275 ,

1261 3283 1475 3321 condolentia
1485 3283 1591 3321 multa
1609 3282 1872 3320 misericordiam
1885 3283 2033 3332 petebat.

1284 3384 1447 3432 ³Ey'usdem
1463 3384 1585 3428 Asteria·
1603 3383 1743 3430 Episcopi
1759 3384 1904 3427 Amaseae
1915 3409 1928 3426 ‚
1951 3396 1992 3421 ex
2004 3383 2146 3427 sermone

1316 3454 1319 3456 —
1452 3438 1484 3471 in
1502 3435 1693 3480 Stephanum
1708 3440 1975 3476 ‘Protomartyrem
1986 3460 1995 3468 .

1267 3503 1272 3518 i

1307 3550 1311 3551 ⁷
1323 3537 1418 3570 Tetit
1428 3547 1513 3570 vero
1522 3533 1622 3576 solus,
1633 3533 1765 3582 populo
1776 3538 1808 3569 in
1820 3533 1942 3570 caedem
1954 3532 2068 3568 hiante
2077 3543 2114 3567 ac
2123 3527 2188 3566 ho-

1281 3609 1283 3615 .
1317 3584 1720 3632 ‚micidassircumquaque
1731 3584 1999 3620 vallatus-Nemo
2006 3591 2117 3618 autem
2127 3591 2188 3630 per

1259 3634 1295 3670 id
1304 3634 1370 3670 tem
1377 3646 1435 3681 pus
1444 3633 1567 3670 aderat:
1585 3646 1654 3673 non
1663 3637 1804 3676 amicus,
1816 3646 1885 3669 non
1896 3633 2069 3668 familiaris
2078 3644 2115 3668 ac
2124 3631 2189 3666 do·
2209 3624 2232 3669 .S
2239 3623 2376 3686 rephan-us

1261 3683 1418 3720 mesticus
1431 3708 1443 3725 ,
1453 3695 1522 3719 non
1534 3694 1695 3730 cognatus
1707 3711 1713 3718 .
1726 3683 1892 3728 Quaedam
1903 3685 1993 3718 enim
2004 3680 2077 3718 haec
2088 3685 2122 3717 in
2132 3693 2188 3729 pe-
2207 3674 2345 3735 ¹s2135³⁰¹¹⁹

1261 3734 1370 3771 riculo
1380 3733 1572 3771 constitutis
1595 3732 1785 3769 consolatio
1795 3732 1844 3768 est
1855 3757 1867 3774 ‚
1893 3743 1929 3768 ut
1939 3743 2040 3780 quem
2061 3744 2081 3767 e
2099 3733 2188 3766 notis
2290 3727 2300 3740 ⁶

1761 3795 1784 3818 o
1794 3795 1818 3818 o
1871 3793 1891 3815 2.
2038 3779 2126 3817 ades²
