2690 4100
566 237 644 292 24

785 368 818 402 c
869 367 903 403 A
953 368 980 403 Ρ
1028 365 1063 398 u
1110 361 1145 397 τ
1198 332 1279 422 svtss

538 479 541 482 ⁴
565 476 593 502 1.
729 462 798 497 Uln'
805 463 940 496 audiunt
951 459 1087 495 verbum
1097 459 1248 494 veritatis
1259 458 1337 504 :fid
1345 458 1407 493 alii
1416 471 1483 493 cre-

749 512 849 554 dunt,
875 508 938 544 alii
945 508 1168 544 contradicunt
1184 539 1192 547 ,
1214 509 1330 544 Volunt
1339 521 1413 557 ergo
1423 508 1477 552 isti

556 563 682 597 credere
689 589 702 606 ‚
726 561 836 594 nolunt
845 569 948 594 autem
959 558 1013 592 illi
1022 585 1031 594 .
1042 564 1129 605 Quis
1138 559 1207 598 hoc
1214 564 1347 609 ignoret
1358 563 1370 597 ?
1390 564 1478 606 Quis

552 611 623 648 hoc
641 614 757 658 neget?
780 610 842 647 Sed
859 623 939 647 cum
956 609 1027 647 aliis
1053 623 1255 659 praeparetur
1271 637 1284 655 ,
1317 610 1385 647 aliis
1407 622 1476 646 non

552 673 753 710 praeparetur
762 660 911 697 voluntas
927 674 947 698 a
966 663 1140 700 Dumium
1163 661 1412 711 discernendum
1429 660 1477 697 est

552 715 668 760 utique
694 712 774 760 quid
796 714 905 747 veniat
922 711 965 748 de
983 710 1206 749 misericordia
1232 714 1299 758 ejus
1308 737 1321 754 ‚
1344 711 1426 759 quid
1436 711 1481 747 de

377 764 473 794 Roma
481 773 534 800 1.7.
552 762 693 808 judicio,
718 761 815 805 Quod
824 760 989 807 querebat
997 759 1095 806 Israel
1105 785 1117 804 ,
1140 764 1186 797 ait
1195 760 1380 810 Apostolus
1393 784 1402 803 ,
1416 759 1477 793 ‘hoc

467 830 469 832 -
550 823 611 845 non
619 809 664 854 est
670 811 850 857 confiscatus
858 836 872 855 ‚
896 809 1008 846 eleffio
1018 818 1127 846 autem
1136 810 1298 856 confirma
1309 808 1353 852 est
1362 835 1374 853 ,
1397 819 1476 843 cete-

376 884 456 923 Isaiae
470 887 489 915 6
549 859 581 894 ri
590 870 670 894 vero
679 859 826 895 excaeati
827 860 906 906 sunt
914 875 928 895 .·
945 858 1035 902 ficut
1041 858 1199 908 scriptum
1207 859 1253 903 0st
1262 874 1278 902 ;
1288 858 1395 895 Dedit
1403 857 1476 894 illis

489 905 497 914 '
505 894 523 921 9
525 906 534 917 ”
550 911 642 948 Deus
645 910 799 957 spiritum
808 909 1059 957 compunHionis-
1069 924 1078 944 ε
1089 910 1194 946 oculos
1203 921 1242 948 ue
1254 922 1314 946 nou
1323 909 1475 954 videam,

402 1001 406 1005 ,
550 961 593 994 (θ’
603 973 696 995 aures
707 970 743 995 ut
754 972 814 995 non
825 961 960 995 audiant
967 987 980 1006 ,
1006 959 1146 1007 usquein
1156 960 1347 996 hodiernum
1366 960 1451 995 diem
1464 987 1472 995 .

374 1003 424 1042 Pl·
434 1003 533 1043 ⁶8·²3·
548 1014 595 1049 Et
605 1011 716 1049 David
724 1011 823 1055 dicit,
854 1010 933 1045 Fiat
944 1011 1049 1056 mensa
1058 1022 1165 1046 eorum
1173 1010 1210 1046 in
1227 1011 1376 1058 laqueum
1387 1009 1431 1044 Θ·
1440 1011 1475 1046 in

547 1060 789 1096 retributionem
798 1061 842 1096 (9‘
851 1059 1083 1107 insauciatum
1091 1060 1163 1095 illis
1171 1076 1184 1096 .·
1195 1061 1396 1108 o‘bscmmtur
1404 1073 1479 1095 ocu-

538 1110 575 1145 ‹li
584 1123 690 1146 eorum
701 1123 740 1145 ne
747 1110 891 1145 videant
899 1137 910 1154 ‚
939 1110 983 1146 (9’
993 1110 1116 1157 dorsum
1125 1123 1234 1146 eorum
1235 1111 1359 1158 semper
1370 1111 1478 1146 incur·

547 1173 597 1196 va
607 1187 617 1196 .
642 1165 730 1199 Ecce
747 1162 968 1198 misericordia
987 1166 1021 1199 δε
1038 1161 1197 1208 iudicium
1218 1176 1228 1198 ε
1253 1162 1477 1200 misericordia

545 1216 582 1248 in
593 1212 791 1248 eleffionem
801 1224 875 1259 quae
885 1211 1056 1249 consecuta
1073 1212 1121 1249 est
1139 1212 1295 1258 justitiam
1312 1215 1378 1249 Dei
1390 1226 1405 1253 3
1431 1215 1481 1259 ju-

545 1262 671 1298 dicium
683 1265 805 1298 veroin
814 1273 940 1298 ceteros
949 1265 1006 1310 qui
1026 1267 1174 1300 excaecati
1191 1262 1290 1300 sunt:
1315 1267 1351 1300 &
1369 1274 1478 1301 tamen

532 1310 591 1346 .illi
613 1314 690 1358 quia
711 1311 888 1348 voluerunt
897 1337 909 1354 ‚
935 1310 1167 1350 crediderumt
1191 1312 1240 1348 ilii
1261 1316 1336 1360 quia
1361 1314 1479 1351 nolue-

533 1370 621 1396 ‹runt
631 1384 643 1402 ,
669 1372 737 1395 non
745 1360 958 1397 crediderunt
967 1388 975 1396 .
1001 1359 1236 1397 Misericordia
1254 1365 1355 1407 igitur
1366 1368 1408 1401 ἁ
1420 1367 1479 1410 ’ξω

540 1410 669 1446 dicium
680 1413 712 1445 in
723 1409 796 1458 ipsis
806 1408 1030 1446 voluntatibus
1041 1408 1122 1445 Ειᾶει
1131 1408 1205 1445 sunt
1214 1437 1222 1444 .
1235 1410 1369 1446 Eiefflo
1379 1417 1476 1460 quip-

543 1473 585 1508 pe
595 1459 651 1496 ista
661 1463 769 1507 gratiae
779 1459 825 1496 est
835 1485 848 1502 ,
874 1472 942 1496 non
951 1462 1067 1506 utique
1076 1462 1274 1496 meritorum
1285 1487 1293 1495 .
1320 1461 1476 1508 Superius

371 1523 468 1554 Rama
477 1531 528 1561 1.5.
544 1512 635 1547 enim
646 1510 792 1553 dixerat,
817 1509 878 1543 Sic-
886 1521 960 1555 ergo
970 1508 1013 1542 Θ·
1023 1508 1057 1541 in
1067 1507 1122 1541 boc
1140 1517 1279 1554 tempore
1290 1535 1300 1551 ,
1325 1509 1473 1556 reliquie

540 1569 601 1607 per
620 1559 798 1594 clemonem
811 1558 933 1605 gratia>
946 1558 1055 1604 salvae
1069 1556 1168 1603 fath
1182 1556 1280 1603 Junci.
1306 1557 1346 1592 Si
1365 1569 1474 1594 autem

538 1609 656 1656 gratia
666 1636 676 1653 ‚
697 1611 770 1653 jam
780 1621 840 1643 non
860 1621 900 1644 ex
918 1607 1065 1655 operibus
1077 1621 1091 1641 a
1116 1607 1261 1654 alioquin
1274 1607 1391 1654 gratia
1405 1610 1476 1652 jam

545 1672 604 1693 non
612 1658 655 1701 est
657 1658 775 1705 gratia
785 1684 794 1694 .
821 1660 937 1696 Gratis
945 1670 1027 1707 ergo
1035 1658 1211 1696 consecuta
1221 1657 1268 1695 est
1288 1659 1382 1707 quod
1403 1673 1480 1697 con·

364 1715 442 1747 Ibid.
477 1726 526 1756 35-
544 1710 651 1748 stcuta
659 1709 705 1746 est
716 1710 854 1747 electio:
876 1723 942 1746 non
956 1711 1114 1757 praeceffit
1123 1721 1243 1746 eorum
1251 1708 1375 1758 aliquid
1385 1711 1478 1758 quod

362 1759 412 1796 Ps-
432 1765 478 1794 55·
500 1763 529 1789 8·
546 1764 672 1808 priores
692 1761 806 1797 darent
818 1785 828 1802 ‚
853 1765 887 1796 &
909 1759 1149 1797 retribueretur
1177 1758 1260 1795 illis:
1288 1772 1351 1808 pro
1369 1760 1478 1798 nihilo

544 1809 650 1846 sslvos
661 1808 736 1846 fecit
746 1822 802 1846 eos
814 1837 822 1845 .
849 1811 980 1846 Ceteris
988 1820 1099 1846 autem
1117 1812 1174 1857 qui
1195 1813 1346 1847 excaecati
1366 1809 1440 1848 sunt
1464 1838 1477 1857 ,

546 1859 627 1896 sicut
640 1858 685 1896 ibi
696 1872 764 1895 non
773 1862 911 1896 tacitum
921 1858 968 1896 est
978 1885 990 1903 ‚
1016 1864 1050 1897 in
1059 1858 1279 1898 retributione
1288 1860 1411 1899 factum
1417 1861 1475 1899 est.

365 1918 416 1957 ps,
432 1927 534 1957 2410..
549 1908 716 1955 [Iriiversae
725 1910 789 1943 viae
799 1908 934 1944 Domini
951 1908 1167 1955 misericordia
1188 1907 1232 1942 (9⁶
1252 1921 1399 1946 veritas.
1425 1913 1477 1947 In-

365 1960 409 1989 Ro
415 1971 453 1990 m.
483 1968 496 1989 x
504 1969 529 1990 ι.
546 1958 754 2005 vestigabiles
765 1959 837 1996 sunt
847 1971 957 1997 autem
966 1958 1032 1993 vie
1045 1961 1116 2003 ejus
1126 1989 1134 1997 .
1160 1960 1406 2009 Investigabiles
1415 1966 1477 2010 igi-

366 2007 415 2038 33·
545 2023 601 2048 tur
615 2009 707 2053 sunt,
732 2014 766 2047 δι
778 2010 1002 2048 misericordia
1011 2023 1075 2059 qua
1084 2014 1185 2062 gratis
1204 2010 1318 2050 liberat
1329 2039 1342 2061 ‚
1366 2016 1402 2053 δι
1419 2027 1476 2052 ve-

549 2064 576 2098 ri
581 2071 629 2098 tas,
637 2073 700 2109 qua
711 2059 790 2108 juste
800 2060 923 2108 iudicat
930 2088 939 2098 .

748 2168 1106 2204 CAPUT
1182 2170 1263 2207 vn.

602 2266 654 2303 Ed
666 2264 797 2302 forfitan
807 2266 937 2303 dicantg
965 2266 1018 2300 Ab
1027 2267 1171 2313 operibus
1183 2267 1286 2311 fidem
1305 2266 1475 2315 distinguit

554 2283 599 2362 S
626 2315 795 2362 Apostolus
804 2329 818 2357 ;
840 2317 986 2362 gratiam
997 2329 1144 2351 veronen
1156 2329 1193 2351 ex
1203 2317 1350 2364 operibus
1359 2320 1416 2365 effe
1425 2318 1475 2352 di-

548 2376 595 2399 cn
606 2378 616 2407 ς
643 2378 703 2399 non
714 2375 819 2399 autem
829 2366 909 2399 dicit
919 2392 930 2409 ,
955 2366 1039 2412 quod
1049 2366 1160 2409 nonsit
1170 2367 1283 2412 exfide
1294 2394 1302 2403 .
1329 2373 1380 2406 Ita
1391 2382 1474 2406 vero

548 2414 617 2452 est:
644 2415 696 2451 sed
707 2414 808 2462 ipsam
819 2428 956 2464 quoque
965 2417 1066 2455 fidem
1075 2431 1161 2466 opus
1171 2421 1235 2456 Dei
1247 2420 1328 2456 dicit
1338 2419 1396 2456 effe
1407 2421 1473 2462 ΙΕ-

363 2483 533 2523 Joamfflg
547 2468 645 2508 SUS,
670 2469 703 2501 δε
715 2463 799 2501 hanc
810 2476 848 2501 ut
866 2478 1045 2514 operemur
1062 2467 1173 2515 jubet.
1201 2472 1365 2507 Dixerunt
1384 2473 1474 2507 enim

550 2515 591 2551 ad
608 2528 686 2552 eum
707 2513 807 2556 Judaei
820 2540 832 2557 ,
857 2514 946 2556 Qid
960 2515 1133 2559 faciemus,
1159 2526 1195 2550 ut
1220 2528 1475 2565 operemur-opus

553 2563 619 2599 Dei
629 2567 644 2601 ἓΓ
666 2563 841 2610 Respondit
851 2567 976 2607 JESUS
984 2591 997 2609 ‚
1021 2568 1056 2601 &
1065 2564 1153 2602 dixit
1162 2565 1233 2600 illis
1243 2592 1253 2609 ,
1267 2567 1334 2600 Hoc
1344 2567 1386 2608 cll
1396 2579 1475 2614 opus

554 2614 639 2656 Dei,
665 2624 699 2647 m
708 2612 844 2647 credatis
855 2615 888 2648 in
899 2626 967 2648 eum
977 2626 1069 2660 quem
1081 2613 1167 2656 misit
1175 2614 1234 2649 ille
1244 2640 1254 2650 .
1274 2619 1326 2653 Sic
1335 2617 1477 2664 ergodi-

555 2663 687 2710 stinguit
698 2663 880 2711 Apostolus
890 2663 931 2701 ab
939 2664 1096 2712 operibus
1112 2665 1213 2703 fidem
1222 2691 1234 2710 ,
1260 2667 1476 2714 quemadmo—

556 2714 636 2749 dum
648 2719 679 2748 in
689 2712 818 2749 duobus
829 2717 933 2760 regnis
942 2714 1164 2752 Hebraeorum
1183 2716 1396 2764 distinguitur
1421 2722 1476 2760 Ju-

375 2761 540 2798 G01·2·¹⁶.
557 2762 661 2799 dasab
673 2762 788 2803 Israel,
813 2764 1011 2811 cum&ipse
1021 2765 1117 2807 Iudas
1135 2765 1173 2801 fit
1190 2765 1302 2802 Israel.
1333 2768 1384 2805 Ex
1409 2769 1475 2805 fide

376 2801 540 2872 ,υῐξέςξῗξ
557 2825 668 2850 autem
682 2813 757 2849 ideo
766 2813 845 2849 dicit
856 2812 1018 2858 justificari
1030 2813 1201 2852 hominem
1212 2841 1224 2859 ‚
1249 2829 1317 2853 non
1336 2830 1375 2855 ex
1393 2831 1474 2867 ope·

373 2854 440 2911 'nos
467 2892 517 2911 cur
556 2863 668 2901 ribus;
689 2862 839 2912 quiaipsa
850 2866 955 2911 prima
965 2864 1082 2907 datur,
1108 2877 1148 2901 ex
1167 2878 1231 2913 qua
1257 2869 1475 2916 impetrentur

382 2921 481 2966 potius
495 2921 537 2951 di-
555 2925 660 2949 cetera
670 2938 682 2956 ,
706 2926 779 2961 quae
789 2917 925 2961 proprie
933 2926 1032 2962 opera
1043 2927 1273 2964 nuncupantur
1284 2941 1294 2959 ‚
1313 2921 1344 2954 in
1354 2918 1474 2967 quibus

386 2963 539 3001 xentApo-
554 2963 634 3008 juste
654 2966 794 3017 vivitur·
819 2967 907 3000 Nam
925 2964 1004 3001 dicit
1022 2968 1120 3001 etiam
1138 2965 1224 3014 ipse,
1250 2966 1368 3001 Gratia
1378 2969 1475 3014 salvi

378 3000 466 3032 ¹¹⁰¹¹¹⁵
481 3021 490 3036 ³
554 3011 908 3059 estisfac‘liperfidem,
936 3013 1043 3048 &hoc
1054 3026 1113 3047 non
1134 3027 1172 3048 ex
1191 3015 1308 3059 vobis,
1327 3017 1387 3063 sed
1406 3019 1475 3052 Dei

379 3049 538 3119 ‘gss'gbuss’f
554 3062 667 3096 donum
678 3061 720 3104 est
729 3077 741 3097 .·
767 3063 800 3100 id
810 3063 858 3101 est
867 3090 879 3106 ,
905 3068 937 3101 δε
949 3065 1041 3112 quod
1051 3065 1119 3101 dixi
1127 3066 1290 3110 perfidem
1302 3092 1313 3110 2
1339 3081 1405 3104 non
1432 3083 1472 3107 ex

378 3121 403 3149 E
424 3119 539 3158 hefi2.8.
554 3111 667 3150 vobiss
693 3112 746 3149 sed
755 3116 818 3151 Dei
830 3114 955 3150 donum
965 3114 1010 3150 cst
1020 3118 1115 3153 etiam
1125 3115 1225 3152 fides.
1251 3117 1326 3151 Non
1346 3131 1383 3151 ex
1403 3130 1472 3165 ope.

377 3128 488 3189 iffidem
504 3170 534 3196 9.
557 3161 665 3206 ribus,
691 3166 817 3209 inquit,
845 3162 974 3206 nefor-te
983 3164 1051 3210 quis
1061 3164 1252 3203 extollatur.
1279 3166 1368 3204 Solet
1379 3174 1469 3207 enim

561 3212 628 3248 dici
649 3236 657 3246 .
684 3212 905 3250 Ideocredere
915 3218 1055 3258 meruit,
1079 3218 1155 3262 quia
1165 3216 1335 3255 virbonus
1344 3230 1412 3256 erat
1436 3224 1471 3256 δε

383 3278 447 3310 aa,
457 3285 505 3309 10,
511 3288 539 3315 4·
553 3274 627 3300 ante
635 3275 732 3311 quam
741 3263 904 3300 crederet·
934 3264 1037 3309 Quod
1047 3265 1089 3301 de
1099 3266 1262 3304 Cornelio
1268 3268 1333 3304 dici
1342 3269 1470 3316 potest,

553 3314 645 3357 cujus
654 3324 791 3360 acceptae
800 3312 874 3350 sunt
885 3313 1099 3363 eleemosynae
1110 3341 1121 3358 ,
1145 3320 1178 3352 δι
1187 3318 1344 3355 exauditae
1351 3324 1471 3356 oratio·

555 3375 608 3398 nes
618 3374 796 3410 antequam
815 3363 992 3401 credidiss‘et
1012 3368 1044 3400 in
1063 3365 1255 3404 Christum:
1284 3381 1344 3405 nec
1362 3380 1469 3406 tamen

380 3435 461 3464 Rom.
484 3442 531 3466 ιο.
556 3412 619 3447 sine
629 3412 735 3461 aliqua
753 3412 819 3449 fide
839 3413 1162 3452 donabat&orabat.
1190 3420 1278 3453 Nam
1297 3421 1472 3466 quomodo

557 3462 726 3499 invocabat
736 3466 768 3498 in
777 3476 878 3510 quem
890 3475 957 3500 non
965 3465 1167 3502 crediderat?
1190 3467 1251 3504 Sed
1262 3467 1285 3503 fi
1297 3467 1396 3516 posset
1406 3470 1471 3507 fine

558 3510 622 3547 fide
640 3511 763 3548 Christi
784 3511 841 3550 ess'e
859 3513 983 3557 salvus,
1010 3527 1075 3551 non
1095 3516 1133 3552 ad
1153 3529 1228 3553 eum
1241 3518 1471 3556 aedificandum

559 3566 742 3597 mitteretur
759 3562 955 3601 architectus
972 3565 1137 3612 apostolus
1156 3571 1269 3604 Petrus
1290 3584 1298 3603 :
1322 3575 1471 3616 quamvis

383 3634 422 3672 P]
434 3636 497 3666 ¹26·
514 3641 542 3664 Β
558 3609 619 3650 nisi
630 3610 1003 3665 Dominus‘aedtficaverit
1014 3613 1139 3649 domum
1150 3642 1161 3658 ,
1187 3617 1220 3650 in
1241 3629 1365 3652 vanum
1383 3619 1470 3653 labo-

559 3670 718 3694 raverunt
727 3660 918 3704 edificantes
928 3676 1013 3699 eam.
1038 3668 1084 3702 Et
1094 3666 1213 3703 dicitur
1231 3668 1348 3712 nobis,
1374 3669 1472 3702 Fides

415 3733 436 3756 ,⁵
559 3707 601 3749 cst
609 3721 628 3742 a
639 3709 727 3743 nobis
738 3736 748 3753 ,
773 3719 878 3744 cetera
888 3725 908 3744 a
922 3713 1055 3748 Domino
1065 3716 1110 3749 ad
1121 3726 1214 3760 opera
1221 3715 1353 3759 justitiae
1370 3718 1472 3765 perti·

404 3751 488 3797 fide}
505 3761 543 3798 ²,-
560 3758 665 3791 nentia
690 3772 697 3792 τ
732 3761 817 3807 quasi
842 3762 882 3797 ad
899 3763 1072 3802 aedificium
1092 3778 1160 3801 non
1180 3772 1335 3813 pertineat
1354 3769 1435 3805 fides
1462 3785 1473 3806 .-

386 3791 542 3862 {lsffaclssspb
563 3809 648 3856 quafi
657 3809 696 3846 ad
707 3809 879 3847 aedificium
892 3836 905 3853 ,
929 3815 1061 3860 inquam
1072 3840 1085 3858 ‚
1109 3828 1176 3851 non
1186 3821 1345 3864 pertineat
1365 3819 1475 3856 funda.

389 3484 399 3503 ι
407 3485 435 3510 4.

382 3515 534 3544 Astron-o

807 212 1591 275 S.AUGU*ST1N-1

1513 3469 1692 3503 'abdai-ae.-
1719 3468 1771 3506 sted
1783 3469 1976 3510 miseretur,
2000 3468 2089 3505 bona
2099 3465 2267 3507 tribuens,·
2291 3466 2455 3510 obdurat,

1673 210 1726 269 E
1768 227 1804 271 P
1847 225 1869 267 1
1910 222 2020 266 sc
2061 218 2270 265 02212

1547 319 1718 346 mentum·
1749 306 1889 353 Quodfi
1899 309 1933 343 in
1945 307 2102 354 primis&
2112 304 2254 339 maxime
2263 301 2405 348 pertinet
2414 325 2427 344 ,
2440 302 2476 335 in
2492 319 2596 351 funda·
2614 322 2628 326 --

1546 371 1669 396 vanum
1687 356 1815 394 laborat
1834 356 2044 404 praedicando
2071 352 2231 390 aedificans
2255 351 2358 387 fidem
2377 375 2388 392 ,
2414 349 2473 386 nifi
2490 368 2624 392 mentum
2637 382 2645 392 ,

1526 422 1531 425 “
1547 422 1618 445 eam
1628 411 1798 446 Dominus
1807 406 1989 443 miserando
2009 409 2096 442 intus
2110 400 2473 448 :edificet-„Quidquid
2494 423 2501 430 ·

1543 462 1644 506 igitur
1657 484 1669 502 ,
1695 462 1730 494 δι
1739 469 1813 494 ante
1822 461 1963 505 quamin
1974 455 2151 493 Christum
2161 451 2327 493 crederet,
2346 454 2381 487 δι
2390 462 2470 488 cum

1541 509 1691 545 crederet
1709 532 1722 551 ,
1755 510 1790 543 δε
1809 519 1885 543 cum
1905 504 2086 542 credidiffet
2106 530 2118 548 ‚
2144 502 2226 540 bene
2245 510 2398 549 operatus
2423 499 2470 537 est

1541 558 1740 596 Cornelium
1765 568 1879 595 totum
1889 560 1967 594 Deo
1976 556 2123 594 dandum
2133 553 2203 597 est,
2229 565 2270 589 ne
2288 550 2382 588 forte«
2395 553 2470 600 quis

1540 607 1719 645 extollatur
1728 636 1736 647 .
2438 625 2440 627 -
2453 627 2456 631 «

1740 706 2103 748 CAPUT
2177 707 2276 744 vm.

1541 811 1570 847 1'.
1663 811 1802 849 Roinde
1813 814 1822 847 i
1826 809 1879 859 pse
1887 821 1971 847 unus
1981 805 2139 854 Magister
2146 810 2180 842 δι
2191 808 2361 843 Dominus
2369 828 2382 848 ‚
2389 815 2470 841 cum

1592 812 1658 900 P
1685 859 1813 898 dixisset
1822 873 1894 909 quae
1905 860 1998 908 supra
2007 858 2214 911 memoravi,
2239 855 2310 889 Hoc
2325 852 2370 896 est
2389 862 2472 899 opus
2479 882 2569 920 Ioan-
2595 883 2627 912 6.

1534 910 1622 954 Dei,
1647 920 1684 945 m
1690 909 1831 945 credatis
1840 910 1876 944 in
1886 921 1956 944 eum
1967 920 2059 954 quem
2080 904 2163 948 misit
2182 904 2240 939 ille
2255 917 2267 946 3
2291 908 2325 941 in
2347 904 2470 941 eodem
2487 930 2536 958 ²9·

1533 961 1606 1010 ipso
1615 961 1763 999 iet-mone
1775 961 1835 998 suo
1868 960 1945 998 aulo
1955 958 2031 1010 post
2048 962 2130 1013 ast,-
2142 955 2226 991 Dixi
2247 953 2364 997 vobis,
2390 953 2471 999 quia
2484 960 2560 994 lbid.
2592 961 2645 1000 36.
2663 970 2665 972 ·
2685 972 2687 974 ·

1525 1012 1584 1045 -O'
1592 1011 1725 1054 vidistis
1735 1023 1786 1045 mo
1796 1038 1806 1054 ‚
1834 974 1877 1045 ὃ
1889 1023 1950 1044 non
1959 1006 2147 1049 credidistis
2157 1035 2165 1043 .
2192 1008 2290 1042 Omne
2308 1002 2396 1051 quod
2410 1002 2471 1058 flat

1541 1060 1621 1096 mibi
1629 1061 1732 1096 Pater
1742 1062 1787 1096 ad
1797 1074 1844 1096 me
1854 1060 1964 1095 veniet
1977 1086 1986 1095 .
2013 1058 2110 1105 Quid
2119 1057 2167 1095 est
2174 1083 2187 1100 ,
2212 1055 2260 1090 ad
2268 1067 2316 1090 me
2335 1063 2447 1088 vemet
2458 1081 2470 1099 ‚

1539 1112 1598 1149 nili
1607 1113 1721 1149 credet
1729 1117 1763 1149 in
1773 1115 1850 1150 me?
1875 1112 1938 1148 Sed
1947 1121 1986 1148 ut
1995 1110 2054 1147 fiat
2063 1135 2076 1153 ‚
2103 1113 2199 1145 Pater
2208 1107 2262 1162 dat
2273 1135 2282 1143 .
2298 1109 2385 1160 item
2394 1116 2471 1153 pau·-
2484 1118 2560 1151 lbid.
2585 1130 2636 1157 44·

1539 1163 1576 1199 lo
1585 1162 1660 1211 post
1669 1188 1683 1206 ,
1708 1163 1842 1206 Nolite,
1867 1165 1976 1210 inquit
1986 1186 1999 1204 ,
2023 1169 2224 1194 murmurare
2232 1167 2390 1190 mvtcem:
2417 1166 2472 1188 ne-

1539 1210 1696 1260 mopotest
1707 1211 1821 1247 venire
1831 1211 1878 1246 ad
1888 1223 1955 1255 me,
1974 1209 2036 1252 m‘fi
2045 1210 2150 1243 Pater
2160 1207 2221 1254 qui
2230 1204 2315 1247 misit
2326 1217 2374 1239 me
2383 1230 2394 1249 ,
2403 1214 2470 1260 tra-

1539 1262 1626 1296 xerit
1635 1274 1706 1296 eum
1717 1278 1730 1297 .-
1755 1261 1798 1297 δ’
1809 1274 1865 1309 ego
1873 1273 1945 1296 eum
1954 1258 2144 1307 resuscitabo
2152 1257 2186 1293 in
2197 1255 2360 1301 ηοω-’Πίονιν
2378 1254 2432 1290 die
2457 1280 2468 1289 .

1539 1312 1597 1355 Est
1600 1313 1758 1360 scriptum
1769 1312 1803 1347 in
1813 1310 1987 1361 Prophetis
2000 1337 2011 1355 ,
2038 1311 2082 1344 Et
2091 1318 2187 1343 erunt
2196 1319 2302 1363 ⁰m3⁸⁶f
2312 1304 2467 1363 docibiles
2487 1318 2554 1358 'fv‘-
2571 1326 2622 1355 54.
2687 1355 2690 1358 Α

1537 1363 1607 1399 Dei
1614 1390 1625 1399 .
1650 1362 1760 1398 omnis
1772 1362 1830 1410 qui
1838 1360 1974 1398 audivit
1982 1373 2003 1395 a
2012 1361 2117 1395 Patre
2126 1387 2139 1405 ,
2165 1358 2209 1392 (9·
2217 1357 2335 1392 dudum
2343 1382 2354 1400 ,
2372 1364 2471 1391 vemt
2487 1370 2499 1389 1
2505 1367 2536 1399 3.

1538 1413 1585 1448 ‘ad
1594 1425 1642 1448 me
1651 1443 1659 1451 .
1686 1415 1780 1461 Quid
1791 1412 1838 1451 est
1846 1440 1860 1458 ,
1884 1410 1995 1446 Omnis
2005 1410 2065 1457 qui
2074 1408 2209 1444 audivit
2217 1421 2238 1442 a
2250 1407 2352 1441 Patre
2362 1404 2406 1440 Φ·
2415 1405 2470 1441 di—

1537 1462 1618 1495 dicit
1628 1489 1639 1506 ,
1666 1466 1758 1498 venit
1767 1464 1813 1498 ad
1820 1476 1868 1497 me
1878 1489 1888 1507 ,
1914 1462 1972 1497 nifi
1982 1486 1995 1503 ,
2019 1458 2129 1497 nullus
2139 1458 2185 1495 est
2194 1462 2253 1506 qui
2265 1457 2401 1494 audiata
2409 1459 2471 1494 1³⁸-

1537 1512 1760 1558 tresidiseat,
1783 1517 1896 1550 &non
1907 1514 2016 1548 veniat
2032 1510 2074 1547 ad
2093 1511 2171 1546 me?
2193 1511 2227 1545 Si
2245 1511 2335 1544 enim
2359 1510 2470 1544 omnis

1536 1563 1595 1608 qui
1604 1561 1730 1598 audivit
1739 1576 1756 1599 a
1768 1567 1864 1599 Patre
1873 1568 1908 1600 &
1917 1561 2034 1598 didicit
2043 1587 2056 1606 ,
2082 1563 2177 1597 venit
2187 1572 2197 1598 ε
2223 1558 2378 1608 profecto
2394 1569 2471 1595 om-

1540 1615 1588 1647 nis
1597 1614 1656 1659 qui
1665 1625 1734 1648 non
1747 1615 1838 1649 venit
1846 1637 1859 1656 ,
1884 1624 1951 1648 non
1962 1611 2088 1648 audivit
2097 1624 2114 1647 a
2125 1614 2220 1647 Patre
2229 1634 2241 1653 ‚
2268 1621 2328 1645 nec
2336 1608 2467 1645 didicit:

1540 1674 1615 1699 nam
1625 1662 1648 1698 fi
1657 1661 1790 1699 audisset
1802 1667 1836 1700 &
1847 1659 2006 1699 didicisset
2024 1686 2037 1705 ,
2062 1665 2192 1698 veniret
2202 1688 2210 1696 .
2235 1663 2358 1707 Neque
2373 1660 2470 1695 enim

1539 1711 1625 1749 ullus
1634 1713 1762 1750 audivit
1773 1718 1807 1750 &
1818 1713 1954 1755 didicit,
1979 1714 2014 1747 &
2024 1723 2091 1747 non
2110 1713 2220 1748 venit:
2247 1709 2301 1746 sed
2321 1711 2436 1746 omnis
2455 1729 2470 1751 ‚

1538 1775 1575 1799 ut
1586 1765 1771 1800 aitVeritas
1781 1789 1794 1807 ‚
1819 1766 1876 1812 qui
1887 1763 2012 1799 audivit
2029 1775 2047 1798 a
2057 1765 2174 1805 Patre,
2198 1764 2233 1797 &
2247 1759 2398 1803 didicit,
2414 1769 2469 1802 ve-
2538 1804 2542 1808 ,

1539 1816 1587 1850 nit
1597 1841 1605 1849 .
1630 1814 1737 1851 Valde
1748 1825 1875 1851 remota
1885 1811 1932 1850 est
1940 1826 1958 1850 a
1967 1811 2108 1849 sensibus
2117 1814 2222 1850 carnis
2230 1807 2302 1848 haec
2321 1808 2434 1846 schola
2458 1832 2471 1853 ,
2486 1799 2544 1847 99¹
2567 1802 2621 1869 ¹³⁸¹·

1539 1867 1572 1900 in
1583 1877 1647 1912 qua
1657 1868 1753 1902 Pater
1762 1862 1917 1908 auditur,
1941 1867 1976 1902 δι
1987 1863 2107 1907 docet,
2131 1873 2171 1901 ut
2188 1864 2336 1900 veniatur
2358 1859 2400 1896 ad
2418 1860 2472 1895 Fi·
2485 1839 2644 1913 zenam&

1538 1914 1621 1952 lium
1632 1943 1640 1952 .
1667 1914 1720 1953 Ibi
1731 1915 1777 1953 est
1787 1920 1821 1953 &
1833 1915 1899 1964 ipse
1918 1915 2020 1952 Filius
2030 1940 2042 1958 ,
2066 1916 2145 1963 quia
2164 1912 2232 1962 ipie
2250 1910 2297 1949 est
2314 1907 2472 1962 Verbum

1538 1968 1675 2016 ejus'per
1684 1967 1778 2016 qnod
1787 1966 1829 2003 sic
1840 1966 1958 2004 docem
1983 1977 2044 2001 nec
2052 1969 2120 2011 agit
2129 1961 2199 1999 hoe
2207 1973 2286 2013 cum
2294 1961 2470 1997 cai-nisan·
2569 2006 2574 2011 .
2599 2001 2614 2011 ⁴,
2670 2000 2673 2002 ,

1523 2030 1575 2054 -re
1583 2043 1596 2061 ,
1621 2017 1676 2054 sed
1685 2017 1796 2054 cordis
1807 2040 1817 2051 .
1843 2014 1950 2053 Simul
1961 2013 2005 2051 ibi
2016 2013 2063 2050 est
2072 2017 2107 2049 δε
2115 2014 2256 2059 Spiritus
2265 2011 2409 2047 Patris&
2417 2003 2470 2047 Fi·
2530 2020 2535 2059 j
2632 2056 2641 2065 .

1522 2080 1524 2082 ’
1538 2067 1575 2104 lii
1586 2083 1599 2105 .-
1625 2081 1732 2117 neque
1741 2071 1828 2104 enim
1839 2066 1905 2114 ipse
1912 2076 1981 2101 non
1991 2063 2093 2100 docet
2104 2088 2116 2106 ,
2142 2072 2199 2099 aut
2215 2060 2386 2110 separatim
2404 2059 2467 2097 do·
2531 2101 2534 2105 ⁴
2628 2085 2632 2094 .

1537 2129 1590 2156 cet
1600 2133 1612 2155 .·
1639 2115 1859 2166 inseparabilia
1867 2118 1992 2164 quippe
2001 2113 2176 2150 didicimus
2186 2109 2367 2159 essexopera
2387 2110 2467 2147 Tri·
2634 2139 2638 2145 .

1537 2173 1648 2207 nitatis
1657 2196 1666 2204 .
1693 2170 1741 2204 Et
1750 2164 1818 2214 ipie
1828 2164 1875 2202 est
1885 2167 2000 2212 utique
2011 2164 2153 2212 Spiritus
2162 2161 2288 2199 sanetus
2297 2185 2310 2205 ,
2334 2160 2377 2214 de
2395 2171 2466 2208 quo
2495 2190 2497 2192 .
2545 2184 2548 2185 ν
2627 2177 2631 2180 ·

1537 2222 1572 2256 A
1622 2216 1723 2254 stolus
1733 2215 1814 2253 dicit
1824 2229 1834 2254 ς
1861 2214 2024 2248 Habentes
2035 2222 2139 2246 autem
2150 2211 2291 2256 eumdem
2301 2210 2465 2257 Spiritum
2487 2212 2514 2234 ²·
2529 2201 2595 2234 0⁰?-
2607 2210 2640 2240 4·

1531 2268 1560 2312 fi
1585 2267 1693 2304 cased
1702 2267 1781 2304 ideo
1790 2268 1876 2303 Patri
1885 2261 1952 2302 boe
1965 2264 2167 2314 potissimum
2178 2261 2226 2300 est
2243 2259 2466 2304 attributum,
2485 2252 2532 2282 ¹3·

1525 2322 1614 2367 quia
1623 2318 1665 2354 de
1675 2317 1748 2366 ipso
1757 2315 1803 2353 est
1811 2319 1939 2364 genitus
1950 2315 2147 2363 Unigenitus
2156 2339 2168 2358 ,
2193 2317 2231 2350 δε
2252 2313 2294 2350 de
2304 2310 2376 2360 ipso
2387 2323 2465 2360 pro-

1534 2369 1622 2406 cedit
1631 2371 1770 2416 Spiritus
1777 2367 1902 2404 sanstus
1913 2381 1922 2403 ε
1947 2365 2035 2404 unde
2046 2364 2185 2412 longum
2205 2361 2252 2399 est
2270 2361 2466 2400 enucleatius
2621 2400 2628 2406 ,

1535 2418 1700 2468 disputare
1709 2445 1722 2463 ,
1746 2421 1781 2454 δε
1798 2417 1842 2454 de
1859 2418 2026 2454 Trinitate
2034 2440 2047 2460 ‚
2072 2428 2146 2463 quae
2164 2416 2256 2452 Deus
2280 2411 2327 2449 est
2336 2437 2349 2456 ‚
2374 2410 2464 2448 labo·
2506 2441 2512 2448 .
2573 2401 2643 2472 TI‘P:

1535 2481 1606 2505 rem
1614 2466 1764 2505 nostrum
1774 2471 1806 2504 in
1816 2467 2005 2517 quindecim
2014 2457 2106 2503 [ibris
2115 2465 2156 2502 ad
2168 2476 2227 2502 vos
2236 2465 2302 2512 jam
2311 2460 2464 2501 existimo
2479 2449 2583 2515 ἔξιτέ,
2588 2451 2631 2522 ς]

1537 2517 1713 2567 perveniss'e
1723 2543 1732 2552 .
1760 2518 1891 2563 Valde,
1916 2520 2049 2566 inquam
2060 2541 2073 2560 ,
2097 2525 2225 2553 remota
2241 2513 2286 2551 est
2296 2510 2463 2550 asenfibus
2480 2521 2605 2568 scripflt·

1535 2571 1642 2604 carnis
1651 2566 1723 2604 haec
1734 2567 1844 2606 schola
1855 2595 1868 2614 ,
1891 2571 1924 2605 in
1935 2580 1999 2616 qua
2009 2570 2102 2605 Deus
2121 2565 2252 2602 auditur
2273 2567 2307 2600 δε
2325 2563 2428 2601 docet
2452 2589 2462 2599 .
2480 2561 2620 2604 Augtdh-

1536 2616 1666 2654 Multos
1677 2621 1788 2655 venire
1797 2618 1948 2655 videmus
1958 2617 1997 2654 ad
2008 2616 2129 2653 Filium
2139 2642 2151 2660 ,
2174 2618 2252 2663 quia
2263 2612 2385 2650 multos
2394 2624 2464 2650 cre·
2480 2612 2553 2636 '¹¹¹⁸-

1535 2667 1613 2706 dere
1622 2668 1770 2705 videmus
1781 2672 1812 2703 in
1822 2667 1999 2705 Christum
2012 2681 2023 2703 .·
2050 2665 2105 2703 sed
2130 2663 2232 2702 ubi&
2241 2663 2420 2712 quomodo
2443 2675 2466 2701 ι

1535 2722 1629 2755 Patre
1638 2717 1802 2755 audierint
1810 2716 1878 2755 hoc
1887 2721 1920 2755 δι
1930 2717 2106 2754 didicerint
2123 2727 2191 2751 non
2210 2715 2356 2750 videmus
2365 2739 2374 2749 .
2400 2714 2464 2749 Ni-

1538 2772 1644 2805 mium
1654 2772 1755 2816 gratia
1766 2768 1822 2805 ista
1832 2768 1950 2804 secreta
1957 2766 2005 2803 est
2015 2781 2024 2802 ε
2048 2767 2187 2812 gratiam
2200 2775 2282 2799 vero
2301 2759 2362 2798 ess‘e
2386 2764 2463 2809 quis
2551 2801 2556 2807 Ι
2582 2802 2589 2809 ,

1536 2818 1698 2865 ambigat?
1722 2821 1804 2855 Haec
1817 2821 1925 2866 itaque
1935 2818 2054 2864 gratia,
2078 2827 2152 2862 quae
2160 2812 2291 2851 occulte
2309 2811 2464 2849 humanis
2514 2802 2636 2848 D¹.¹'¹¹¹¹³

1537 2867 1692 2905 cordibus
1711 2867 1822 2903 divina
1838 2865 1986 2913 largitate
2002 2863 2161 2902 tribuitur
2180 2890 2192 2907 ,
2216 2876 2235 2900 a
2258 2861 2353 2900 nullo
2374 2862 2464 2899 duro
2479 2851 2613 2914 Ε’ῗξιῃξὴ

1536 2918 1637 2955 corde
1648 2915 1828 2966 respuitur.
1855 2916 1937 2953 Ideo
1945 2918 2071 2965 quippe
2090 2913 2268 2958 tribuitur,
2294 2923 2332 2950 ut
2349 2911 2463 2950 cordis
2539 2932 2624 2957 ener-

1536 2968 1655 3005 duritia
1667 2966 2010 3014 primitusauferatur·
2036 2966 2188 3011 Quando
2198 2975 2279 3011 ergo
2299 2967 2396 3000 Pater
2414 2965 2462 2998 in·
2478 2963 2544 3003 gia.

1535 3029 1588 3055 tus
1597 3018 1728 3055 auditur
1738 3042 1750 3061 ,
1775 3021 1810 3054 &
1820 3017 1918 3053 docet
1929 3027 1965 3053 ut
1976 3019 2123 3053 veniatur
2140 3015 2178 3052 ad
2190 3014 2310 3051 Filium
2321 3039 2332 3055 ‚
2356 3011 2462 3050 aufert
2476 3001 2596 3083 ξῖώῦ
2605 3013 2630 3034 ¹·

2534 1759 2644 1792 Schola
2688 1773 2690 1802 i

1535 3081 1595 3105 cor
1605 3067 1794 3117 lapideum,
1818 3067 1917 3103 &dat
1926 3078 2172 3110 corcarneum,
2195 3064 2276 3101 ficut
2286 3061 2456 3111 Propheta

1535 3119 1732 3168 praedicante
1742 3116 1909 3165 promisit.
1935 3118 1986 3153 Sic
2012 3119 2139 3165 quippe
2164 3114 2241 3151 facit
2266 3113 2353 3150 filios
2379 3124 2458 3161 pro-

1534 3166 1811 3205 miffionis&vasa
1830 3166 2061 3204 misericordiae
2078 3191 2089 3210 ,
2114 3178 2188 3214 quae
2203 3166 2399 3213 praeparavit
2424 3165 2458 3198 in

1530 3219 1687 3266 gloriam.
1942 3245 1944 3248 ψ
2330 3267 2338 3274 .
2470 3246 2534 3278 cm
2569 3253 2631 3276 non

1584 3281 1613 3306 2.
1639 3273 1714 3306 Cur
1732 3280 1814 3317 ergo
1832 3281 1899 3306 non
1917 3280 2033 3305 omnes
2051 3267 2152 3304 docet
2170 3291 2183 3311 ,
2208 3276 2245 3303 ut
2263 3274 2396 3302 veniant
2414 3264 2455 3302 ad
2471 3286 2632 3318 omnmo,

1531 3317 1788 3358 Christumsnifi
1797 3323 1874 3368 quia
1893 3331 2008 3356 omnes
2026 3330 2112 3366 quos
2130 3316 2248 3359 docet,
2274 3314 2454 3353 misericor-
2471 3336 2517 3358 cet
2527 3327 2630 3360 Pater,

1532 3369 1584 3406 dia
1592 3370 1713 3412 docet,
1738 3383 1821 3418 quos
1830 3380 1938 3407 autem
1947 3381 2013 3405 non
2024 3370 2142 3411 docet,
2166 3367 2290 3412 judicio
2307 3378 2375 3402 non
2394 3366 2455 3403 do-
2469 3366 2633 3400 inveniant

1531 3421 1606 3456 cet?
1632 3421 1801 3465 Quoniam
1812 3421 1901 3463 cujus
1910 3418 1988 3453 vult
2005 3416 2185 3464 miseretur,
2211 3415 2254 3450 (⁴9¹
2272 3427 2362 3463 quem
2379 3414 2455 3450 vult
2470 3406 2627 3480 ansbu-

1532 3519 1629 3566 digna
1648 3519 1846 3558 retribuens.
1872 3523 1946 3557 Aut
1957 3519 1979 3556 fi
1990 3517 2090 3556 &ista
2100 3543 2112 3561 ‚
2136 3529 2174 3555 ut
2193 3517 2326 3565 quidam
2345 3515 2455 3553 distin·
2471 3525 2628 3566 Rom.9.18

1532 3581 1634 3617 gnere
1642 3569 1827 3607 maluerunt
1838 3597 1850 3615 ,
1874 3568 1973 3607 verba
1984 3568 2057 3606 sunt
2067 3570 2135 3615 ejus
2142 3572 2194 3605 cui
2203 3567 2386 3616 Apostolus
2394 3568 2453 3610 ait,

1535 3618 1629 3653 Dicis
1638 3620 1745 3666 itaque
1755 3619 1853 3656 mihi:
1880 3630 1918 3657 ut
1938 3619 2004 3668 ipse
2014 3617 2125 3657 dixiffe
2142 3622 2340 3667 accipiatur,
2366 3614 2454 3661 Ergo

1533 3669 1628 3712 cujus
1637 3670 1714 3703 vult
1725 3669 1887 3716 miseretur
1897 3696 1907 3713 ,
1932 3670 1974 3705 (9'
1983 3681 2073 3715 quem
2084 3668 2160 3703 vult
2172 3668 2309 3707 obdurat
2320 3669 2372 3705 3&
2381 3677 2456 3713 quae

1536 3718 1717 3767 sequuntur
1725 3745 1738 3765 ,
1763 3720 1796 3757 id
1805 3719 1852 3757 est
1861 3747 1873 3766 ,
1897 3717 1989 3762 Quid
2006 3718 2115 3754 adhuc
2134 3717 2355 3765 conqueritur?
2380 3726 2456 3749 nam

1537 3769 1704 3804 voluntati
1712 3770 1780 3813 ejus
1790 3768 1861 3816 quis
1871 3768 1984 3812 resistit
1994 3773 2014 3804 ?
2038 3770 2200 3819 numquid
2210 3765 2401 3816 responsum
2410 3765 2458 3802 est

1541 3817 1582 3856 ab
1591 3819 1781 3868 Apostolo,
1805 3819 1958 3863 Qhomo
1968 3848 1981 3866 ,
2005 3820 2121 3859 salsum
2139 3817 2188 3858 est
2201 3817 2293 3867 quod
2302 3813 2422 3906 §misti
2439 3817 2458 3852 a?

2341 3878 2386 3903 on
2398 3878 2410 3902 ε

2474 3646 2546 3680 ibid.
2577 3656 2589 3677 ι
2597 3655 2628 3684 9.
