2652 4126
586 172 826 234 Lusi-:R
893 187 1203 235 CONTRA
1263 172 1827 234 COLLATOREM.

267 262 442 311 lationis.
473 266 540 312 Ad
568 268 675 312 hanc
702 269 959 313 tolerantiam
987 270 1111 313 etiarn
1139 270 1184 313 il-

172 348 192 371 ι
266 328 303 370 le
331 342 346 360 ⁸
373 341 459 371 etat
489 342 568 388 prae
600 341 731 371 aratus
757 344 782 372 a
812 330 1018 383 Domino,
1046 331 1115 386 qui
1144 331 1183 372 8<

265 385 423 431 credere
456 389 498 431 in
529 389 567 431 C
601 387 758 442 ristum,
787 391 826 431 8<
855 403 928 445 pro
940 389 1101 432 Christo
1112 404 1180 448 pa·-

92 459 247 496 Rauda.
264 447 297 490 ti
327 448 526 491 referebat
553 446 603 490 ad
614 447 846 500 Christum,
875 448 1010 492 dicens
1020 463 1034 504 ;
1054 449 1182 506 susti-

255 505 380 565 ficati·
397 507 517 567 igitur
542 522 591 548 ex
609 506 716 564 fide,
738 521 870 567 pacem
908 507 1103 550 babeamus
1131 508 1181 551 ad

262 567 392 610 Deum
415 580 488 628 per
514 566 720 610 Dominum
749 569 911 624 nostrum
913 569 950 622 J
951 568 1051 625 esum
1063 568 1180 611 Chri-

168 631 187 663 b
254 627 362 682 stum
375 624 395 684 ';
424 639 500 687 par
526 642 636 684 quem
664 626 715 670 <b-
742 627 924 686 acceJJ'um
960 627 1133 671 habemus
1159 634 1178 662 b

258 697 331 744 per
346 685 469 743 fidem
495 687 537 729 itt
559 687 726 754 gratiam
753 688 860 744 istam
880 716 894 741 ‚
930 688 973 729 in
1002 703 1077 743 qua
1094 688 1176 743 sta-

261 760 364 798 mus,
393 745 443 788 (5¹
466 743 673 804 gloriamur
698 748 741 789 in
759 747 831 806 spe
854 744 984 805 gloriae
1003 745 1177 801 filiorum

261 805 359 847 Dei:
390 805 466 847 non
486 802 613 861 stilum
640 818 786 860 autem,
806 806 879 863 sed
905 806 954 849 δ’
968 803 1177 864 gloriamur

259 864 302 905 in
328 861 648 918 tribulationibus,
668 865 830 921 scientes
857 867 956 922 quod
981 863 1174 907 tribulatio

253 925 482 984 patientiam
512 938 706 984 operatur,
730 927 922 986 patientia
950 938 1074 967 autem
1088 938 1175 985 pro-

257 984 469 1037 bationem,
493 983 662 1044 probatio
692 1002 784 1028 vero
805 985 938 1045 spem,
959 985 1045 1043 spes
1054 1000 1179 1027 autem

257 1059 334 1086 non
362 1044 556 1101 confundit
577 1060 586 1086 :
625 1045 714 1100 quia
743 1045 903 1088 charitas
933 1046 1010 1086 Dei
1038 1043 1179 1102 diffusa

256 1104 312 1160 est
349 1104 390 1146 in
418 1103 609 1149 cordibus·
633 1105 763 1161 nostris
787 1117 856 1164 per
895 1105 1181 1163 Spiritum-san-

255 1165 355 1205 &um
374 1194 388 1218 ,
425 1165 491 1220 qui
519 1165 628 1206 datus
656 1166 712 1221 est
741 1164 843 1207 nobis
861 1195 871 1207 .
905 1167 962 1208 Et
992 1166 1138 1206 iterum
1157 1181 1178 1219 ‚-

81 1228 242 1269 Rom.8.33.
254 1224 361 1285 Qis
397 1239 461 1266 nos
489 1221 694 1283 separabit¹
710 1241 733 1266 a
771 1225 953 1267 charitate
994 1225 1143 1281 Christi
1160 1224 1183 1260 ?

255 1280 486 1326 tribulatio?
513 1300 563 1324 an
581 1284 782 1343 angustia?
810 1301 862 1326 an
869 1283 1100 1343 persecutio?
1129 1301 1179 1325 an

247 1340 395 1399 fames?
423 1358 474 1385 an
502 1343 676 1387 nuditas?
704 1361 754 1386 an
762 1342 1003 1403 periculum?
1033 1360 1083 1385 an
1098 1342 1183 1400 gla-

79 1425 177 1466 Pfi43·
193 1403 368 1459 ²²,dius-⁹
398 1404 504 1445 Sicut
525 1402 709 1462 scriptum
739 1406 814 1462 est,
842 1405 954 1464 Quia
980 1415 1183 1462 propterte

165 1477 183 1498 e
256 1462 526 1521 mortificamur
554 1476 635 1504 tota
663 1464 748 1518 die,
775 1471 789 1488 ε
819 1464 1122 1519 aesttmatisumus
1140 1476 1183 1503 ut

163 1529 183 1560 d
255 1538 344 1564 oves
372 1523 581 1581 occisionis:
610 1519 629 1547 ‘¹
649 1523 722 1580 sed
751 1526 791 1565 in
821 1526 877 1566 bis
906 1522 1183 1581 omnibussupe·

255 1598 379 1625 ramus
402 1595 474 1642 per
501 1598 587 1624 eum
616 1585 683 1637 qui
710 1583 848 1625 dilexit
859 1599 943 1626 nos.
980 1582 1109 1637 Hujus
1120 1595 1178 1624 to·

163 1659 181 1680 e
255 1642 436 1686 lerantiae
475 1643 670 1686 fortitudo
709 1655 726 1673 θ
766 1644 871 1686 unde
899 1644 1178 1695 descenderit,

254 1703 393 1746 beatus
425 1704 561 1747 Petrus
582 1733 595 1756 ‚
633 1705 671 1746 8<
702 1705 744 1745 in
775 1705 845 1746 illo
873 1705 1004 1745 omnis
1047 1703 1185 1745 Eccle-

255 1762 309 1804 fia
327 1793 342 1816 ,
382 1765 575 1805 Veritatis
606 1762 723 1820 ipfius
752 1778 850 1807 voce
882 1764 1055 1805 discebat
1074 1792 1088 1815 ‚
1127 1760 1184 1803 di-

80 1847 235 1886 uam„
253 1822 407 1880 centi83
438 1826 538 1865 Ecce
568 1824 733 1864 Satanas
755 1821 971 1882 postulavit
1002 1818 1018 1845 f
1044 1837 1088 1863 ut
1107 1837 1183 1863 cer-

160 1886 177 1917 s
252 1895 361 1924 neret
389 1897 458 1925 vos
488 1879 601 1924 velut
621 1884 814 1940 triticum;
844 1900 911 1941 ego
922 1898 1047 1924 aurem
1077 1898 1183 1940 roga-

251 1941 299 1982 vi
322 1953 392 1999 pro
422 1956 460 1984 te
478 1942 639 1995 ,Perre
658 1974 672 1995 ‚
701 1959 749 1984 ne
777 1943 931 1998 deficiat
960 1943 1053 1996 fides
1082 1957 1150 1984 tua
1170 1973 1182 1984 .

156 2013 179 2046 g
252 1999 444 2058 Quisquis
473 2002 598 2057 igitur
627 2007 644 2034 Β
674 2003 718 2044 in
749 2003 1070 2046 tribulationibus
1101 2017 1183 2044 non

251 2057 411 2112 deficit,
439 2059 490 2101 ab
521 2061 591 2101 illo
621 2061 659 2102 se
691 2076 772 2103 non
804 2062 960 2105 dubitet
991 2062 1185 2118 adjuvari,

251 2117 303 2161 ad
332 2133 454 2177 quem
483 2120 663 2176 quotidie
694 2120 813 2163 corda
843 2122 1120 2164 universorum
1141 2120 1185 2163 fi-

77 2219 136 2250 Μ,
155 2178 177 2211 ¹¹
251 2177 403 2221 delium
432 2180 636 2233 clamant,
666 2174 686 2202 ¹¹
714 2183 778 2222 Ne
807 2180 947 2236 inseras
957 2197 1021 2222 nos
1050 2183 1091 2222 in
1101 2196 1184 2222 ten·

81 2228 173 2299 ,3‚”'
208 2223 236 2251 ⁶⁸
253 2239 462 2292 tationem,
482 2237 554 2294 sed
579 2238 699 2282 libera
709 2257 774 2282 nos
803 2238 960 2282 amalo:
990 2243 1183 2298 quoniam

162 2301 173 2332 i
253 2294 266 2324 ³·
297 2299 477 2355 Custodit
506 2300 693 2342 Dominus
721 2301 868 2342 animas
879 2301 1094 2356 san5lorum
1098 2300 1184 2356 suo·

80 2339 178 2378 ¹7⁶⁶·
191 2350 240 2375 ὀ·
253 2373 362 2412 rum,
388 2360 436 2400 de
464 2374 578 2400 manu
593 2372 827 2419 peccatorum
853 2359 1025 2402 liberabit
1043 2375 1124 2402 eos.

319 2429 359 2458 α.
379 2417 511 2476 >Quod
543 2432 680 2462 autern
720 2419 819 2463 dicis
837 2450 851 2472 ,
891 2421 1069 2462 Gratiam
1107 2419 1188 2460 Dei

153 2493 174 2514 ι
256 2473 304 2516 ab
332 2476 369 2529 J
371 2476 414 2517 ob
450 2492 498 2518 ex
525 2492 567 2518 eo
596 2486 618 2514 Ιι
646 2476 938 2535 intelligendum
977 2494 1054 2520 non
1079 2477 1188 2535 peni-

257 2532 320 2575 tus
347 2534 534 2592 receffiffe
547 2565 561 2589 ‚
590 2537 690 2591 quod
717 2539 900 2578 tentatori
929 2538 1008 2586 ejus
1036 2546 1186 2575 tantam

164 2599 179 2635 l
262 2594 367 2633 Deus
394 2595 406 2620 ¹
435 2595 612 2636 tentandi
639 2594 785 2637 dederit
788 2596 1038 2654 potestatem,
1066 2606 1186 2647 quan-

78 2639 243 2716 ξῗξῖῗξξ,
258 2665 339 2694 tam
369 2652 419 2695 Θ·
447 2650 558 2694 illum
588 2653 784 2711 resistendi
793 2666 954 2694 noverat
963 2652 1096 2694 habere
1105 2651 1187 2692 vir-

77 2727 173 2750 tutem
197 2731 239 2751 re.
258 2723 406 2752 tutem:
436 2725 573 2754 nonne
604 2713 747 2756 tectius
779 2711 1029 2770 veraciusque
1049 2713 1089 2754 lo
1118 2725 1187 2753 ue·

75 2759 207 2831 fflssssffie
258 2770 379 2824 reris,
407 2770 434 2812 fi
465 2769 534 2812 ubi
563 2770 720 2823 dixisti,
758 2775 966 2832 ,Quantam
994 2771 1044 2816 δ’
1072 2767 1185 2812 ilum

80 2839 140 2876 lob
158 2851 194 2871 ex
210 2830 454 2888 lj-refistendi
482 2843 647 2872 noverat
664 2829 798 2872 babere
806 2832 991 2872 virtutem
1003 2846 1016 2886 ;
1043 2829 1186 2873 ”dice-

79 2879 153 2951 ᾖξ’
165 2879 242 2952 *ζξζ
257 2903 320 2932 res
350 2890 483 2948 potius
493 2887 515 2943 ,ἶ
536 2903 730 2948 quantam
762 2890 872 2933 &illi
892 2889 1093 2934 resistendi
1113 2904 1184 2933 no-

80 2940 373 3001 exg'ratia.verat
413 2949 452 2992 se
491 2947 635 2993 dedisse
674 2951 871 2993 virtutem
908 2949 925 2994 ἓ
961 2957 980 2978 ·
1020 2952 1070 2994 In
1101 2949 1182 3006 ejus

163 3010 195 3031 ¹⁷¹
377 3011 408 3050 S
410 3040 421 3052 .
453 3008 653 3069 Prosperi.

160 3049 184 3072 ΙΙ

297 3096 315 3117 a
333 3085 430 3125 Lugd.
452 3086 526 3117 [ον.
550 3085 638 3116 Duae.
659 3083 690 3116 ἃ
711 3084 820 3116 Colon.
837 3094 900 3116 erar
918 3093 1055 3126 paratus.

296 3126 317 3157 b
338 3126 396 3156 Hic
418 3127 561 3160 editiones
585 3127 667 3165 Mog=
689 3124 719 3156 ἂ
741 3125 821 3164 Ven.
841 3125 954 3156 addunt
976 3124 1035 3155 baec
1053 3144 1062 3159 ‚
1079 3131 1130 3165 por
1142 3122 1180 3161 fi·

250 3166 320 3199 ,dam
341 3176 350 3196 ι
369 3174 433 3206 quae
454 3166 597 3198 habentur
618 3165 649 3197 δι
670 3165 700 3195 in
733 3173 811 3195 textu
843 3165 976 3206 Apostoli
990 3187 998 3195 .
1026 3163 1123 3204 Lugd.
1148 3163 1180 3195 δι

257 3205 444 3246 posteriores,
465 3208 496 3237 in
513 3206 611 3248 gratia
630 3205 697 3245 usta.
717 3205 826 3236 colon.
847 3205 878 3236 in
917 3205 987 3235 lotia
1006 3204 1074 3243 ista.

298 3255 314 3276 c
335 3246 379 3277 Lu
400 3247 428 3278 d.
446 3244 478 3278 δι
499 3247 690 3281 recentiores,
711 3244 863 3284 existimati
895 3257 993 3276 amur.

296 3284 395 3356 delfin·
415 3286 472 3324 101.
493 3286 534 3319 Φ
552 3287 584 3317 in
602 3285 729 3317 omnibus
746 3306 755 3314 .
783 3283 844 3317 Ms.
870 3285 987 3326 Remig.
1019 3285 1058 3317 (9¹
1084 3285 1117 3314 in
1134 3283 1180 3315 his

257 3335 333 3357 emm
396 3346 404 3354 .

298 3375 315 3396 e
334 3365 362 3397 L
425 3387 432 3396 .
451 3364 483 3397 δι
502 3364 694 3405 posteriores,
714 3365 789 3396 unde
809 3365 998 3404 descenderet.

261 3418 265 3421 ·
298 3403 316 3435 s
332 3405 365 3436 M
387 3425 398 3436 .
423 3405 542 3445 Remig.
561 3405 593 3438 ἁ
613 3407 670 3444 101.
689 3415 722 3436 ut
741 3403 876 3435 cribraret
896 3416 964 3437 vos.

339 3445 382 3476 Lu
403 3445 431 3475 d.
451 3444 482 3476 &
502 3447 691 3482 recentiores,
712 3447 742 3475 in
762 3445 962 3477 tribulatione.

341 3485 374 3516 Μ
398 3506 406 3514 .
424 3484 544 3524 Remig.
563 3484 595 3517 ἃ
614 3486 672 3524 Jor.
691 3495 757 3518 cum
777 3485 847 3517 edit.
869 3486 954 3526 Mog.
981 3483 1014 3517 &
1041 3484 1120 3516 ven.
1140 3484 1184 3514 Ne

259 3536 311 3556 nos
329 3525 464 3555 inducas.

300 3564 312 3595 i
332 3565 413 3595 Edit.
436 3563 532 3604 Lugd.
551 3574 616 3595 cum
637 3565 859 3605 posterioribus,
879 3564 1008 3603 Custodit
1027 3566 1126 3597 Deus.

254 3615 257 3618 ’
295 3604 317 3635 k
337 3604 431 3646 Lugd.
451 3602 485 3636 ἂ
505 3604 688 3644 posteriores,
708 3617 776 3637 cum
798 3606 863 3638 Mss.
883 3606 975 3640 Corb.
1003 3603 1034 3637 &
1063 3603 1180 3644 Remig-

255 3645 474 3685 intelligendam
482 3665 490 3674 .

294 3683 305 3715 l
326 3685 406 3717 Edit.
440 3683 535 3725 Lugd.
553 3682 584 3715 ἃ
607 3694 619 3715 r
652 3686 778 3718 entiores
794 3705 804 3723 ,
830 3695 944 3717 santam
971 3687 1051 3727 Deus
1078 3683 1180 3716 tribuit

251 3725 430 3764 potestatem.
451 3724 548 3764 Lugd.
567 3734 628 3754 om!
645 3725 684 3757 tit
703 3733 809 3758 vocem
828 3726 923 3763 hanc,
941 3726 1037 3759 Deus.
1057 3723 1181 3762 Ms-Jol.

253 3765 426 3806 particulam
446 3765 501 3802 (5,
521 3772 590 3796 ante
609 3764 710 3798 illun-

282 3813 314 3836 ιιι
333 3805 395 3839 Ms.
413 3805 472 3844 Jol.
487 3806 587 3846 potius
604 3804 778 3844 affirmares.

2051 197 2150 232 201

1242 269 1356 312 enim
1391 270 1507 314 verbi
1554 268 1798 313 correffione
1825 297 1840 322 ,
1877 278 2006 310 totam
2045 268 2161 312 istam

1244 329 1412 385 gloriam
1424 360 1437 382 ,
1465 345 1587 388 quam
1607 329 1794 372 humanis
1811 327 1962 371 viribus
1982 324 2160 385 adsigna-

1239 402 1283 430 re
1314 388 1494 442 voluisti,
1521 390 1734 432 sobrietate
1773 389 1920 446 aliqua*
1944 387 2161 444 temperas-

1240 447 1298 490 ses
1327 463 1342 504 ;
1372 460 1416 490 ut
1446 449 1516 491 illa
1546 450 1741 492 mirabilis
1769 449 1814 491 in
1843 461 1960 491 tanta
1977 446 2158 506 affliffio-

1239 521 1292 550 ne
1313 508 1535 564 patientia,
1563 508 1933 565 ⁰&Deiadjutorio
1962 509 2002 550 8<
2030 506 2158 550 libero

1238 567 1416 610 hominis
1446 567 1732 611 adscriberetur
1761 569 1950 611 arbitrio.
1982 566 2060 611 Sed
2090 581 2159 609 ve-

1235 627 1334 670 ritus
1363 641 1404 669 es
1443 640 1594 670 naturae
1632 629 1818 671 humanae
1856 630 2037 671 minuere
2077 628 2161 670 lau-

1235 685 1352 738 dem,
1381 686 1407 728 fi
1438 687 1478 729 ei
1507 687 1748 745 profitereris
1779 703 1803 731 a
1825 689 1918 731 Deo
1946 687 2086 730 datam
2104 685 2156 728 es·

1237 745 1275 788 se
1306 746 1498 789 virtutem
1519 777 1531 789 .
1560 762 1579 791 ε
1609 748 1703 790 ldeo
1732 748 1937 791 conflic’tus
1965 747 2071 790 illius
2100 758 2159 787 at·
2231 761 2251 793 p

1235 820 1311 863 que
1343 805 1516 849 vif’toriae
1556 822 1639 850 non
1680 809 1740 850 vis
1779 806 1887 850 credi
1926 818 2160 863 cooperato-

1236 879 1324 907 rem
1359 866 1496 908 Deum
1526 866 1659 919 fuisse,
1690 867 1753 909 sed
1774 865 2055 909 tantummodo
2074 865 2160 922 spe·

1235 923 1427 967 &latorem
1459 941 1469 966 ε
1500 937 1543 967 ut
1573 926 1636 968 cui
1666 938 1684 964 «ι
1715 926 1948 982 persuadere
1989 925 2161 982 poteris,

1238 999 1312 1042 per
1342 984 1567 1027 naturalem
1596 985 1712 1027 liberi
1743 985 1899 1027 arbitrii
1928 984 2164 1027 facultatem

1239 1056 1325 1086 tam
1356 1042 1522 1086 arduum
1554 1056 1760 1087 certamen
1791 1044 1968 1086 eviaum
2000 1059 2013 1099 ;
2051 1042 2165 1085 dubi-

1240 1115 1327 1146 tate
1367 1118 1449 1146 non
1490 1102 1632 1147 audeat
1671 1105 1715 1147 in
1764 1104 1980 1147 levioribus
2029 1103 2164 1146 cauffis

1240 1164 1367 1206 multo
1397 1163 1602 1207 liberiores
1631 1163 1705 1207 effe
1736 1164 1849 1206 bonae
1870 1164 2089 1205 voluntatis
2109 1162 2165 1205 es·

1242 1222 1366 1265 fefius
1397 1239 1409 1279 ;
1441 1236 1559 1280 atque
1590 1224 1646 1266 ita
1686 1239 1698 1256 ¹
1738 1224 1780 1266 in
1821 1224 1925 1266 illius
1964 1222 2165 1265 damnatae
2244 1256 2261 1279 ι

1242 1282 1448 1326 sententiae
1478 1283 1641 1325 foveam
1670 1282 1787 1326 cadat
1818 1299 1831 1340 ς
1861 1297 1939 1340 qua
1977 1281 2123 1324 dicitur
2152 1311 2167 1335 ,

1243 1341 1334 1385 ideo
1363 1342 1476 1384 nobis
1507 1343 1681 1399 gratiam
1711 1341 1996 1398 justificationis
2035 1341 2122 1384 dari
2151 1371 2166 1394 ,

1242 1413 1286 1443 ut
1317 1401 1421 1459 quod
1451 1401 1587 1445 facere
1613 1417 1686 1459 per
1715 1402 1885 1446 liberum
1903 1403 2086 1459 jubemur
2105 1415 2166 1443 ar-

1243 1461 1432 1514 bitrium,
1461 1461 1615 1504 facilius
1646 1469 1656 1494 ¹
1686 1462 1871 1519 possimus
1891 1464 2061 1520 implere
2092 1474 2166 1518 per
2247 1483 2265 1513 s

1243 1521 1418 1577 gratiam
1448 1536 1462 1576 3
1492 1532 1702 1579 tamquam
1732 1523 1802 1564 etsi
1834 1524 1964 1579 gratia
1997 1535 2079 1564 non
2099 1521 2167 1562 da-

1238 1594 1348 1622 retur
1369 1610 1383 1633 ,
1423 1594 1503 1621 non
1535 1580 1699 1638 quidem
1738 1582 1856 1624 facile
1876 1612 1889 1635 ,
1928 1580 1992 1624 sed
2025 1594 2166 1624 tamen

1241 1638 1458 1697 possemus,
1488 1641 1613 1682 etiam
1646 1641 1728 1685 fine
1760 1642 1829 1684 illa
1848 1672 1861 1694 ,
1899 1642 2069 1698 implere
2109 1639 2168 1682 di-

1242 1700 1341 1741 vina
1382 1698 1574 1741 mandata
1612 1731 1623 1741 .
1665 1701 1804 1758 Quod,
1836 1702 1929 1758 quia
1977 1699 2169 1744 catholici

1243 1757 1454 1801 Pontifices
1492 1758 1661 1816 dignum
1700 1761 1963 1802 anathemate
2011 1759 2171 1802 censue-

1241 1848 1268 1873 „
1298 1830 1391 1860 runt
1422 1834 1436 1875 3
1467 1818 1665 1861 utendum
1693 1821 1809 1862 nobis
1838 1819 1893 1862 est
1925 1835 1974 1861 eo
2004 1834 2083 1877 quo
2113 1818 2169 1860 usi
2185 1841 2326 1885 cmbq·

1242 1909 1269 1933 5,
1298 1878 1388 1921 sunt
1420 1879 1673 1932 testimonio,
1704 1878 1906 1932 dicentes,
1937 1881 2004 1922 De
2035 1877 2169 1921 fruffi-
2185 1885 2346 1916 oanan..

1237 1968 1266 1992 ‚,
1295 1939 1366 1981 bus
1405 1941 1517 1981 enim
1554 1938 1839 1982 mandatorum
1871 1939 2075 1982 Dominus
2113 1923 2347 2004 lo-{sjssssssfissss

1243 2029 1269 2052 „
1298 2000 1518 2056 quebatur,
1546 1999 1614 2043 ubi
1646 2013 1730 2043 non
1760 2000 1841 2051 ait,
1870 2002 1882 2019 ²
1902 2000 1998 2042 Sine
2018 2013 2085 2041 me
2112 1997 2168 2039 di·
2253 2011 2265 2033 t

1243 2089 1271 2112 „
1299 2059 1453 2102 fficnius
1513 2057 1646 2102 otestis
1676 2058 1839 2103 facere:
1869 2057 1934 2101 sed
1965 2060 2046 2111 ait,
2075 2044 2269 2122 Sine{;‘{''·
2298 2051 2343 2079 ¹⁵·

1244 2148 1271 2172 „
1301 2133 1360 2159 me
1399 2074 1511 2161 nihii)
1532 2118 1688 2177 potestis
1710 2117 1859 2174 facere.

1440 2267 1802 2304 CAPUT
1875 2269 1971 2304 XVI.

1243 2350 1337 2395 Qod
1347 2351 1454 2397 supra
1475 2349 1627 2384 docuerat
1651 2348 1818 2394 Caffiamis
1837 2349 2043 2384 centurionis
2071 2362 2173 2384 evan-

1271 2396 1276 2403 '
1294 2399 1390 2447 gelici
1411 2401 1555 2446 exemplo
1572 2412 1625 2434 con
1652 2411 1755 2434 rmare
1784 2398 1901 2433 nititur
1926 2412 1939 2432 .·
1964 2398 2058 2441 cujus
2083 2398 2172 2441 Defi-

1299 2447 1380 2481 m‘tio
1398 2449 1562 2482 undecima
1591 2461 1607 2481 e
1661 2461 1670 2481 ε
1696 2446 1833 2482 Nullius
1858 2446 1969 2482 Iaudts
1996 2457 2038 2479 ac
2065 2445 2173 2481 meriti

1299 2495 1376 2539 offe,
1395 2494 1429 2535 st
1446 2495 1483 2528 id
1500 2500 1534 2533 in
1557 2508 1592 2529 eo
1610 2495 1874 2541 Christus‚quod
1890 2495 1955 2541 ipse
1972 2493 2168 2539 donaverat,

1292 2542 1482 2590 pretuliffet
1491 2568 1500 2578 .
1527 2545 1651 2578 Contra
1659 2543 1779 2590 probat
1790 2546 1827 2579 S.
1838 2543 1974 2591 Prosper
1985 2570 1996 2588 ,
2005 2543 2092 2590 quod
2099 2544 2175 2579 laus

1295 2593 1339 2628 (9·
1358 2591 1504 2626 meritum
1521 2592 1738 2639 pergratiam
1756 2605 1816 2628 non
1844 2595 2013 2639 auferatur
2030 2619 2042 2629 .
2076 2594 2174 2629 Fidei

1296 2654 1417 2690 quoque
1436 2641 1480 2676 Θ·
1509 2642 1598 2678 bom's
1629 2643 1778 2688 operibus
1806 2642 1933 2679 laudem
1960 2655 1999 2679 ae
2024 2644 2173 2680 meritum

1295 2691 1421 2736 tribui,
1438 2690 1512 2734 stne
1526 2692 1718 2740 prejudicio
1732 2692 1872 2740 gratiae.

1250 2775 1272 2796 ²*
1303 2769 1467 2880 HIs
1485 2780 1620 2810 autem
1639 2766 1938 2812 definitionibus
1956 2771 2058 2823 tuis,
2076 2783 2173 2828 quas
2226 2793 2244 2812 ι
2269 2794 2347 2825 aa„

1436 2826 1633 2870 credidisti
1663 2827 1808 2871 idonea
1829 2829 2065 2872 auEtoritate
2087 2845 2172 2872 mu·
2189 2836 2316 2876 Cat-3⁶·

1243 2888 1610 2944 nitas,‚tamquam
1643 2886 1693 2930 de
1725 2887 1916 2932 consensu
1944 2890 2171 2947 legentium

1243 2947 1396 2992 securus
1407 2975 1421 2999 ‚
1439 2946 1644 3006 adjungis,
1661 2949 1795 3051 Sole&
1806 2949 2014 2994 interdum
2023 2951 2165 3050 Degun

1798 3023 1820 3051 c
2057 3023 2079 3052 a

1250 3108 1253 3111 .
1280 3091 1303 3114 n
1321 3084 1369 3113 Ita
1390 3078 1456 3112 ΜΚ.
1475 3081 1566 3113 Corb.
1585 3082 1703 3121 Remig.
1724 3081 1755 3113 δι
1774 3082 1832 3119 Jol.
1851 3092 1919 3113 curn
1940 3083 2026 3114 editis
2046 3082 2170 3123 Meg-81

1240 3123 1317 3154 Ven.
1339 3120 1432 3161 Lugd.
1457 3121 1488 3153 δι
1510 3123 1614 3162 reliqui
1634 3123 1766 3155 codices.
1786 3123 1880 3155 Unim
1899 3124 1975 3154 enim
2003 3123 2084 3154 verbi
2111 3134 2170 3154 cor-

1239 3163 1321 3195 reSio
1340 3183 1347 3190 ·
1373 3185 1384 3195 .
1407 3184 1417 3194 .
1437 3183 1446 3192 .
1469 3162 1656 3203 temperaffet.

1278 3214 1299 3234 ο
1320 3204 1377 3236 Ms.
1397 3201 1514 3243 Remig.
1533 3203 1652 3235 omittit
1672 3203 1846 3244 particulam
1874 3204 1913 3235 <9-
1938 3211 2008 3235 ante
2034 3213 2135 3235 vocem
2157 3224 2168 3239 .

1239 3242 1311 3355 ³¹1}-
1319 3283 1378 3360 {w}
1394 3281 1465 3353 ‘1012‘
1475 3291 1542 3312 cum
1565 3284 1660 3325 Lugd.
1676 3282 1708 3315 &
1728 3282 1945 3324 posterioribus.
1966 3285 2066 3323 ltaque
2083 3284 2168 3315 idem.

1293 3344 1302 3353 ο
1368 3346 1376 3355 .
1398 3333 1429 3352 CY
1513 3344 1523 3354 .

1241 3333 2137 3442 &affin-„iissezzzffmczzmvffza
2157 3384 2168 3396 ·

1241 3444 1356 3475 Eadem
1377 3444 1473 3484 Lugd.
1493 3442 1525 3475 ἃ
1543 3445 1720 3475 recentiores
1740 3444 1883 3474 omittunt
1906 3454 2007 3475 vocem
2022 3464 2033 3481 ,
2053 3443 2136 3476 liberi
2154 3426 2167 3480 2

1243 3492 1313 3516 ante
1332 3483 1450 3515 arbitrii
1455 3505 1465 3513 .

1282 3534 1296 3555 r
1317 3525 1403 3564 Mog.
1423 3523 1456 3556 δι
1477 3523 1554 3554 ven.
1573 3523 1605 3554 in
1624 3523 1709 3554 itlius
1734 3523 1902 3554 damnatam
1921 3524 2095 3563 sententiam
2120 3533 2166 3555 ea-

1242 3565 1312 3600 dat,
1335 3565 1392 3595 Ms.
1411 3565 1467 3602 101.
1488 3563 1519 3592 in
1534 3561 1587 3601 jus
1605 3563 1748 3594 damnate
1758 3563 1907 3601 sententia
1923 3565 2028 3597 cadat.

1279 3605 1296 3635 s
1311 3605 1406 3644 Lugd.
1433 3604 1465 3634 ἃ
1485 3603 1674 3643 posteriores.
1688 3602 1836 3643 poffimus.

1281 3653 1294 3675 t
1316 3645 1376 3675 Hic
1401 3643 1545 3674 editiones
1566 3643 1652 3684 Mog.
1670 3642 1702 3674 δι
1724 3643 1799 3674 Ven.
1820 3644 1883 3675 solz
1910 3644 2007 3684 primo
2035 3643 2165 3675 inserunt

1241 3685 1320 3716 hunc
1343 3683 1502 3724 Evangelii
1523 3683 1639 3720 locum,
1660 3683 1727 3714 Sine
1745 3694 1790 3713 me
1809 3684 1886 3715 nihil
1905 3684 2018 3725 potestis
2038 3683 2133 3720 facere
2151 3692 2165 3712 .·

1241 3735 1329 3766 quem
1350 3723 1414 3766 post
1434 3733 1527 3766 pauca
1553 3732 1620 3755 cum
1645 3723 1749 3756 ceteris
1773 3724 1923 3756 codicibus
1950 3726 2061 3756 iterum
2085 3733 2162 3763 repe·

1240 3772 1328 3797 tunt·
