<?xml version="1.0" encoding="UTF-8"?>
<!DOCTYPE html PUBLIC "-//W3C//DTD XHTML 1.0 Transitional//EN"
    "http://www.w3.org/TR/xhtml1/DTD/xhtml1-transitional.dtd">
<html xmlns="http://www.w3.org/1999/xhtml" xml:lang="en" lang="en">
 <head>
  <title>
</title>
<meta http-equiv="Content-Type" content="text/html;charset=utf-8" />
  <meta name='ocr-system' content='tesseract 3.04.00' />
  <meta name='ocr-capabilities' content='ocr_page ocr_carea ocr_par ocr_line ocrx_word'/>
</head>
<body>
  <div class='ocr_page' id='page_1' title='image "./sanctiprosperiaq00prosuoft_0875.png"; bbox 0 0 2652 4126; ppageno 0'>
   <div class='ocr_carea' id='block_1_1' title="bbox 460 194 2196 284">
    <p class='ocr_par' dir='ltr' id='par_1_1' title="bbox 460 194 2196 284">
     <span class='ocr_line' id='line_1_1' title="bbox 460 194 2196 284; baseline 0.004 -31"><span class='ocrx_word' id='word_1_1' title='bbox 460 197 536 254; x_wconf 83' lang='grc' dir='ltr'>ΙΝ</span> <span class='ocrx_word' id='word_1_2' title='bbox 579 194 812 254; x_wconf 67' lang='grc' dir='ltr'><strong>ΑΡοεΤ.</strong></span> <span class='ocrx_word' id='word_1_3' title='bbox 855 195 1196 255; x_wconf 80' lang='lat' dir='ltr'>PRINclpl-:S</span> <span class='ocrx_word' id='word_1_4' title='bbox 1238 212 1503 258; x_wconf 73' lang='lat' dir='ltr'>PETRUM</span> <span class='ocrx_word' id='word_1_5' title='bbox 1549 216 1623 259; x_wconf 81' lang='lat' dir='ltr'>ET</span> <span class='ocrx_word' id='word_1_6' title='bbox 1666 215 1964 263; x_wconf 68' lang='lat' dir='ltr'>PAULtm.</span> <span class='ocrx_word' id='word_1_7' title='bbox 2087 215 2196 284; x_wconf 70' lang='lat'>&#39;287</span> 
     </span>
    </p>
   </div>
   <div class='ocr_carea' id='block_1_2' title="bbox 279 290 1219 895">
    <p class='ocr_par' dir='ltr' id='par_1_2' title="bbox 279 290 1219 895">
     <span class='ocr_line' id='line_1_2' title="bbox 279 290 1210 342; baseline 0.003 -14"><span class='ocrx_word' id='word_1_8' title='bbox 279 293 346 328; x_wconf 82' lang='lat' dir='ltr'>fico</span> <span class='ocrx_word' id='word_1_9' title='bbox 356 290 554 328; x_wconf 83' lang='lat' dir='ltr'>detrahere:</span> <span class='ocrx_word' id='word_1_10' title='bbox 574 305 643 328; x_wconf 90' lang='lat' dir='ltr'>non</span> <span class='ocrx_word' id='word_1_11' title='bbox 653 293 814 329; x_wconf 88' lang='lat' dir='ltr'>admirari</span> <span class='ocrx_word' id='word_1_12' title='bbox 825 298 1014 342; x_wconf 87' lang='lat' dir='ltr'>potentiam</span> <span class='ocrx_word' id='word_1_13' title='bbox 1025 319 1037 337; x_wconf 92' lang='lat'>‚</span> <span class='ocrx_word' id='word_1_14' title='bbox 1048 293 1102 331; x_wconf 76' lang='lat' dir='ltr'>sed</span> <span class='ocrx_word' id='word_1_15' title='bbox 1113 307 1210 331; x_wconf 89' lang='lat' dir='ltr'>cona-</span> 
     </span>
     <span class='ocr_line' id='line_1_3' title="bbox 279 341 1211 391; baseline 0.004 -13"><span class='ocrx_word' id='word_1_16' title='bbox 279 346 308 378; x_wconf 87' lang='lat' dir='ltr'>ri</span> <span class='ocrx_word' id='word_1_17' title='bbox 325 341 414 390; x_wconf 88' lang='lat' dir='ltr'>gesta</span> <span class='ocrx_word' id='word_1_18' title='bbox 424 342 556 379; x_wconf 88' lang='lat' dir='ltr'>elevare</span> <span class='ocrx_word' id='word_1_19' title='bbox 568 370 575 378; x_wconf 92' lang='lat'><strong>.</strong></span> <span class='ocrx_word' id='word_1_20' title='bbox 603 343 745 380; x_wconf 84' lang='lat' dir='ltr'>Credite</span> <span class='ocrx_word' id='word_1_21' title='bbox 755 343 808 379; x_wconf 92' lang='lat' dir='ltr'>vel</span> <span class='ocrx_word' id='word_1_22' title='bbox 822 343 1014 391; x_wconf 88' lang='lat' dir='ltr'>parentibus</span> <span class='ocrx_word' id='word_1_23' title='bbox 1024 370 1037 387; x_wconf 88' lang='lat'>‚</span> <span class='ocrx_word' id='word_1_24' title='bbox 1059 358 1083 380; x_wconf 93' lang='lat' dir='ltr'>o</span> <span class='ocrx_word' id='word_1_25' title='bbox 1094 344 1211 382; x_wconf 80' lang='lat' dir='ltr'>Phari·</span> 
     </span>
     <span class='ocr_line' id='line_1_4' title="bbox 279 390 1210 444; baseline 0.004 -16"><span class='ocrx_word' id='word_1_26' title='bbox 279 392 332 428; x_wconf 82' lang='lat' dir='ltr'>saei</span> <span class='ocrx_word' id='word_1_27' title='bbox 345 393 353 428; x_wconf 89' lang='lat' dir='ltr'>l</span> <span class='ocrx_word' id='word_1_28' title='bbox 371 391 413 428; x_wconf 80' lang='lat' dir='ltr'>sic</span> <span class='ocrx_word' id='word_1_29' title='bbox 423 403 539 429; x_wconf 86' lang='lat' dir='ltr'>natum</span> <span class='ocrx_word' id='word_1_30' title='bbox 559 390 621 428; x_wconf 79' lang='lat' dir='ltr'>effe</span> <span class='ocrx_word' id='word_1_31' title='bbox 631 405 763 429; x_wconf 89' lang='lat' dir='ltr'>coecum</span> <span class='ocrx_word' id='word_1_32' title='bbox 783 392 961 430; x_wconf 89' lang='lat' dir='ltr'>hominem</span> <span class='ocrx_word' id='word_1_33' title='bbox 973 409 983 433; x_wconf 76' lang='lat'>5</span> <span class='ocrx_word' id='word_1_34' title='bbox 1011 394 1210 444; x_wconf 85' lang='lat' dir='ltr'>rursumque</span> 
     </span>
     <span class='ocr_line' id='line_1_5' title="bbox 279 442 1210 491; baseline 0.003 -12"><span class='ocrx_word' id='word_1_35' title='bbox 279 443 323 479; x_wconf 78' lang='lat' dir='ltr'>ad</span> <span class='ocrx_word' id='word_1_36' title='bbox 333 446 480 479; x_wconf 85' lang='lat' dir='ltr'>Coecum</span> <span class='ocrx_word' id='word_1_37' title='bbox 492 446 635 479; x_wconf 75' lang='lat' dir='ltr'>recurrit</span> <span class='ocrx_word' id='word_1_38' title='bbox 647 468 658 485; x_wconf 90' lang='lat'>‚</span> <span class='ocrx_word' id='word_1_39' title='bbox 685 442 897 491; x_wconf 90' lang='lat' dir='ltr'>secundoque</span> <span class='ocrx_word' id='word_1_40' title='bbox 909 470 921 487; x_wconf 93' lang='lat'>,</span> <span class='ocrx_word' id='word_1_41' title='bbox 946 458 984 481; x_wconf 90' lang='lat' dir='ltr'>ac</span> <span class='ocrx_word' id='word_1_42' title='bbox 998 449 1104 482; x_wconf 88' lang='lat' dir='ltr'>tertio</span> <span class='ocrx_word' id='word_1_43' title='bbox 1114 458 1210 482; x_wconf 89' lang='lat' dir='ltr'>certo</span> 
     </span>
     <span class='ocr_line' id='line_1_6' title="bbox 279 491 1210 532; baseline 0.004 -4"><span class='ocrx_word' id='word_1_44' title='bbox 279 491 324 528; x_wconf 88' lang='lat' dir='ltr'>ab</span> <span class='ocrx_word' id='word_1_45' title='bbox 333 505 376 528; x_wconf 91' lang='lat' dir='ltr'>eo</span> <span class='ocrx_word' id='word_1_46' title='bbox 385 492 530 529; x_wconf 88' lang='lat' dir='ltr'>docendi</span> <span class='ocrx_word' id='word_1_47' title='bbox 541 492 649 529; x_wconf 89' lang='lat' dir='ltr'>malos</span> <span class='ocrx_word' id='word_1_48' title='bbox 659 505 799 530; x_wconf 82' lang='lat' dir='ltr'>conatus</span> <span class='ocrx_word' id='word_1_49' title='bbox 808 507 846 531; x_wconf 88' lang='lat' dir='ltr'>ac</span> <span class='ocrx_word' id='word_1_50' title='bbox 865 494 996 531; x_wconf 74' lang='lat' dir='ltr'>insidias</span> <span class='ocrx_word' id='word_1_51' title='bbox 1009 522 1016 531; x_wconf 94' lang='lat'><strong><em>.</em></strong></span> <span class='ocrx_word' id='word_1_52' title='bbox 1043 495 1114 532; x_wconf 90' lang='lat' dir='ltr'>Ubi</span> <span class='ocrx_word' id='word_1_53' title='bbox 1125 505 1210 532; x_wconf 84' lang='lat' dir='ltr'>vero</span> 
     </span>
     <span class='ocr_line' id='line_1_7' title="bbox 281 542 1211 594; baseline 0.005 -16"><span class='ocrx_word' id='word_1_54' title='bbox 281 546 334 591; x_wconf 88' lang='lat' dir='ltr'>pri</span> <span class='ocrx_word' id='word_1_55' title='bbox 341 555 412 580; x_wconf 89' lang='lat' dir='ltr'>mus</span> <span class='ocrx_word' id='word_1_56' title='bbox 422 554 561 580; x_wconf 87' lang='lat' dir='ltr'>conatus</span> <span class='ocrx_word' id='word_1_57' title='bbox 570 556 640 580; x_wconf 92' lang='lat' dir='ltr'>non</span> <span class='ocrx_word' id='word_1_58' title='bbox 654 542 837 581; x_wconf 72' lang='lat' dir='ltr'>successerit</span> <span class='ocrx_word' id='word_1_59' title='bbox 847 569 860 586; x_wconf 91' lang='lat'>,</span> <span class='ocrx_word' id='word_1_60' title='bbox 885 544 927 581; x_wconf 91' lang='lat' dir='ltr'>ad</span> <span class='ocrx_word' id='word_1_61' title='bbox 939 544 1119 582; x_wconf 65' lang='lat' dir='ltr'>secundum</span> <span class='ocrx_word' id='word_1_62' title='bbox 1131 559 1211 594; x_wconf 84' lang='lat' dir='ltr'>pro·</span> 
     </span>
     <span class='ocr_line' id='line_1_8' title="bbox 281 591 1210 637; baseline 0.005 -9"><span class='ocrx_word' id='word_1_63' title='bbox 281 592 392 629; x_wconf 86' lang='lat' dir='ltr'>cedite</span> <span class='ocrx_word' id='word_1_64' title='bbox 411 607 420 629; x_wconf 75' lang='lat' dir='ltr'>t</span> <span class='ocrx_word' id='word_1_65' title='bbox 446 591 505 630; x_wconf 91' lang='lat' dir='ltr'>ubi</span> <span class='ocrx_word' id='word_1_66' title='bbox 524 606 586 629; x_wconf 90' lang='lat' dir='ltr'>nee</span> <span class='ocrx_word' id='word_1_67' title='bbox 604 593 764 630; x_wconf 71' lang='lat' dir='ltr'>secundus</span> <span class='ocrx_word' id='word_1_68' title='bbox 777 620 790 637; x_wconf 92' lang='lat'>,</span> <span class='ocrx_word' id='word_1_69' title='bbox 814 594 856 632; x_wconf 87' lang='lat' dir='ltr'>ad</span> <span class='ocrx_word' id='word_1_70' title='bbox 876 598 1015 631; x_wconf 86' lang='lat' dir='ltr'>tertium</span> <span class='ocrx_word' id='word_1_71' title='bbox 1035 610 1044 631; x_wconf 71' lang='grc' dir='ltr'><strong>ε</strong></span> <span class='ocrx_word' id='word_1_72' title='bbox 1070 595 1128 632; x_wconf 93' lang='lat' dir='ltr'>ubi</span> <span class='ocrx_word' id='word_1_73' title='bbox 1148 610 1210 633; x_wconf 90' lang='lat' dir='ltr'>nec</span> 
     </span>
     <span class='ocr_line' id='line_1_9' title="bbox 282 643 1212 695; baseline 0.004 -16"><span class='ocrx_word' id='word_1_74' title='bbox 282 646 403 680; x_wconf 91' lang='lat' dir='ltr'>tertius</span> <span class='ocrx_word' id='word_1_75' title='bbox 415 668 427 686; x_wconf 93' lang='lat'>,</span> <span class='ocrx_word' id='word_1_76' title='bbox 445 643 603 692; x_wconf 85' lang='lat' dir='ltr'><strong>deinceps</strong></span> <span class='ocrx_word' id='word_1_77' title='bbox 614 644 655 679; x_wconf 85' lang='lat' dir='ltr'>ad</span> <span class='ocrx_word' id='word_1_78' title='bbox 667 656 826 692; x_wconf 88' lang='lat' dir='ltr'>quartum</span> <span class='ocrx_word' id='word_1_79' title='bbox 835 672 844 680; x_wconf 91' lang='lat'><strong>.</strong></span> <span class='ocrx_word' id='word_1_80' title='bbox 873 644 1005 682; x_wconf 79' lang='lat' dir='ltr'>Astutae</span> <span class='ocrx_word' id='word_1_81' title='bbox 1015 646 1127 695; x_wconf 83' lang='lat' dir='ltr'>vulpis</span> <span class='ocrx_word' id='word_1_82' title='bbox 1138 660 1212 683; x_wconf 92' lang='lat' dir='ltr'>cur-</span> 
     </span>
     <span class='ocr_line' id='line_1_10' title="bbox 283 692 1214 744; baseline 0.003 -14"><span class='ocrx_word' id='word_1_83' title='bbox 283 693 334 730; x_wconf 86' lang='lat' dir='ltr'>sus</span> <span class='ocrx_word' id='word_1_84' title='bbox 343 692 472 730; x_wconf 89' lang='lat' dir='ltr'>versate</span> <span class='ocrx_word' id='word_1_85' title='bbox 493 709 503 730; x_wconf 69' lang='lat' dir='ltr'>a</span> <span class='ocrx_word' id='word_1_86' title='bbox 528 707 566 730; x_wconf 89' lang='lat' dir='ltr'>ac</span> <span class='ocrx_word' id='word_1_87' title='bbox 576 693 716 741; x_wconf 88' lang='lat' dir='ltr'>quidem</span> <span class='ocrx_word' id='word_1_88' title='bbox 728 698 825 731; x_wconf 90' lang='lat' dir='ltr'>omni</span> <span class='ocrx_word' id='word_1_89' title='bbox 837 707 899 732; x_wconf 92' lang='lat' dir='ltr'>vos</span> <span class='ocrx_word' id='word_1_90' title='bbox 910 706 1003 744; x_wconf 90' lang='lat' dir='ltr'>parte</span> <span class='ocrx_word' id='word_1_91' title='bbox 1015 709 1077 733; x_wconf 87' lang='lat' dir='ltr'>ceu</span> <span class='ocrx_word' id='word_1_92' title='bbox 1088 696 1214 744; x_wconf 82' lang='lat' dir='ltr'>indagi-</span> 
     </span>
     <span class='ocr_line' id='line_1_11' title="bbox 282 745 1215 794; baseline 0.003 -14"><span class='ocrx_word' id='word_1_93' title='bbox 282 756 324 780; x_wconf 89' lang='lat' dir='ltr'>ne</span> <span class='ocrx_word' id='word_1_94' title='bbox 332 747 472 793; x_wconf 88' lang='lat' dir='ltr'>cingunt</span> <span class='ocrx_word' id='word_1_95' title='bbox 491 747 642 781; x_wconf 86' lang='lat' dir='ltr'>veritatis</span> <span class='ocrx_word' id='word_1_96' title='bbox 655 748 760 784; x_wconf 79' lang='lat' dir='ltr'>retia,-</span> <span class='ocrx_word' id='word_1_97' title='bbox 787 758 848 782; x_wconf 90' lang='lat' dir='ltr'>nec</span> <span class='ocrx_word' id='word_1_98' title='bbox 859 745 933 781; x_wconf 81' lang='lat' dir='ltr'>fieri</span> <span class='ocrx_word' id='word_1_99' title='bbox 945 746 1056 794; x_wconf 89' lang='lat' dir='ltr'>potest</span> <span class='ocrx_word' id='word_1_100' title='bbox 1076 758 1114 783; x_wconf 91' lang='lat' dir='ltr'>ut</span> <span class='ocrx_word' id='word_1_101' title='bbox 1123 760 1140 783; x_wconf 86' lang='lat' dir='ltr'>a</span> <span class='ocrx_word' id='word_1_102' title='bbox 1152 750 1215 783; x_wconf 72' lang='lat' dir='ltr'>mi·</span> 
     </span>
     <span class='ocr_line' id='line_1_12' title="bbox 283 793 1219 834; baseline 0.003 -4"><span class='ocrx_word' id='word_1_103' title='bbox 283 793 402 831; x_wconf 84' lang='lat' dir='ltr'>raculo</span> <span class='ocrx_word' id='word_1_104' title='bbox 412 798 543 832; x_wconf 88' lang='lat' dir='ltr'>exitum</span> <span class='ocrx_word' id='word_1_105' title='bbox 554 797 731 831; x_wconf 87' lang='lat' dir='ltr'>inveniatis</span> <span class='ocrx_word' id='word_1_106' title='bbox 742 822 750 831; x_wconf 92' lang='lat'>.</span> <span class='ocrx_word' id='word_1_107' title='bbox 777 797 967 833; x_wconf 85' lang='lat' dir='ltr'>Enimvero</span> <span class='ocrx_word' id='word_1_108' title='bbox 978 797 1104 833; x_wconf 88' lang='lat' dir='ltr'>nullam</span> <span class='ocrx_word' id='word_1_109' title='bbox 1115 801 1219 834; x_wconf 88' lang='lat' dir='ltr'>omit-</span> 
     </span>
     <span class='ocr_line' id='line_1_13' title="bbox 283 841 1218 895; baseline 0.004 -15"><span class='ocrx_word' id='word_1_110' title='bbox 283 847 346 880; x_wconf 85' lang='lat' dir='ltr'>tite</span> <span class='ocrx_word' id='word_1_111' title='bbox 364 841 543 893; x_wconf 84' lang='lat' dir='ltr'>strophem</span> <span class='ocrx_word' id='word_1_112' title='bbox 562 858 686 881; x_wconf 74' lang='lat' dir='ltr'>araneae</span> <span class='ocrx_word' id='word_1_113' title='bbox 706 855 856 882; x_wconf 84' lang='lat' dir='ltr'>texentes</span> <span class='ocrx_word' id='word_1_114' title='bbox 876 845 978 882; x_wconf 87' lang='lat' dir='ltr'>telam</span> <span class='ocrx_word' id='word_1_115' title='bbox 999 872 1012 889; x_wconf 94' lang='lat'>,</span> <span class='ocrx_word' id='word_1_116' title='bbox 1037 851 1127 883; x_wconf 85' lang='lat' dir='ltr'>varie</span> <span class='ocrx_word' id='word_1_117' title='bbox 1145 851 1218 895; x_wconf 89' lang='lat' dir='ltr'>qui-</span> 
     </span>
    </p>
   </div>
   <div class='ocr_carea' id='block_1_3' title="bbox 1271 295 2393 548">
    <p class='ocr_par' dir='ltr' id='par_1_3' title="bbox 1271 295 2199 347">
     <span class='ocr_line' id='line_1_14' title="bbox 1271 295 2199 347; baseline 0.003 -16"><span class='ocrx_word' id='word_1_118' title='bbox 1271 295 1352 332; x_wconf 82' lang='lat' dir='ltr'>culo</span> <span class='ocrx_word' id='word_1_119' title='bbox 1362 297 1453 333; x_wconf 66' lang='lat' dir='ltr'>facto</span> <span class='ocrx_word' id='word_1_120' title='bbox 1466 322 1476 339; x_wconf 91' lang='lat'><em>‚</em></span> <span class='ocrx_word' id='word_1_121' title='bbox 1504 296 1683 345; x_wconf 68' lang='lat' dir='ltr'>conspe&amp;a</span> <span class='ocrx_word' id='word_1_122' title='bbox 1694 297 1768 335; x_wconf 88' lang='lat' dir='ltr'>sunt</span> <span class='ocrx_word' id='word_1_123' title='bbox 1778 324 1790 341; x_wconf 96' lang='lat'>,</span> <span class='ocrx_word' id='word_1_124' title='bbox 1816 302 1908 347; x_wconf 84' lang='lat' dir='ltr'>prius</span> <span class='ocrx_word' id='word_1_125' title='bbox 1925 302 2010 338; x_wconf 91' lang='lat' dir='ltr'>olim</span> <span class='ocrx_word' id='word_1_126' title='bbox 2021 303 2115 341; x_wconf 70' lang='lat' dir='ltr'>Isaias</span> <span class='ocrx_word' id='word_1_127' title='bbox 2123 318 2199 343; x_wconf 85' lang='lat' dir='ltr'>ver.</span> 
     </span>
    </p>

    <p class='ocr_par' dir='ltr' id='par_1_4' title="bbox 1271 345 2393 493">
     <span class='ocr_line' id='line_1_15' title="bbox 1273 345 2393 395; baseline 0.006 -12"><span class='ocrx_word' id='word_1_128' title='bbox 1273 345 1322 383; x_wconf 89' lang='lat' dir='ltr'>bis</span> <span class='ocrx_word' id='word_1_129' title='bbox 1331 346 1449 384; x_wconf 88' lang='lat' dir='ltr'>docuit</span> <span class='ocrx_word' id='word_1_130' title='bbox 1473 362 1481 382; x_wconf 90' lang='lat'>:</span> <span class='ocrx_word' id='word_1_131' title='bbox 1508 354 1588 384; x_wconf 77' lang='lat' dir='ltr'>Ecce</span> <span class='ocrx_word' id='word_1_132' title='bbox 1610 354 1694 383; x_wconf 82' lang='lat' dir='ltr'>Deus</span> <span class='ocrx_word' id='word_1_133' title='bbox 1713 347 1810 390; x_wconf 71' lang='lat' dir='ltr'>noller</span> <span class='ocrx_word' id='word_1_134' title='bbox 1823 349 1980 395; x_wconf 73' lang='lat' dir='ltr'>judicium</span> <span class='ocrx_word' id='word_1_135' title='bbox 1999 355 2143 391; x_wconf 75' lang='lat' dir='ltr'>retribuit</span> <span class='ocrx_word' id='word_1_136' title='bbox 2160 368 2198 392; x_wconf 86' lang='lat' dir='ltr'>ac</span> <span class='ocrx_word' id='word_1_137' title='bbox 2237 359 2322 388; x_wconf 85' lang='lat' dir='ltr'>Num.</span> <span class='ocrx_word' id='word_1_138' title='bbox 2346 367 2393 393; x_wconf 88' lang='lat'>17·</span> 
     </span>
     <span class='ocr_line' id='line_1_16' title="bbox 1271 396 2286 450; baseline 0.009 -18"><span class='ocrx_word' id='word_1_139' title='bbox 1271 396 1426 433; x_wconf 84' lang='lat' dir='ltr'>retribuet</span> <span class='ocrx_word' id='word_1_140' title='bbox 1447 412 1455 432; x_wconf 73' lang='grc' dir='ltr'><strong>ε</strong></span> <span class='ocrx_word' id='word_1_141' title='bbox 1482 397 1547 442; x_wconf 84' lang='lat' dir='ltr'>ipse</span> <span class='ocrx_word' id='word_1_142' title='bbox 1569 400 1699 440; x_wconf 81' lang='lat' dir='ltr'>veniet,</span> <span class='ocrx_word' id='word_1_143' title='bbox 1725 400 1768 436; x_wconf 74' lang='lat'>&amp;⁶</span> <span class='ocrx_word' id='word_1_144' title='bbox 1782 398 1910 441; x_wconf 77' lang='lat' dir='ltr'>sanabit</span> <span class='ocrx_word' id='word_1_145' title='bbox 1930 413 2002 437; x_wconf 80' lang='lat' dir='ltr'>nos.</span> <span class='ocrx_word' id='word_1_146' title='bbox 2029 407 2115 438; x_wconf 85' lang='lat' dir='ltr'>Tunc</span> <span class='ocrx_word' id='word_1_147' title='bbox 2127 415 2199 450; x_wconf 84' lang='lat' dir='ltr'>ape·</span> <span class='ocrx_word' id='word_1_148' title='bbox 2218 400 2286 428; x_wconf 66' lang='lat' dir='ltr'><strong>²³·ss-</strong></span> 
     </span>
     <span class='ocr_line' id='line_1_17' title="bbox 1271 449 2199 493; baseline 0.006 -9"><span class='ocrx_word' id='word_1_149' title='bbox 1271 450 1390 484; x_wconf 82' lang='lat' dir='ltr'>rientur</span> <span class='ocrx_word' id='word_1_150' title='bbox 1409 449 1488 483; x_wconf 83' lang='lat' dir='ltr'>oculi</span> <span class='ocrx_word' id='word_1_151' title='bbox 1498 459 1667 490; x_wconf 72' lang='lat' dir='ltr'>cwcorum,</span> <span class='ocrx_word' id='word_1_152' title='bbox 1693 450 1736 486; x_wconf 60' lang='lat' dir='ltr'>(T</span> <span class='ocrx_word' id='word_1_153' title='bbox 1755 461 1845 484; x_wconf 78' lang='lat' dir='ltr'>aures</span> <span class='ocrx_word' id='word_1_154' title='bbox 1858 449 2024 493; x_wconf 82' lang='lat' dir='ltr'>surdorum</span> <span class='ocrx_word' id='word_1_155' title='bbox 2044 455 2170 490; x_wconf 77' lang='lat' dir='ltr'>audient</span> <span class='ocrx_word' id='word_1_156' title='bbox 2188 478 2199 489; x_wconf 84' lang='grc'><strong>.</strong></span> 
     </span>
    </p>

    <p class='ocr_par' dir='ltr' id='par_1_5' title="bbox 1272 496 2200 548">
     <span class='ocr_line' id='line_1_18' title="bbox 1272 496 2200 548; baseline 0.009 -17"><span class='ocrx_word' id='word_1_157' title='bbox 1272 503 1359 534; x_wconf 85' lang='lat' dir='ltr'>Tunc</span> <span class='ocrx_word' id='word_1_158' title='bbox 1367 497 1462 541; x_wconf 77' lang='lat' dir='ltr'>saliet</span> <span class='ocrx_word' id='word_1_159' title='bbox 1467 496 1548 542; x_wconf 82' lang='lat' dir='ltr'>ficut</span> <span class='ocrx_word' id='word_1_160' title='bbox 1558 509 1672 533; x_wconf 76' lang='lat' dir='ltr'>cervus</span> <span class='ocrx_word' id='word_1_161' title='bbox 1686 522 1699 540; x_wconf 94' lang='lat'>,</span> <span class='ocrx_word' id='word_1_162' title='bbox 1723 498 1852 535; x_wconf 83' lang='lat' dir='ltr'>claudus</span> <span class='ocrx_word' id='word_1_163' title='bbox 1863 513 1876 539; x_wconf 84' lang='lat'>‚-</span> <span class='ocrx_word' id='word_1_164' title='bbox 1902 503 2066 548; x_wconf 75' lang='lat' dir='ltr'>&amp;aperta</span> <span class='ocrx_word' id='word_1_165' title='bbox 2074 506 2136 538; x_wconf 81' lang='lat' dir='ltr'>erit</span> <span class='ocrx_word' id='word_1_166' title='bbox 2145 503 2200 540; x_wconf 84' lang='lat' dir='ltr'>lin-</span> 
     </span>
    </p>
   </div>
   <div class='ocr_carea' id='block_1_4' title="bbox 1267 546 2200 595">
    <p class='ocr_par' dir='ltr' id='par_1_6' title="bbox 1267 546 2200 595">
     <span class='ocr_line' id='line_1_19' title="bbox 1267 546 2200 595; baseline 0.005 -11"><span class='ocrx_word' id='word_1_167' title='bbox 1267 561 1333 594; x_wconf 81' lang='lat' dir='ltr'>gua</span> <span class='ocrx_word' id='word_1_168' title='bbox 1341 556 1498 584; x_wconf 86' lang='lat' dir='ltr'>mutorum</span> <span class='ocrx_word' id='word_1_169' title='bbox 1509 573 1518 583; x_wconf 90' lang='lat'><strong>.</strong></span> <span class='ocrx_word' id='word_1_170' title='bbox 1529 550 1610 584; x_wconf 89' lang='lat' dir='ltr'>Sunt</span> <span class='ocrx_word' id='word_1_171' title='bbox 1620 546 1691 584; x_wconf 82' lang='lat' dir='ltr'>haec</span> <span class='ocrx_word' id='word_1_172' title='bbox 1701 560 1770 584; x_wconf 91' lang='lat' dir='ltr'>non</span> <span class='ocrx_word' id='word_1_173' title='bbox 1782 553 1871 587; x_wconf 86' lang='lat' dir='ltr'>Petri</span> <span class='ocrx_word' id='word_1_174' title='bbox 1883 563 1919 586; x_wconf 90' lang='lat' dir='ltr'>ac</span> <span class='ocrx_word' id='word_1_175' title='bbox 1931 554 2066 591; x_wconf 83' lang='lat' dir='ltr'>Joannis</span> <span class='ocrx_word' id='word_1_176' title='bbox 2075 552 2178 589; x_wconf 85' lang='lat' dir='ltr'>verba</span> <span class='ocrx_word' id='word_1_177' title='bbox 2188 579 2200 595; x_wconf 92' lang='lat'>‚</span> 
     </span>
    </p>
   </div>
   <div class='ocr_carea' id='block_1_5' title="bbox 1273 597 2205 898">
    <p class='ocr_par' dir='ltr' id='par_1_7' title="bbox 1273 597 2205 898">
     <span class='ocr_line' id='line_1_20' title="bbox 1273 597 2202 650; baseline 0.005 -16"><span class='ocrx_word' id='word_1_178' title='bbox 1273 611 1334 634; x_wconf 87' lang='lat' dir='ltr'>nec</span> <span class='ocrx_word' id='word_1_179' title='bbox 1359 597 1461 634; x_wconf 90' lang='lat' dir='ltr'>ullius</span> <span class='ocrx_word' id='word_1_180' title='bbox 1481 600 1708 633; x_wconf 87' lang='lat' dir='ltr'>recentiorum</span> <span class='ocrx_word' id='word_1_181' title='bbox 1720 622 1731 639; x_wconf 93' lang='lat'>,</span> <span class='ocrx_word' id='word_1_182' title='bbox 1757 610 1814 634; x_wconf 90' lang='lat' dir='ltr'>aut</span> <span class='ocrx_word' id='word_1_183' title='bbox 1833 599 2043 647; x_wconf 65' lang='lat' dir='ltr'>suspeetioris</span> <span class='ocrx_word' id='word_1_184' title='bbox 2054 601 2202 650; x_wconf 80' lang='lat' dir='ltr'>personae</span> 
     </span>
     <span class='ocr_line' id='line_1_21' title="bbox 1275 646 2203 696; baseline 0.003 -11"><span class='ocrx_word' id='word_1_185' title='bbox 1275 649 1444 685; x_wconf 85' lang='lat' dir='ltr'>sermones</span> <span class='ocrx_word' id='word_1_186' title='bbox 1455 673 1466 690; x_wconf 90' lang='lat'>,</span> <span class='ocrx_word' id='word_1_187' title='bbox 1492 658 1530 684; x_wconf 90' lang='lat' dir='ltr'>ut</span> <span class='ocrx_word' id='word_1_188' title='bbox 1539 646 1736 694; x_wconf 79' lang='lat' dir='ltr'>suspicantes</span> <span class='ocrx_word' id='word_1_189' title='bbox 1747 648 1787 684; x_wconf 87' lang='lat' dir='ltr'>ad</span> <span class='ocrx_word' id='word_1_190' title='bbox 1798 653 1941 696; x_wconf 81' lang='lat' dir='ltr'>gratiam</span> <span class='ocrx_word' id='word_1_191' title='bbox 1952 650 2091 687; x_wconf 81' lang='lat' dir='ltr'>laudaffe</span> <span class='ocrx_word' id='word_1_192' title='bbox 2103 678 2114 694; x_wconf 96' lang='lat'>,</span> <span class='ocrx_word' id='word_1_193' title='bbox 2141 652 2203 688; x_wconf 86' lang='lat' dir='ltr'>res-</span> 
     </span>
     <span class='ocr_line' id='line_1_22' title="bbox 1276 696 2202 749; baseline 0.003 -14"><span class='ocrx_word' id='word_1_194' title='bbox 1276 700 1384 747; x_wconf 89' lang='lat' dir='ltr'>puatis</span> <span class='ocrx_word' id='word_1_195' title='bbox 1404 701 1583 735; x_wconf 81' lang='lat' dir='ltr'>veritatem</span> <span class='ocrx_word' id='word_1_196' title='bbox 1604 711 1613 732; x_wconf 89' lang='lat'>:</span> <span class='ocrx_word' id='word_1_197' title='bbox 1641 697 1695 733; x_wconf 91' lang='lat' dir='ltr'>sed</span> <span class='ocrx_word' id='word_1_198' title='bbox 1706 696 1872 735; x_wconf 89' lang='lat' dir='ltr'>sermones</span> <span class='ocrx_word' id='word_1_199' title='bbox 1893 699 1966 736; x_wconf 89' lang='lat' dir='ltr'>sunt</span> <span class='ocrx_word' id='word_1_200' title='bbox 1988 700 2104 737; x_wconf 85' lang='lat' dir='ltr'>vestrae</span> <span class='ocrx_word' id='word_1_201' title='bbox 2126 714 2202 749; x_wconf 85' lang='lat' dir='ltr'>pro-</span> 
     </span>
     <span class='ocr_line' id='line_1_23' title="bbox 1278 745 2202 797; baseline 0.004 -13"><span class='ocrx_word' id='word_1_202' title='bbox 1278 748 1402 797; x_wconf 79' lang='lat' dir='ltr'>phetiae</span> <span class='ocrx_word' id='word_1_203' title='bbox 1411 771 1424 790; x_wconf 86' lang='lat'>,</span> <span class='ocrx_word' id='word_1_204' title='bbox 1435 747 1457 783; x_wconf 86' lang='lat' dir='ltr'>fi</span> <span class='ocrx_word' id='word_1_205' title='bbox 1468 747 1575 783; x_wconf 90' lang='lat' dir='ltr'>modo</span> <span class='ocrx_word' id='word_1_206' title='bbox 1586 750 1623 783; x_wconf 86' lang='grc' dir='ltr'>Β.</span> <span class='ocrx_word' id='word_1_207' title='bbox 1634 745 1840 788; x_wconf 84' lang='lat' dir='ltr'>Thecuitem</span> <span class='ocrx_word' id='word_1_208' title='bbox 1852 750 1956 786; x_wconf 86' lang='lat' dir='ltr'>nostis</span> <span class='ocrx_word' id='word_1_209' title='bbox 1969 751 2080 787; x_wconf 86' lang='lat' dir='ltr'>filium</span> <span class='ocrx_word' id='word_1_210' title='bbox 2093 755 2202 788; x_wconf 80' lang='lat' dir='ltr'>Amos</span> 
     </span>
     <span class='ocr_line' id='line_1_24' title="bbox 1277 795 2205 849; baseline 0.001 -13"><span class='ocrx_word' id='word_1_211' title='bbox 1277 796 1486 846; x_wconf 86' lang='lat' dir='ltr'>Prophetam</span> <span class='ocrx_word' id='word_1_212' title='bbox 1498 795 1679 845; x_wconf 85' lang='lat' dir='ltr'>Prophetae</span> <span class='ocrx_word' id='word_1_213' title='bbox 1690 809 1802 835; x_wconf 86' lang='lat' dir='ltr'>natum</span> <span class='ocrx_word' id='word_1_214' title='bbox 1816 813 1825 836; x_wconf 74' lang='grc' dir='ltr'><strong><em>ς</em></strong></span> <span class='ocrx_word' id='word_1_215' title='bbox 1853 803 1966 837; x_wconf 90' lang='lat' dir='ltr'>virum</span> <span class='ocrx_word' id='word_1_216' title='bbox 1977 814 2019 836; x_wconf 87' lang='lat' dir='ltr'>ex</span> <span class='ocrx_word' id='word_1_217' title='bbox 2030 814 2154 849; x_wconf 78' lang='lat' dir='ltr'>genere</span> <span class='ocrx_word' id='word_1_218' title='bbox 2160 802 2205 837; x_wconf 84' lang='lat' dir='ltr'>Is-</span> 
     </span>
     <span class='ocr_line' id='line_1_25' title="bbox 1279 847 2205 898; baseline 0 -13"><span class='ocrx_word' id='word_1_219' title='bbox 1279 849 1432 886; x_wconf 87' lang='lat' dir='ltr'>raelitam</span> <span class='ocrx_word' id='word_1_220' title='bbox 1445 874 1457 890; x_wconf 92' lang='lat'>,</span> <span class='ocrx_word' id='word_1_221' title='bbox 1483 848 1598 895; x_wconf 79' lang='lat' dir='ltr'>legalis</span> <span class='ocrx_word' id='word_1_222' title='bbox 1609 847 1826 885; x_wconf 88' lang='lat' dir='ltr'>institutionis</span> <span class='ocrx_word' id='word_1_223' title='bbox 1838 861 1939 898; x_wconf 89' lang='lat' dir='ltr'>caput</span> <span class='ocrx_word' id='word_1_224' title='bbox 1949 878 1957 887; x_wconf 88' lang='lat'><strong>.</strong></span> <span class='ocrx_word' id='word_1_225' title='bbox 1984 855 2032 887; x_wconf 94' lang='lat' dir='ltr'>Sit</span> <span class='ocrx_word' id='word_1_226' title='bbox 2043 850 2205 898; x_wconf 85' lang='lat' dir='ltr'>Deoglo-</span> 
     </span>
    </p>
   </div>
   <div class='ocr_carea' id='block_1_6' title="bbox 0 0 48 1082">
    <p class='ocr_par' dir='ltr' id='par_1_8' title="bbox 0 0 48 1082">
     <span class='ocr_line' id='line_1_26' title="bbox 0 0 48 1082; baseline 0 0"><span class='ocrx_word' id='word_1_227' title='bbox 0 0 48 1082; x_wconf 95' lang='lat' dir='ltr'> </span> 
     </span>
    </p>
   </div>
   <div class='ocr_carea' id='block_1_7' title="bbox 20 893 2206 1096">
    <p class='ocr_par' dir='ltr' id='par_1_9' title="bbox 20 893 2206 993">
     <span class='ocr_line' id='line_1_27' title="bbox 283 893 2206 952; baseline 0.004 -22"><span class='ocrx_word' id='word_1_228' title='bbox 283 893 386 937; x_wconf 88' lang='lat' dir='ltr'>dem,</span> <span class='ocrx_word' id='word_1_229' title='bbox 412 893 577 934; x_wconf 88' lang='lat' dir='ltr'>imbecilli</span> <span class='ocrx_word' id='word_1_230' title='bbox 594 905 708 934; x_wconf 85' lang='lat' dir='ltr'>tamen</span> <span class='ocrx_word' id='word_1_231' title='bbox 728 906 852 933; x_wconf 89' lang='lat' dir='ltr'>conatu</span> <span class='ocrx_word' id='word_1_232' title='bbox 872 909 909 934; x_wconf 88' lang='lat' dir='ltr'>ac</span> <span class='ocrx_word' id='word_1_233' title='bbox 930 897 1063 942; x_wconf 83' lang='lat' dir='ltr'>inutili,</span> <span class='ocrx_word' id='word_1_234' title='bbox 1087 896 1218 935; x_wconf 83' lang='lat' dir='ltr'>infidias</span> <span class='ocrx_word' id='word_1_235' title='bbox 1281 902 1353 941; x_wconf 89' lang='lat' dir='ltr'>ria,</span> <span class='ocrx_word' id='word_1_236' title='bbox 1380 896 1714 944; x_wconf 88' lang='lat' dir='ltr'>protestas‚honor,</span> <span class='ocrx_word' id='word_1_237' title='bbox 1739 900 2033 952; x_wconf 82' lang='lat' dir='ltr'>nunc&amp;semper,</span> <span class='ocrx_word' id='word_1_238' title='bbox 2059 905 2141 939; x_wconf 88' lang='lat' dir='ltr'>&amp;in</span> <span class='ocrx_word' id='word_1_239' title='bbox 2154 899 2206 938; x_wconf 87' lang='lat' dir='ltr'>sae·</span> 
     </span>
     <span class='ocr_line' id='line_1_28' title="bbox 20 943 1758 993; baseline 0.002 -12"><span class='ocrx_word' id='word_1_240' title='bbox 20 981 30 993; x_wconf 17' lang='grc' dir='ltr'>ἲ,</span> <span class='ocrx_word' id='word_1_241' title='bbox 148 991 151 993; x_wconf 64' lang='lat'>‚</span> <span class='ocrx_word' id='word_1_242' title='bbox 283 943 470 982; x_wconf 85' lang='lat' dir='ltr'>struentes.</span> <span class='ocrx_word' id='word_1_243' title='bbox 1279 948 1356 985; x_wconf 87' lang='lat' dir='ltr'>cula</span> <span class='ocrx_word' id='word_1_244' title='bbox 1381 947 1601 990; x_wconf 77' lang='lat' dir='ltr'>saeculorum,</span> <span class='ocrx_word' id='word_1_245' title='bbox 1629 949 1758 985; x_wconf 88' lang='lat' dir='ltr'>Amen.</span> 
     </span>
    </p>

    <p class='ocr_par' dir='ltr' id='par_1_10' title="bbox 26 994 1284 1096">
     <span class='ocr_line' id='line_1_29' title="bbox 26 994 1284 1052; baseline 0.002 -19"><span class='ocrx_word' id='word_1_246' title='bbox 26 1015 45 1051; x_wconf 71' lang='lat' dir='ltr'>T</span> <span class='ocrx_word' id='word_1_247' title='bbox 81 1013 174 1052; x_wconf 61' lang='lat' dir='ltr'>Judaei</span> <span class='ocrx_word' id='word_1_248' title='bbox 189 1014 264 1044; x_wconf 56' lang='lat'>0152„</span> <span class='ocrx_word' id='word_1_249' title='bbox 333 994 580 1034; x_wconf 79' lang='lat' dir='ltr'>Morbushica</span> <span class='ocrx_word' id='word_1_250' title='bbox 594 996 745 1045; x_wconf 85' lang='lat' dir='ltr'>patribus</span> <span class='ocrx_word' id='word_1_251' title='bbox 769 1000 802 1033; x_wconf 92' lang='lat' dir='ltr'>in</span> <span class='ocrx_word' id='word_1_252' title='bbox 814 997 1110 1035; x_wconf 81' lang='lat' dir='ltr'>vosestderivatus</span> <span class='ocrx_word' id='word_1_253' title='bbox 1128 1026 1136 1034; x_wconf 89' lang='lat'><strong>.</strong></span> <span class='ocrx_word' id='word_1_254' title='bbox 1163 1002 1219 1035; x_wconf 91' lang='lat' dir='ltr'>In—</span> <span class='ocrx_word' id='word_1_255' title='bbox 1281 1014 1284 1018; x_wconf 92' lang='lat'>·</span> 
     </span>
     <span class='ocr_line' id='line_1_30' title="bbox 42 1045 1220 1096; baseline 0 -11"><span class='ocrx_word' id='word_1_256' title='bbox 42 1052 43 1055; x_wconf 75' lang='grc'>’</span> <span class='ocrx_word' id='word_1_257' title='bbox 79 1065 100 1085; x_wconf 84' lang='lat' dir='ltr'>a</span> <span class='ocrx_word' id='word_1_258' title='bbox 136 1056 265 1094; x_wconf 82' lang='lat' dir='ltr'>parenti·</span> <span class='ocrx_word' id='word_1_259' title='bbox 283 1045 504 1083; x_wconf 87' lang='lat' dir='ltr'>credulorum</span> <span class='ocrx_word' id='word_1_260' title='bbox 532 1058 711 1096; x_wconf 88' lang='lat' dir='ltr'>parentum</span> <span class='ocrx_word' id='word_1_261' title='bbox 740 1047 998 1084; x_wconf 85' lang='lat' dir='ltr'>incredulifilii.</span> <span class='ocrx_word' id='word_1_262' title='bbox 1025 1049 1156 1085; x_wconf 88' lang='lat' dir='ltr'>Eodem</span> <span class='ocrx_word' id='word_1_263' title='bbox 1170 1049 1220 1085; x_wconf 91' lang='lat' dir='ltr'>illi</span> 
     </span>
    </p>
   </div>
   <div class='ocr_carea' id='block_1_8' title="bbox 30 1094 2163 1159">
    <p class='ocr_par' dir='ltr' id='par_1_11' title="bbox 30 1094 2163 1159">
     <span class='ocr_line' id='line_1_31' title="bbox 30 1094 2163 1159; baseline 0.003 -27"><span class='ocrx_word' id='word_1_264' title='bbox 30 1103 31 1107; x_wconf 77' lang='grc'>’</span> <span class='ocrx_word' id='word_1_265' title='bbox 83 1094 137 1125; x_wconf 81' lang='lat' dir='ltr'>bus</span> <span class='ocrx_word' id='word_1_266' title='bbox 172 1097 264 1125; x_wconf 75' lang='lat' dir='ltr'>incre·</span> <span class='ocrx_word' id='word_1_267' title='bbox 282 1096 393 1133; x_wconf 83' lang='lat' dir='ltr'>modo</span> <span class='ocrx_word' id='word_1_268' title='bbox 402 1094 617 1140; x_wconf 89' lang='lat' dir='ltr'>habuerunt,</span> <span class='ocrx_word' id='word_1_269' title='bbox 629 1098 725 1146; x_wconf 89' lang='lat' dir='ltr'>quod</span> <span class='ocrx_word' id='word_1_270' title='bbox 735 1097 910 1146; x_wconf 70' lang='lat' dir='ltr'>speetatad</span> <span class='ocrx_word' id='word_1_271' title='bbox 922 1103 1063 1146; x_wconf 77' lang='lat' dir='ltr'>AEgypti</span> <span class='ocrx_word' id='word_1_272' title='bbox 1075 1103 1219 1136; x_wconf 82' lang='lat' dir='ltr'>miracu-</span> <span class='ocrx_word' id='word_1_273' title='bbox 1340 1122 1408 1157; x_wconf 52' lang='lat' dir='ltr'>AS</span> <span class='ocrx_word' id='word_1_274' title='bbox 1419 1122 1486 1154; x_wconf 74' lang='lat' dir='ltr'>TE</span> <span class='ocrx_word' id='word_1_275' title='bbox 1497 1124 1573 1157; x_wconf 71' lang='lat' dir='ltr'>RH</span> <span class='ocrx_word' id='word_1_276' title='bbox 1606 1121 1774 1155; x_wconf 53' lang='lat' dir='ltr'>AMAS</span> <span class='ocrx_word' id='word_1_277' title='bbox 1785 1124 1811 1154; x_wconf 73' lang='grc' dir='ltr'>Ε,</span> <span class='ocrx_word' id='word_1_278' title='bbox 1822 1121 1868 1155; x_wconf 76' lang='lat' dir='ltr'><em>AE</em></span> <span class='ocrx_word' id='word_1_279' title='bbox 1902 1125 2023 1156; x_wconf 62' lang='grc' dir='ltr'><strong><em>ΕῬῙς</em></strong></span> <span class='ocrx_word' id='word_1_280' title='bbox 2036 1126 2163 1159; x_wconf 65' lang='grc' dir='ltr'><strong><em>(ὊῬῙ</em></strong></span> 
     </span>
    </p>
   </div>
   <div class='ocr_carea' id='block_1_9' title="bbox 1291 1052 2208 1067">
    <p class='ocr_par' dir='ltr' id='par_1_12' title="bbox 1291 1052 2208 1067">
     <span class='ocr_line' id='line_1_32' title="bbox 1291 1052 2208 1067; baseline 0 3059"><span class='ocrx_word' id='word_1_281' title='bbox 1291 1052 2208 1067; x_wconf 95' lang='lat' dir='ltr'> </span> 
     </span>
    </p>
   </div>
   <div class='ocr_carea' id='block_1_10' title="bbox 20 1135 2408 1475">
    <p class='ocr_par' dir='ltr' id='par_1_13' title="bbox 20 1135 2408 1475">
     <span class='ocr_line' id='line_1_33' title="bbox 29 1135 2084 1215; baseline 0.012 -31.915"><span class='ocrx_word' id='word_1_282' title='bbox 29 1191 34 1195; x_wconf 91' lang='lat'>.</span> <span class='ocrx_word' id='word_1_283' title='bbox 80 1135 161 1166; x_wconf 80' lang='lat' dir='ltr'>duli.</span> <span class='ocrx_word' id='word_1_284' title='bbox 283 1147 335 1183; x_wconf 88' lang='lat' dir='ltr'>la.</span> <span class='ocrx_word' id='word_1_285' title='bbox 362 1149 475 1184; x_wconf 86' lang='lat' dir='ltr'>Novis</span> <span class='ocrx_word' id='word_1_286' title='bbox 485 1148 598 1184; x_wconf 86' lang='lat' dir='ltr'>modis</span> <span class='ocrx_word' id='word_1_287' title='bbox 608 1159 796 1197; x_wconf 79' lang='lat' dir='ltr'>praeterque</span> <span class='ocrx_word' id='word_1_288' title='bbox 805 1149 1078 1196; x_wconf 67' lang='lat' dir='ltr'>expectationem</span> <span class='ocrx_word' id='word_1_289' title='bbox 1090 1148 1131 1185; x_wconf 89' lang='lat' dir='ltr'>ab</span> <span class='ocrx_word' id='word_1_290' title='bbox 1154 1148 1218 1185; x_wconf 86' lang='lat' dir='ltr'>ho·</span> <span class='ocrx_word' id='word_1_291' title='bbox 1272 1177 1274 1179; x_wconf 35' lang='lat' dir='ltr'>v</span> <span class='ocrx_word' id='word_1_292' title='bbox 1403 1171 1435 1205; x_wconf 69' lang='lat' dir='ltr'>i„</span> <span class='ocrx_word' id='word_1_293' title='bbox 1448 1167 1571 1215; x_wconf 63' lang='lat' dir='ltr'>sanam-</span> <span class='ocrx_word' id='word_1_294' title='bbox 1587 1170 1750 1213; x_wconf 69' lang='lat' dir='ltr'>‘principes</span> <span class='ocrx_word' id='word_1_295' title='bbox 1767 1167 1930 1213; x_wconf 67' lang='lat' dir='ltr'>,Apostolos</span> <span class='ocrx_word' id='word_1_296' title='bbox 1949 1176 2084 1208; x_wconf 75' lang='lat' dir='ltr'>Petrum</span> 
     </span>
     <span class='ocr_line' id='line_1_34' title="bbox 81 1195 2283 1258; baseline 0 -24"><span class='ocrx_word' id='word_1_297' title='bbox 81 1198 89 1203; x_wconf 78' lang='grc'>“’</span> <span class='ocrx_word' id='word_1_298' title='bbox 283 1195 388 1234; x_wconf 84' lang='lat' dir='ltr'>stibus</span> <span class='ocrx_word' id='word_1_299' title='bbox 413 1196 648 1241; x_wconf 84' lang='lat' dir='ltr'>salvabantur,</span> <span class='ocrx_word' id='word_1_300' title='bbox 673 1212 712 1234; x_wconf 92' lang='lat' dir='ltr'>ac</span> <span class='ocrx_word' id='word_1_301' title='bbox 742 1198 855 1234; x_wconf 73' lang='lat' dir='ltr'>salutis</span> <span class='ocrx_word' id='word_1_302' title='bbox 883 1201 1017 1234; x_wconf 67' lang='lat' dir='ltr'>auctori</span> <span class='ocrx_word' id='word_1_303' title='bbox 1050 1198 1216 1236; x_wconf 88' lang='lat' dir='ltr'>increduli</span> <span class='ocrx_word' id='word_1_304' title='bbox 1483 1217 1487 1220; x_wconf 55' lang='lat'>&gt;</span> <span class='ocrx_word' id='word_1_305' title='bbox 1525 1204 1527 1206; x_wconf 84' lang='lat'>&#39;</span> <span class='ocrx_word' id='word_1_306' title='bbox 1637 1220 1680 1258; x_wconf 52' lang='grc' dir='ltr'>ὑ.</span> <span class='ocrx_word' id='word_1_307' title='bbox 1699 1218 1840 1256; x_wconf 66' lang='lat' dir='ltr'><em>,Paulum</em></span> <span class='ocrx_word' id='word_1_308' title='bbox 2278 1232 2283 1238; x_wconf 87' lang='grc'><strong>,</strong></span> 
     </span>
     <span class='ocr_line' id='line_1_35' title="bbox 21 1232 2403 1302; baseline 0 -18"><span class='ocrx_word' id='word_1_309' title='bbox 21 1281 34 1291; x_wconf 89' lang='lat'>.</span> <span class='ocrx_word' id='word_1_310' title='bbox 105 1234 199 1264; x_wconf 41' lang='lat'><strong><em>¹3⁸⁰*</em></strong></span> <span class='ocrx_word' id='word_1_311' title='bbox 218 1236 264 1264; x_wconf 78' lang='lat'>¹⁶·</span> <span class='ocrx_word' id='word_1_312' title='bbox 283 1257 395 1284; x_wconf 88' lang='lat' dir='ltr'>erant.</span> <span class='ocrx_word' id='word_1_313' title='bbox 423 1246 615 1287; x_wconf 82' lang='lat' dir='ltr'>Alebantur</span> <span class='ocrx_word' id='word_1_314' title='bbox 633 1248 713 1285; x_wconf 88' lang='lat' dir='ltr'>escis</span> <span class='ocrx_word' id='word_1_315' title='bbox 731 1247 959 1284; x_wconf 89' lang='lat' dir='ltr'>nobilioribus</span> <span class='ocrx_word' id='word_1_316' title='bbox 979 1261 1080 1296; x_wconf 86' lang='lat' dir='ltr'>quam</span> <span class='ocrx_word' id='word_1_317' title='bbox 1093 1247 1215 1286; x_wconf 89' lang='lat' dir='ltr'>habeat</span> <span class='ocrx_word' id='word_1_318' title='bbox 1852 1246 1860 1254; x_wconf 75' lang='lat'><em>⁰</em></span> <span class='ocrx_word' id='word_1_319' title='bbox 2225 1232 2403 1302; x_wconf 52' lang='grc' dir='ltr'>ῙῙΞξζζηζ·</span> 
     </span>
     <span class='ocr_line' id='line_1_36' title="bbox 20 1284 2405 1351; baseline 0.005 -21"><span class='ocrx_word' id='word_1_320' title='bbox 20 1295 34 1314; x_wconf 73' lang='lat'>‘-</span> <span class='ocrx_word' id='word_1_321' title='bbox 78 1284 172 1313; x_wconf 67' lang='lat'>⁹⁰¹³‘</span> <span class='ocrx_word' id='word_1_322' title='bbox 284 1296 517 1341; x_wconf 84' lang='lat' dir='ltr'>naturaeusus,</span> <span class='ocrx_word' id='word_1_323' title='bbox 545 1310 706 1347; x_wconf 83' lang='lat' dir='ltr'>erantque</span> <span class='ocrx_word' id='word_1_324' title='bbox 726 1297 886 1334; x_wconf 85' lang='lat' dir='ltr'>famelicis</span> <span class='ocrx_word' id='word_1_325' title='bbox 909 1302 1130 1346; x_wconf 86' lang='lat' dir='ltr'>ingratiores.</span> <span class='ocrx_word' id='word_1_326' title='bbox 1156 1298 1213 1336; x_wconf 87' lang='lat' dir='ltr'>Su-</span> <span class='ocrx_word' id='word_1_327' title='bbox 1388 1307 1405 1342; x_wconf 93' lang='lat' dir='ltr'>I</span> <span class='ocrx_word' id='word_1_328' title='bbox 1427 1301 1651 1344; x_wconf 69' lang='lat' dir='ltr'>fineornnes,</span> <span class='ocrx_word' id='word_1_329' title='bbox 1675 1301 1832 1339; x_wconf 85' lang='lat' dir='ltr'>consueta</span> <span class='ocrx_word' id='word_1_330' title='bbox 1850 1316 1888 1339; x_wconf 92' lang='lat' dir='ltr'>ae</span> <span class='ocrx_word' id='word_1_331' title='bbox 1905 1303 2057 1351; x_wconf 89' lang='lat' dir='ltr'>legitima</span> <span class='ocrx_word' id='word_1_332' title='bbox 2076 1310 2208 1343; x_wconf 79' lang='lat' dir='ltr'>ratione</span> <span class='ocrx_word' id='word_1_333' title='bbox 2225 1312 2325 1343; x_wconf 78' lang='lat' dir='ltr'>randae</span> <span class='ocrx_word' id='word_1_334' title='bbox 2352 1322 2405 1341; x_wconf 89' lang='lat' dir='ltr'>an-</span> 
     </span>
     <span class='ocr_line' id='line_1_37' title="bbox 283 1346 2377 1399; baseline 0 -8"><span class='ocrx_word' id='word_1_335' title='bbox 283 1346 466 1395; x_wconf 85' lang='lat' dir='ltr'>scipiebant</span> <span class='ocrx_word' id='word_1_336' title='bbox 484 1361 606 1386; x_wconf 75' lang='lat' dir='ltr'>manna</span> <span class='ocrx_word' id='word_1_337' title='bbox 625 1349 667 1386; x_wconf 83' lang='lat' dir='ltr'>de</span> <span class='ocrx_word' id='word_1_338' title='bbox 686 1348 779 1385; x_wconf 74' lang='lat' dir='ltr'>coelo</span> <span class='ocrx_word' id='word_1_339' title='bbox 798 1346 928 1384; x_wconf 73' lang='lat' dir='ltr'>missum</span> <span class='ocrx_word' id='word_1_340' title='bbox 950 1374 962 1390; x_wconf 76' lang='lat'>²</span> <span class='ocrx_word' id='word_1_341' title='bbox 997 1348 1213 1397; x_wconf 75' lang='lat' dir='ltr'>aliorumque</span> <span class='ocrx_word' id='word_1_342' title='bbox 1344 1371 1346 1373; x_wconf 58' lang='lat'>&gt;</span> <span class='ocrx_word' id='word_1_343' title='bbox 1412 1351 1573 1394; x_wconf 85' lang='lat' dir='ltr'>exhibiti,</span> <span class='ocrx_word' id='word_1_344' title='bbox 1583 1352 1663 1388; x_wconf 70' lang='lat' dir='ltr'>ficri</span> <span class='ocrx_word' id='word_1_345' title='bbox 1672 1354 1872 1399; x_wconf 85' lang='lat' dir='ltr'>Martyrum</span> <span class='ocrx_word' id='word_1_346' title='bbox 1882 1351 2048 1397; x_wconf 83' lang='lat' dir='ltr'>honores,</span> <span class='ocrx_word' id='word_1_347' title='bbox 2056 1356 2128 1392; x_wconf 89' lang='lat' dir='ltr'>festi</span> <span class='ocrx_word' id='word_1_348' title='bbox 2140 1357 2209 1394; x_wconf 88' lang='lat' dir='ltr'>dies</span> <span class='ocrx_word' id='word_1_349' title='bbox 2227 1353 2377 1396; x_wconf 65' lang='lat' dir='ltr'>tiquifatjs</span> 
     </span>
     <span class='ocr_line' id='line_1_38' title="bbox 104 1393 2408 1475; baseline 0.003 -40"><span class='ocrx_word' id='word_1_350' title='bbox 104 1434 186 1466; x_wconf 61' lang='lat' dir='ltr'><em>Exod</em></span> <span class='ocrx_word' id='word_1_351' title='bbox 214 1446 247 1475; x_wconf 63' lang='lat'>¹3</span> <span class='ocrx_word' id='word_1_352' title='bbox 283 1402 429 1446; x_wconf 75' lang='lat' dir='ltr'>AEgypti</span> <span class='ocrx_word' id='word_1_353' title='bbox 448 1412 486 1435; x_wconf 88' lang='lat' dir='ltr'>ac</span> <span class='ocrx_word' id='word_1_354' title='bbox 497 1403 642 1447; x_wconf 86' lang='lat' dir='ltr'>caepium</span> <span class='ocrx_word' id='word_1_355' title='bbox 653 1409 779 1435; x_wconf 87' lang='lat' dir='ltr'>tetrum</span> <span class='ocrx_word' id='word_1_356' title='bbox 801 1397 1028 1435; x_wconf 81' lang='lat' dir='ltr'>defiderabant</span> <span class='ocrx_word' id='word_1_357' title='bbox 1047 1400 1212 1436; x_wconf 89' lang='lat' dir='ltr'>odorem.</span> <span class='ocrx_word' id='word_1_358' title='bbox 1276 1402 1411 1444; x_wconf 88' lang='lat' dir='ltr'>sunt,ac</span> <span class='ocrx_word' id='word_1_359' title='bbox 1425 1403 1583 1450; x_wconf 75' lang='lat' dir='ltr'>praeclare</span> <span class='ocrx_word' id='word_1_360' title='bbox 1595 1415 1612 1437; x_wconf 93' lang='lat' dir='ltr'>e</span> <span class='ocrx_word' id='word_1_361' title='bbox 1624 1405 1746 1451; x_wconf 89' lang='lat' dir='ltr'>pietate</span> <span class='ocrx_word' id='word_1_362' title='bbox 1757 1402 1931 1450; x_wconf 87' lang='lat' dir='ltr'>gestorum</span> <span class='ocrx_word' id='word_1_363' title='bbox 1939 1404 2033 1440; x_wconf 90' lang='lat' dir='ltr'>tituli</span> <span class='ocrx_word' id='word_1_364' title='bbox 2044 1411 2207 1453; x_wconf 83' lang='lat' dir='ltr'>perpetui.</span> <span class='ocrx_word' id='word_1_365' title='bbox 2228 1393 2408 1462; x_wconf 49' lang='lat' dir='ltr'>{ngffigffijs</span> 
     </span>
    </p>
   </div>
   <div class='ocr_carea' id='block_1_11' title="bbox 20 1447 2409 1652">
    <p class='ocr_par' dir='ltr' id='par_1_14' title="bbox 20 1447 2409 1652">
     <span class='ocr_line' id='line_1_39' title="bbox 283 1447 2404 1503; baseline 0.003 -18"><span class='ocrx_word' id='word_1_366' title='bbox 283 1448 460 1487; x_wconf 87' lang='lat' dir='ltr'>Columna</span> <span class='ocrx_word' id='word_1_367' title='bbox 480 1449 579 1486; x_wconf 86' lang='lat' dir='ltr'>nubis</span> <span class='ocrx_word' id='word_1_368' title='bbox 599 1448 750 1485; x_wconf 89' lang='lat' dir='ltr'>interdiu</span> <span class='ocrx_word' id='word_1_369' title='bbox 777 1447 1093 1493; x_wconf 82' lang='lat' dir='ltr'>obumbrabantur,</span> <span class='ocrx_word' id='word_1_370' title='bbox 1118 1460 1156 1486; x_wconf 90' lang='lat' dir='ltr'>ut</span> <span class='ocrx_word' id='word_1_371' title='bbox 1176 1463 1217 1487; x_wconf 89' lang='lat' dir='ltr'>ne</span> <span class='ocrx_word' id='word_1_372' title='bbox 1279 1456 1321 1490; x_wconf 89' lang='lat' dir='ltr'>In</span> <span class='ocrx_word' id='word_1_373' title='bbox 1335 1457 1397 1495; x_wconf 86' lang='lat' dir='ltr'>iis,</span> <span class='ocrx_word' id='word_1_374' title='bbox 1422 1451 1479 1488; x_wconf 92' lang='lat' dir='ltr'>ubi</span> <span class='ocrx_word' id='word_1_375' title='bbox 1493 1452 1906 1497; x_wconf 67' lang='lat' dir='ltr'>EcclefiarumPraesules‚</span> <span class='ocrx_word' id='word_1_376' title='bbox 1929 1453 2055 1491; x_wconf 76' lang='lat' dir='ltr'>dietari</span> <span class='ocrx_word' id='word_1_377' title='bbox 2075 1454 2209 1492; x_wconf 81' lang='lat' dir='ltr'>acceffe·</span> <span class='ocrx_word' id='word_1_378' title='bbox 2229 1473 2404 1503; x_wconf 65' lang='lat' dir='ltr'>Codiceznw</span> 
     </span>
     <span class='ocr_line' id='line_1_40' title="bbox 283 1498 2397 1554; baseline 0.002 -20"><span class='ocrx_word' id='word_1_379' title='bbox 283 1498 371 1535; x_wconf 87' lang='lat' dir='ltr'>Solis</span> <span class='ocrx_word' id='word_1_380' title='bbox 391 1499 566 1536; x_wconf 85' lang='lat' dir='ltr'>radiorum</span> <span class='ocrx_word' id='word_1_381' title='bbox 587 1498 682 1535; x_wconf 79' lang='lat' dir='ltr'>aestus</span> <span class='ocrx_word' id='word_1_382' title='bbox 694 1498 885 1535; x_wconf 88' lang='lat' dir='ltr'>molestiam</span> <span class='ocrx_word' id='word_1_383' title='bbox 898 1499 1044 1538; x_wconf 70' lang='lat' dir='ltr'>facerets</span> <span class='ocrx_word' id='word_1_384' title='bbox 1066 1500 1218 1548; x_wconf 75' lang='lat' dir='ltr'>ignisque</span> <span class='ocrx_word' id='word_1_385' title='bbox 1282 1507 1375 1545; x_wconf 87' lang='lat' dir='ltr'>rint,</span> <span class='ocrx_word' id='word_1_386' title='bbox 1400 1501 1442 1539; x_wconf 86' lang='lat' dir='ltr'>ad</span> <span class='ocrx_word' id='word_1_387' title='bbox 1464 1515 1580 1539; x_wconf 91' lang='lat' dir='ltr'>rerum</span> <span class='ocrx_word' id='word_1_388' title='bbox 1602 1506 1635 1538; x_wconf 90' lang='lat' dir='ltr'>in</span> <span class='ocrx_word' id='word_1_389' title='bbox 1645 1506 1815 1539; x_wconf 87' lang='lat' dir='ltr'>orationis·</span> <span class='ocrx_word' id='word_1_390' title='bbox 1829 1515 2068 1551; x_wconf 85' lang='lat' dir='ltr'>argumentum</span> <span class='ocrx_word' id='word_1_391' title='bbox 2081 1517 2210 1554; x_wconf 85' lang='lat' dir='ltr'>propo-</span> <span class='ocrx_word' id='word_1_392' title='bbox 2230 1522 2278 1552; x_wconf 79' lang='lat' dir='ltr'>pet</span> <span class='ocrx_word' id='word_1_393' title='bbox 2306 1512 2397 1541; x_wconf 82' lang='lat' dir='ltr'>allato</span> 
     </span>
     <span class='ocr_line' id='line_1_41' title="bbox 22 1547 2389 1611; baseline 0.004 -27"><span class='ocrx_word' id='word_1_394' title='bbox 22 1586 25 1592; x_wconf 51' lang='grc'>,</span> <span class='ocrx_word' id='word_1_395' title='bbox 105 1574 198 1611; x_wconf 54' lang='lat' dir='ltr'>End·</span> <span class='ocrx_word' id='word_1_396' title='bbox 285 1548 446 1586; x_wconf 90' lang='lat' dir='ltr'>columna</span> <span class='ocrx_word' id='word_1_397' title='bbox 459 1562 520 1598; x_wconf 84' lang='lat' dir='ltr'>per</span> <span class='ocrx_word' id='word_1_398' title='bbox 535 1552 673 1586; x_wconf 70' lang='lat' dir='ltr'>nostem</span> <span class='ocrx_word' id='word_1_399' title='bbox 688 1547 962 1591; x_wconf 88' lang='lat' dir='ltr'>illustrabantur,</span> <span class='ocrx_word' id='word_1_400' title='bbox 988 1562 1118 1586; x_wconf 91' lang='lat' dir='ltr'>novum</span> <span class='ocrx_word' id='word_1_401' title='bbox 1129 1550 1222 1588; x_wconf 89' lang='lat' dir='ltr'>aliud</span> <span class='ocrx_word' id='word_1_402' title='bbox 1284 1553 1423 1590; x_wconf 73' lang='lat' dir='ltr'>sitarum</span> <span class='ocrx_word' id='word_1_403' title='bbox 1442 1550 1714 1599; x_wconf 59' lang='lat' dir='ltr'>magnitudinem</span> <span class='ocrx_word' id='word_1_404' title='bbox 1733 1553 1802 1590; x_wconf 91' lang='lat' dir='ltr'>suas</span> <span class='ocrx_word' id='word_1_405' title='bbox 1819 1557 1992 1602; x_wconf 83' lang='lat' dir='ltr'>exigentes</span> <span class='ocrx_word' id='word_1_406' title='bbox 2002 1559 2112 1598; x_wconf 83' lang='lat' dir='ltr'>vires,</span> <span class='ocrx_word' id='word_1_407' title='bbox 2137 1556 2211 1604; x_wconf 82' lang='lat' dir='ltr'>ipso</span> <span class='ocrx_word' id='word_1_408' title='bbox 2230 1563 2265 1582; x_wconf 60' lang='grc' dir='ltr'>ἔκ</span> <span class='ocrx_word' id='word_1_409' title='bbox 2283 1550 2389 1595; x_wconf 70' lang='lat' dir='ltr'>celebri</span> 
     </span>
     <span class='ocr_line' id='line_1_42' title="bbox 20 1588 2409 1652; baseline -0 -8"><span class='ocrx_word' id='word_1_410' title='bbox 20 1614 27 1650; x_wconf 63' lang='grc' dir='ltr'>ζ</span> <span class='ocrx_word' id='word_1_411' title='bbox 80 1614 156 1645; x_wconf 77' lang='lat' dir='ltr'><em>v.8.</em></span> <span class='ocrx_word' id='word_1_412' title='bbox 215 1588 264 1617; x_wconf 74' lang='lat'>3²⁸</span> <span class='ocrx_word' id='word_1_413' title='bbox 283 1610 408 1648; x_wconf 83' lang='lat' dir='ltr'>praeter</span> <span class='ocrx_word' id='word_1_414' title='bbox 417 1599 532 1636; x_wconf 89' lang='lat' dir='ltr'>lunam</span> <span class='ocrx_word' id='word_1_415' title='bbox 542 1603 778 1648; x_wconf 85' lang='lat' dir='ltr'>eximiumque</span> <span class='ocrx_word' id='word_1_416' title='bbox 789 1599 957 1636; x_wconf 89' lang='lat' dir='ltr'>consecuti</span> <span class='ocrx_word' id='word_1_417' title='bbox 969 1599 1136 1637; x_wconf 88' lang='lat' dir='ltr'>luminare</span> <span class='ocrx_word' id='word_1_418' title='bbox 1155 1615 1164 1635; x_wconf 87' lang='lat'>=</span> <span class='ocrx_word' id='word_1_419' title='bbox 1183 1615 1221 1637; x_wconf 91' lang='lat' dir='ltr'>ac</span> <span class='ocrx_word' id='word_1_420' title='bbox 1282 1603 1398 1642; x_wconf 87' lang='lat' dir='ltr'>statim</span> <span class='ocrx_word' id='word_1_421' title='bbox 1408 1603 1555 1640; x_wconf 84' lang='lat' dir='ltr'>exordio</span> <span class='ocrx_word' id='word_1_422' title='bbox 1573 1602 1615 1639; x_wconf 90' lang='lat' dir='ltr'>ad</span> <span class='ocrx_word' id='word_1_423' title='bbox 1626 1606 1759 1639; x_wconf 90' lang='lat' dir='ltr'>veniam</span> <span class='ocrx_word' id='word_1_424' title='bbox 1771 1629 1783 1646; x_wconf 90' lang='lat'>,</span> <span class='ocrx_word' id='word_1_425' title='bbox 1808 1617 1948 1652; x_wconf 90' lang='lat' dir='ltr'>remque</span> <span class='ocrx_word' id='word_1_426' title='bbox 1967 1618 1985 1641; x_wconf 90' lang='lat' dir='ltr'>a</span> <span class='ocrx_word' id='word_1_427' title='bbox 2004 1604 2034 1641; x_wconf 78' lang='lat' dir='ltr'>se</span> <span class='ocrx_word' id='word_1_428' title='bbox 2051 1606 2212 1642; x_wconf 76' lang='lat' dir='ltr'>amolien—</span> <span class='ocrx_word' id='word_1_429' title='bbox 2231 1591 2409 1623; x_wconf 73' lang='lat' dir='ltr'>m⁰⁰²st⁰¹¹⁰</span> 
     </span>
    </p>
   </div>
   <div class='ocr_carea' id='block_1_12' title="bbox 25 1485 176 1517">
    <p class='ocr_par' dir='ltr' id='par_1_15' title="bbox 17 1473 176 1517">
     <span class='ocr_line' id='line_1_43' title="bbox 25 1485 176 1517; baseline 0.006 -11.95"><span class='ocrx_word' id='word_1_430' title='bbox 25 1508 29 1517; x_wconf 40' lang='lat'>3</span> <span class='ocrx_word' id='word_1_431' title='bbox 83 1485 176 1506; x_wconf 60' lang='lat' dir='ltr'>var.</span> 
     </span>
    </p>
   </div>
   <div class='ocr_carea' id='block_1_13' title="bbox 0 1082 49 3734">
    <p class='ocr_par' dir='ltr' id='par_1_16' title="bbox 0 1082 49 3734">
     <span class='ocr_line' id='line_1_44' title="bbox 0 1082 49 3734; baseline 0 0"><span class='ocrx_word' id='word_1_432' title='bbox 0 1082 49 3734; x_wconf 95' lang='lat' dir='ltr'> </span> 
     </span>
    </p>
   </div>
   <div class='ocr_carea' id='block_1_14' title="bbox 0 3425 27 4114">
    <p class='ocr_par' dir='ltr' id='par_1_17' title="bbox 0 3425 27 4114">
     <span class='ocr_line' id='line_1_45' title="bbox 11 3425 19 3441; baseline 0 -2"><span class='ocrx_word' id='word_1_433' title='bbox 11 3425 19 3441; x_wconf 50' lang='grc' dir='ltr'><strong>ξ</strong></span> 
     </span>
     <span class='ocr_line' id='line_1_46' title="bbox 1 3528 27 3576; baseline -0.038 0"><span class='ocrx_word' id='word_1_434' title='bbox 1 3572 2 3576; x_wconf 73' lang='grc'>,</span> <span class='ocrx_word' id='word_1_435' title='bbox 8 3528 27 3575; x_wconf 53' lang='grc' dir='ltr'>’ἦ</span> 
     </span>
     <span class='ocr_line' id='line_1_47' title="bbox 7 3642 20 3654; baseline 0 0"><span class='ocrx_word' id='word_1_436' title='bbox 7 3642 20 3654; x_wconf 34' lang='grc' dir='ltr'><strong>ἢ</strong></span> 
     </span>
     <span class='ocr_line' id='line_1_48' title="bbox 12 3754 14 3758; baseline -0.714 0.429"><span class='ocrx_word' id='word_1_437' title='bbox 12 3754 14 3758; x_wconf 76' lang='grc'><strong>,</strong></span> 
     </span>
     <span class='ocr_line' id='line_1_49' title="bbox 0 3832 12 3864; baseline 0 -1"><span class='ocrx_word' id='word_1_438' title='bbox 0 3832 12 3864; x_wconf 62' lang='grc' dir='ltr'>,ἔ</span> 
     </span>
     <span class='ocr_line' id='line_1_50' title="bbox 0 3867 9 3894; baseline 0 -12"><span class='ocrx_word' id='word_1_439' title='bbox 0 3867 9 3894; x_wconf 48' lang='lat'>:5</span> 
     </span>
     <span class='ocr_line' id='line_1_51' title="bbox 0 3885 13 3962; baseline 0 -2"><span class='ocrx_word' id='word_1_440' title='bbox 0 3885 13 3962; x_wconf 59' lang='lat' dir='ltr'>l</span> 
     </span>
     <span class='ocr_line' id='line_1_52' title="bbox 0 4104 9 4114; baseline 0 -1"><span class='ocrx_word' id='word_1_441' title='bbox 0 4104 9 4114; x_wconf 71' lang='grc'>,</span> 
     </span>
    </p>
   </div>
   <div class='ocr_carea' id='block_1_15' title="bbox 284 1631 2412 3083">
    <p class='ocr_par' dir='ltr' id='par_1_18' title="bbox 284 1631 2412 3083">
     <span class='ocr_line' id='line_1_53' title="bbox 284 1631 2412 1709; baseline 0.004 -24"><span class='ocrx_word' id='word_1_442' title='bbox 284 1648 376 1697; x_wconf 84' lang='lat' dir='ltr'>quafi</span> <span class='ocrx_word' id='word_1_443' title='bbox 402 1647 489 1686; x_wconf 87' lang='lat' dir='ltr'>nihil</span> <span class='ocrx_word' id='word_1_444' title='bbox 509 1649 634 1686; x_wconf 84' lang='lat' dir='ltr'>divinae</span> <span class='ocrx_word' id='word_1_445' title='bbox 657 1652 795 1686; x_wconf 89' lang='lat' dir='ltr'>virtutis</span> <span class='ocrx_word' id='word_1_446' title='bbox 813 1648 1049 1688; x_wconf 86' lang='lat' dir='ltr'>efficacitatem</span> <span class='ocrx_word' id='word_1_447' title='bbox 1060 1650 1222 1699; x_wconf 85' lang='lat' dir='ltr'>persenti·</span> <span class='ocrx_word' id='word_1_448' title='bbox 1283 1654 1362 1690; x_wconf 85' lang='lat' dir='ltr'>dam</span> <span class='ocrx_word' id='word_1_449' title='bbox 1373 1654 1612 1699; x_wconf 74' lang='lat' dir='ltr'>,confugiunt,</span> <span class='ocrx_word' id='word_1_450' title='bbox 1622 1653 1848 1702; x_wconf 89' lang='lat' dir='ltr'>sermonisque</span> <span class='ocrx_word' id='word_1_451' title='bbox 1859 1655 2154 1698; x_wconf 86' lang='lat' dir='ltr'>exilitate,minui</span> <span class='ocrx_word' id='word_1_452' title='bbox 2165 1664 2213 1692; x_wconf 77' lang='lat' dir='ltr'>re-</span> <span class='ocrx_word' id='word_1_453' title='bbox 2230 1631 2412 1709; x_wconf 50' lang='grc' dir='ltr'>ἴμξέζζῖ·</span> 
     </span>
     <span class='ocr_line' id='line_1_54' title="bbox 1283 1702 2306 1753; baseline 0.001 -14"><span class='ocrx_word' id='word_1_454' title='bbox 1283 1717 1361 1740; x_wconf 91' lang='lat' dir='ltr'>rum</span> <span class='ocrx_word' id='word_1_455' title='bbox 1374 1705 1661 1751; x_wconf 80' lang='lat' dir='ltr'>magnificentiam</span> <span class='ocrx_word' id='word_1_456' title='bbox 1673 1702 1833 1740; x_wconf 80' lang='lat' dir='ltr'>afferunt.</span> <span class='ocrx_word' id='word_1_457' title='bbox 1858 1706 1909 1741; x_wconf 88' lang='lat' dir='ltr'>Ut</span> <span class='ocrx_word' id='word_1_458' title='bbox 1919 1710 2004 1741; x_wconf 86' lang='lat' dir='ltr'>vero</span> <span class='ocrx_word' id='word_1_459' title='bbox 2015 1704 2090 1748; x_wconf 87' lang='lat' dir='ltr'>illi,</span> <span class='ocrx_word' id='word_1_460' title='bbox 2109 1706 2215 1753; x_wconf 78' lang='lat' dir='ltr'>fingu&#39;-</span> <span class='ocrx_word' id='word_1_461' title='bbox 2233 1714 2306 1744; x_wconf 81' lang='lat' dir='ltr'>ciae.</span> 
     </span>
     <span class='ocr_line' id='line_1_55' title="bbox 1284 1753 2217 1801; baseline 0.002 -11"><span class='ocrx_word' id='word_1_462' title='bbox 1284 1753 1338 1790; x_wconf 89' lang='lat' dir='ltr'>los</span> <span class='ocrx_word' id='word_1_463' title='bbox 1347 1754 1498 1801; x_wconf 89' lang='lat' dir='ltr'>quosque</span> <span class='ocrx_word' id='word_1_464' title='bbox 1509 1756 1685 1800; x_wconf 87' lang='lat' dir='ltr'>Martyres</span> <span class='ocrx_word' id='word_1_465' title='bbox 1695 1753 1850 1790; x_wconf 86' lang='lat' dir='ltr'>laudibus</span> <span class='ocrx_word' id='word_1_466' title='bbox 1869 1754 2095 1797; x_wconf 89' lang='lat' dir='ltr'>celebraturi,</span> <span class='ocrx_word' id='word_1_467' title='bbox 2121 1756 2217 1792; x_wconf 85' lang='lat' dir='ltr'>velut</span> 
     </span>
     <span class='ocr_line' id='line_1_56' title="bbox 1283 1803 2216 1853; baseline 0.001 -13"><span class='ocrx_word' id='word_1_468' title='bbox 1283 1807 1437 1840; x_wconf 88' lang='lat' dir='ltr'>animum</span> <span class='ocrx_word' id='word_1_469' title='bbox 1450 1803 1660 1851; x_wconf 90' lang='lat' dir='ltr'>despondent</span> <span class='ocrx_word' id='word_1_470' title='bbox 1671 1828 1684 1845; x_wconf 92' lang='lat'>,</span> <span class='ocrx_word' id='word_1_471' title='bbox 1702 1803 1872 1851; x_wconf 87' lang='lat' dir='ltr'>maiusque</span> <span class='ocrx_word' id='word_1_472' title='bbox 1882 1804 2013 1852; x_wconf 86' lang='lat' dir='ltr'>aliquid</span> <span class='ocrx_word' id='word_1_473' title='bbox 2030 1816 2131 1852; x_wconf 89' lang='lat' dir='ltr'>quam</span> <span class='ocrx_word' id='word_1_474' title='bbox 2149 1818 2216 1853; x_wconf 84' lang='lat' dir='ltr'>pro</span> 
     </span>
     <span class='ocr_line' id='line_1_57' title="bbox 1283 1853 2217 1902; baseline 0.001 -12"><span class='ocrx_word' id='word_1_475' title='bbox 1283 1854 1339 1890; x_wconf 90' lang='lat' dir='ltr'>sua</span> <span class='ocrx_word' id='word_1_476' title='bbox 1359 1853 1517 1890; x_wconf 84' lang='lat' dir='ltr'>facultate</span> <span class='ocrx_word' id='word_1_477' title='bbox 1538 1853 1768 1890; x_wconf 82' lang='lat' dir='ltr'>laudationem</span> <span class='ocrx_word' id='word_1_478' title='bbox 1787 1853 1970 1900; x_wconf 86' lang='lat' dir='ltr'>agnoscunt</span> <span class='ocrx_word' id='word_1_479' title='bbox 1990 1879 2002 1896; x_wconf 92' lang='lat'>,</span> <span class='ocrx_word' id='word_1_480' title='bbox 2027 1868 2064 1890; x_wconf 92' lang='lat' dir='ltr'>ac</span> <span class='ocrx_word' id='word_1_481' title='bbox 2085 1855 2217 1902; x_wconf 89' lang='lat' dir='ltr'>liquido</span> 
     </span>
     <span class='ocr_line' id='line_1_58' title="bbox 1284 1902 2218 1952; baseline 0.001 -12"><span class='ocrx_word' id='word_1_482' title='bbox 1284 1904 1375 1941; x_wconf 90' lang='lat' dir='ltr'>suam</span> <span class='ocrx_word' id='word_1_483' title='bbox 1389 1903 1450 1952; x_wconf 83' lang='lat' dir='ltr'>ipfi</span> <span class='ocrx_word' id='word_1_484' title='bbox 1469 1903 1617 1940; x_wconf 85' lang='lat' dir='ltr'>fatentur</span> <span class='ocrx_word' id='word_1_485' title='bbox 1636 1902 1931 1945; x_wconf 86' lang='lat' dir='ltr'>imbecillitatem,</span> <span class='ocrx_word' id='word_1_486' title='bbox 1957 1904 2040 1950; x_wconf 89' lang='lat' dir='ltr'>quid</span> <span class='ocrx_word' id='word_1_487' title='bbox 2052 1917 2108 1940; x_wconf 90' lang='lat' dir='ltr'>me</span> <span class='ocrx_word' id='word_1_488' title='bbox 2127 1905 2186 1941; x_wconf 88' lang='lat' dir='ltr'>fiet</span> <span class='ocrx_word' id='word_1_489' title='bbox 2206 1929 2218 1947; x_wconf 91' lang='lat'>,</span> 
     </span>
     <span class='ocr_line' id='line_1_59' title="bbox 1282 1952 2229 2000; baseline -0.001 -9"><span class='ocrx_word' id='word_1_490' title='bbox 1282 1958 1337 1991; x_wconf 86' lang='lat' dir='ltr'>cui</span> <span class='ocrx_word' id='word_1_491' title='bbox 1360 1952 1528 1990; x_wconf 88' lang='lat' dir='ltr'>hodierna</span> <span class='ocrx_word' id='word_1_492' title='bbox 1548 1953 1604 1989; x_wconf 89' lang='lat' dir='ltr'>die</span> <span class='ocrx_word' id='word_1_493' title='bbox 1621 1955 1822 1998; x_wconf 86' lang='lat' dir='ltr'>Martyrum</span> <span class='ocrx_word' id='word_1_494' title='bbox 1849 1963 2074 2000; x_wconf 84' lang='lat' dir='ltr'>praeceptores</span> <span class='ocrx_word' id='word_1_495' title='bbox 2091 1954 2229 1990; x_wconf 86' lang='lat' dir='ltr'>celebri·</span> 
     </span>
     <span class='ocr_line' id='line_1_60' title="bbox 1281 2001 2218 2053; baseline -0.002 -12"><span class='ocrx_word' id='word_1_496' title='bbox 1281 2004 1380 2041; x_wconf 89' lang='lat' dir='ltr'>laude</span> <span class='ocrx_word' id='word_1_497' title='bbox 1402 2003 1655 2053; x_wconf 88' lang='lat' dir='ltr'>prosequendos</span> <span class='ocrx_word' id='word_1_498' title='bbox 1677 2001 1891 2050; x_wconf 79' lang='lat' dir='ltr'>propofitum</span> <span class='ocrx_word' id='word_1_499' title='bbox 1913 2002 1951 2038; x_wconf 86' lang='lat' dir='ltr'>fit</span> <span class='ocrx_word' id='word_1_500' title='bbox 1973 2004 1986 2037; x_wconf 74' lang='grc' dir='ltr'><strong><em>ἔ</em></strong></span> <span class='ocrx_word' id='word_1_501' title='bbox 2012 2007 2145 2046; x_wconf 85' lang='lat' dir='ltr'>Veros,</span> <span class='ocrx_word' id='word_1_502' title='bbox 2171 2008 2218 2039; x_wconf 91' lang='lat' dir='ltr'>in-</span> 
     </span>
     <span class='ocr_line' id='line_1_61' title="bbox 1284 2051 2218 2102; baseline -0.002 -11"><span class='ocrx_word' id='word_1_503' title='bbox 1284 2067 1387 2102; x_wconf 87' lang='lat' dir='ltr'>quam</span> <span class='ocrx_word' id='word_1_504' title='bbox 1399 2080 1412 2098; x_wconf 92' lang='lat'>,</span> <span class='ocrx_word' id='word_1_505' title='bbox 1421 2054 1499 2090; x_wconf 88' lang='lat' dir='ltr'>illos</span> <span class='ocrx_word' id='word_1_506' title='bbox 1512 2079 1524 2096; x_wconf 96' lang='lat'>,</span> <span class='ocrx_word' id='word_1_507' title='bbox 1535 2051 1728 2101; x_wconf 86' lang='lat' dir='ltr'>primosque</span> <span class='ocrx_word' id='word_1_508' title='bbox 1739 2052 1920 2099; x_wconf 90' lang='lat' dir='ltr'>discipulos</span> <span class='ocrx_word' id='word_1_509' title='bbox 1930 2051 2063 2089; x_wconf 88' lang='lat' dir='ltr'>Christi</span> <span class='ocrx_word' id='word_1_510' title='bbox 2078 2080 2089 2097; x_wconf 87' lang='lat'>,</span> <span class='ocrx_word' id='word_1_511' title='bbox 2101 2053 2218 2090; x_wconf 75' lang='lat' dir='ltr'>Eccle=</span> 
     </span>
     <span class='ocr_line' id='line_1_62' title="bbox 1286 2101 2218 2151; baseline -0.003 -9"><span class='ocrx_word' id='word_1_512' title='bbox 1286 2105 1408 2142; x_wconf 79' lang='lat' dir='ltr'>siarum</span> <span class='ocrx_word' id='word_1_513' title='bbox 1420 2110 1534 2142; x_wconf 90' lang='lat' dir='ltr'>Patres</span> <span class='ocrx_word' id='word_1_514' title='bbox 1544 2129 1556 2146; x_wconf 92' lang='lat'>,</span> <span class='ocrx_word' id='word_1_515' title='bbox 1582 2103 1672 2138; x_wconf 90' lang='lat' dir='ltr'>solos</span> <span class='ocrx_word' id='word_1_516' title='bbox 1693 2101 1857 2150; x_wconf 84' lang='lat' dir='ltr'>probatos</span> <span class='ocrx_word' id='word_1_517' title='bbox 1868 2102 2048 2150; x_wconf 85' lang='lat' dir='ltr'>fidelesque</span> <span class='ocrx_word' id='word_1_518' title='bbox 2066 2106 2218 2151; x_wconf 85' lang='lat' dir='ltr'>Evange-</span> 
     </span>
     <span class='ocr_line' id='line_1_63' title="bbox 1286 2152 2218 2203; baseline -0.004 -11"><span class='ocrx_word' id='word_1_519' title='bbox 1286 2156 1326 2192; x_wconf 91' lang='lat' dir='ltr'>lii</span> <span class='ocrx_word' id='word_1_520' title='bbox 1349 2167 1520 2203; x_wconf 82' lang='lat' dir='ltr'>praecones</span> <span class='ocrx_word' id='word_1_521' title='bbox 1541 2167 1550 2191; x_wconf 76' lang='grc' dir='ltr'><strong><em>ς</em></strong></span> <span class='ocrx_word' id='word_1_522' title='bbox 1577 2156 1635 2201; x_wconf 89' lang='lat' dir='ltr'>qui</span> <span class='ocrx_word' id='word_1_523' title='bbox 1655 2165 1734 2189; x_wconf 89' lang='lat' dir='ltr'>cum</span> <span class='ocrx_word' id='word_1_524' title='bbox 1758 2155 1839 2188; x_wconf 90' lang='lat' dir='ltr'>Deo</span> <span class='ocrx_word' id='word_1_525' title='bbox 1859 2152 1996 2188; x_wconf 91' lang='lat' dir='ltr'>miscere</span> <span class='ocrx_word' id='word_1_526' title='bbox 2018 2153 2218 2201; x_wconf 77' lang='lat' dir='ltr'>colloquia,</span> 
     </span>
     <span class='ocr_line' id='line_1_64' title="bbox 1285 2202 2220 2252; baseline 0 -13"><span class='ocrx_word' id='word_1_527' title='bbox 1285 2205 1416 2249; x_wconf 90' lang='lat' dir='ltr'>suisque</span> <span class='ocrx_word' id='word_1_528' title='bbox 1438 2204 1500 2250; x_wconf 74' lang='lat' dir='ltr'>ips!</span> <span class='ocrx_word' id='word_1_529' title='bbox 1509 2202 1645 2239; x_wconf 88' lang='lat' dir='ltr'>auribus</span> <span class='ocrx_word' id='word_1_530' title='bbox 1664 2202 1818 2239; x_wconf 89' lang='lat' dir='ltr'>divinam</span> <span class='ocrx_word' id='word_1_531' title='bbox 1837 2202 1999 2252; x_wconf 87' lang='lat' dir='ltr'>suscipere</span> <span class='ocrx_word' id='word_1_532' title='bbox 2020 2213 2144 2239; x_wconf 83' lang='lat' dir='ltr'>vocem</span> <span class='ocrx_word' id='word_1_533' title='bbox 2170 2204 2220 2239; x_wconf 86' lang='lat' dir='ltr'>di-</span> 
     </span>
     <span class='ocr_line' id='line_1_65' title="bbox 1286 2250 2221 2298; baseline 0.004 -14"><span class='ocrx_word' id='word_1_534' title='bbox 1286 2254 1343 2297; x_wconf 83' lang='lat' dir='ltr'>gni</span> <span class='ocrx_word' id='word_1_535' title='bbox 1366 2250 1476 2286; x_wconf 88' lang='lat' dir='ltr'>habiti</span> <span class='ocrx_word' id='word_1_536' title='bbox 1496 2251 1577 2284; x_wconf 88' lang='lat' dir='ltr'>fint.</span> <span class='ocrx_word' id='word_1_537' title='bbox 1604 2251 1710 2286; x_wconf 87' lang='lat' dir='ltr'>Haud</span> <span class='ocrx_word' id='word_1_538' title='bbox 1720 2255 1923 2292; x_wconf 83' lang='lat' dir='ltr'>enimvero,</span> <span class='ocrx_word' id='word_1_539' title='bbox 1949 2253 2043 2298; x_wconf 89' lang='lat' dir='ltr'>quod</span> <span class='ocrx_word' id='word_1_540' title='bbox 2063 2253 2100 2289; x_wconf 80' lang='lat' dir='ltr'>fit</span> <span class='ocrx_word' id='word_1_541' title='bbox 2120 2250 2221 2290; x_wconf 87' lang='lat' dir='ltr'>subli-</span> 
     </span>
     <span class='ocr_line' id='line_1_66' title="bbox 1286 2297 2222 2350; baseline 0.003 -14"><span class='ocrx_word' id='word_1_542' title='bbox 1286 2302 1353 2336; x_wconf 87' lang='lat' dir='ltr'>mis</span> <span class='ocrx_word' id='word_1_543' title='bbox 1363 2298 1476 2334; x_wconf 87' lang='lat' dir='ltr'>sermo</span> <span class='ocrx_word' id='word_1_544' title='bbox 1486 2323 1498 2341; x_wconf 90' lang='lat'><strong>‚</strong></span> <span class='ocrx_word' id='word_1_545' title='bbox 1523 2311 1562 2336; x_wconf 90' lang='lat' dir='ltr'>ac</span> <span class='ocrx_word' id='word_1_546' title='bbox 1571 2297 1694 2334; x_wconf 86' lang='lat' dir='ltr'>arduus</span> <span class='ocrx_word' id='word_1_547' title='bbox 1704 2309 1843 2335; x_wconf 90' lang='lat' dir='ltr'>conatus</span> <span class='ocrx_word' id='word_1_548' title='bbox 1854 2325 1866 2342; x_wconf 91' lang='lat'>‚</span> <span class='ocrx_word' id='word_1_549' title='bbox 1886 2299 2017 2336; x_wconf 86' lang='lat' dir='ltr'>idcirco</span> <span class='ocrx_word' id='word_1_550' title='bbox 2026 2314 2138 2349; x_wconf 68' lang='lat' dir='ltr'>operae</span> <span class='ocrx_word' id='word_1_551' title='bbox 2148 2315 2222 2350; x_wconf 83' lang='lat' dir='ltr'>pre·</span> 
     </span>
     <span class='ocr_line' id='line_1_67' title="bbox 1286 2348 2221 2398; baseline 0.003 -14"><span class='ocrx_word' id='word_1_552' title='bbox 1286 2348 1564 2388; x_wconf 81' lang='lat' dir='ltr'>tiumvideatur,</span> <span class='ocrx_word' id='word_1_553' title='bbox 1589 2351 1727 2382; x_wconf 82' lang='lat' dir='ltr'>utiners</span> <span class='ocrx_word' id='word_1_554' title='bbox 1746 2361 1918 2394; x_wconf 88' lang='lat' dir='ltr'>unumque</span> <span class='ocrx_word' id='word_1_555' title='bbox 1937 2350 2103 2385; x_wconf 82' lang='lat' dir='ltr'>silentium</span> <span class='ocrx_word' id='word_1_556' title='bbox 2123 2352 2221 2398; x_wconf 88' lang='lat' dir='ltr'>eliga-</span> 
     </span>
     <span class='ocr_line' id='line_1_68' title="bbox 1285 2396 2220 2445; baseline 0.005 -13"><span class='ocrx_word' id='word_1_557' title='bbox 1285 2409 1377 2437; x_wconf 88' lang='lat' dir='ltr'>mus,</span> <span class='ocrx_word' id='word_1_558' title='bbox 1392 2399 1595 2443; x_wconf 84' lang='lat' dir='ltr'>ignavorum</span> <span class='ocrx_word' id='word_1_559' title='bbox 1609 2407 1706 2430; x_wconf 92' lang='lat' dir='ltr'>more</span> <span class='ocrx_word' id='word_1_560' title='bbox 1717 2408 1754 2430; x_wconf 93' lang='lat' dir='ltr'>ac</span> <span class='ocrx_word' id='word_1_561' title='bbox 1765 2399 1864 2431; x_wconf 91' lang='lat' dir='ltr'>maris</span> <span class='ocrx_word' id='word_1_562' title='bbox 1875 2396 2024 2439; x_wconf 88' lang='lat' dir='ltr'>rudium,</span> <span class='ocrx_word' id='word_1_563' title='bbox 2033 2402 2090 2445; x_wconf 91' lang='lat' dir='ltr'>qui</span> <span class='ocrx_word' id='word_1_564' title='bbox 2101 2400 2142 2435; x_wconf 93' lang='lat' dir='ltr'>ad</span> <span class='ocrx_word' id='word_1_565' title='bbox 2151 2413 2220 2437; x_wconf 82' lang='lat' dir='ltr'>ma-</span> 
     </span>
     <span class='ocr_line' id='line_1_69' title="bbox 1286 2443 2217 2498; baseline 0.005 -16"><span class='ocrx_word' id='word_1_566' title='bbox 1286 2449 1334 2482; x_wconf 88' lang='lat' dir='ltr'>ris</span> <span class='ocrx_word' id='word_1_567' title='bbox 1344 2444 1453 2494; x_wconf 90' lang='lat' dir='ltr'>ipsum</span> <span class='ocrx_word' id='word_1_568' title='bbox 1474 2444 1668 2491; x_wconf 68' lang='lat' dir='ltr'>adspectum</span> <span class='ocrx_word' id='word_1_569' title='bbox 1687 2443 1848 2490; x_wconf 85' lang='lat' dir='ltr'>abjiciunt</span> <span class='ocrx_word' id='word_1_570' title='bbox 1865 2449 2035 2483; x_wconf 88' lang='lat' dir='ltr'>animum:</span> <span class='ocrx_word' id='word_1_571' title='bbox 2060 2462 2098 2485; x_wconf 92' lang='lat' dir='ltr'>ac</span> <span class='ocrx_word' id='word_1_572' title='bbox 2108 2461 2217 2498; x_wconf 84' lang='lat' dir='ltr'>neque</span> 
     </span>
     <span class='ocr_line' id='line_1_70' title="bbox 1285 2493 2217 2544; baseline 0.008 -13"><span class='ocrx_word' id='word_1_573' title='bbox 1285 2498 1462 2544; x_wconf 87' lang='lat' dir='ltr'>principio</span> <span class='ocrx_word' id='word_1_574' title='bbox 1482 2493 1644 2531; x_wconf 79' lang='lat' dir='ltr'>sustinent</span> <span class='ocrx_word' id='word_1_575' title='bbox 1665 2498 1779 2530; x_wconf 86' lang='lat' dir='ltr'>navim</span> <span class='ocrx_word' id='word_1_576' title='bbox 1798 2495 2020 2533; x_wconf 87' lang='lat' dir='ltr'>conscendere</span> <span class='ocrx_word' id='word_1_577' title='bbox 2041 2523 2053 2540; x_wconf 91' lang='lat'>,</span> <span class='ocrx_word' id='word_1_578' title='bbox 2078 2511 2141 2536; x_wconf 88' lang='lat' dir='ltr'>nec-</span> <span class='ocrx_word' id='word_1_579' title='bbox 2159 2502 2217 2538; x_wconf 84' lang='lat' dir='ltr'>vel</span> 
     </span>
     <span class='ocr_line' id='line_1_71' title="bbox 1284 2543 2218 2593; baseline 0.006 -12"><span class='ocrx_word' id='word_1_580' title='bbox 1284 2544 1483 2593; x_wconf 89' lang='lat' dir='ltr'>experiendi</span> <span class='ocrx_word' id='word_1_581' title='bbox 1496 2543 1753 2586; x_wconf 82' lang='lat' dir='ltr'>causa,extrema</span> <span class='ocrx_word' id='word_1_582' title='bbox 1765 2544 1832 2592; x_wconf 87' lang='lat' dir='ltr'>ipsa</span> <span class='ocrx_word' id='word_1_583' title='bbox 1842 2546 1959 2582; x_wconf 85' lang='lat' dir='ltr'>littora</span> <span class='ocrx_word' id='word_1_584' title='bbox 1971 2548 2146 2585; x_wconf 87' lang='lat' dir='ltr'>modicum</span> <span class='ocrx_word' id='word_1_585' title='bbox 2157 2550 2218 2587; x_wconf 67' lang='lat' dir='ltr'>ob</span> 
     </span>
     <span class='ocr_line' id='line_1_72' title="bbox 1283 2594 2218 2646; baseline 0.004 -15"><span class='ocrx_word' id='word_1_586' title='bbox 1283 2599 1479 2643; x_wconf 85' lang='lat' dir='ltr'>navigantes</span> <span class='ocrx_word' id='word_1_587' title='bbox 1489 2594 1631 2631; x_wconf 88' lang='lat' dir='ltr'>lustrare</span> <span class='ocrx_word' id='word_1_588' title='bbox 1650 2609 1658 2629; x_wconf 72' lang='grc' dir='ltr'><strong>ε</strong></span> <span class='ocrx_word' id='word_1_589' title='bbox 1677 2598 1760 2642; x_wconf 91' lang='lat' dir='ltr'>quin</span> <span class='ocrx_word' id='word_1_590' title='bbox 1770 2606 1823 2631; x_wconf 89' lang='lat' dir='ltr'>ter</span> <span class='ocrx_word' id='word_1_591' title='bbox 1832 2594 1936 2633; x_wconf 87' lang='lat' dir='ltr'>beatis</span> <span class='ocrx_word' id='word_1_592' title='bbox 1946 2601 2048 2640; x_wconf 85' lang='lat' dir='ltr'>viris,</span> <span class='ocrx_word' id='word_1_593' title='bbox 2068 2610 2218 2646; x_wconf 78' lang='lat' dir='ltr'>quorum</span> 
     </span>
     <span class='ocr_line' id='line_1_73' title="bbox 1282 2644 2218 2692; baseline 0.006 -11"><span class='ocrx_word' id='word_1_594' title='bbox 1282 2644 1391 2682; x_wconf 89' lang='lat' dir='ltr'>hodie</span> <span class='ocrx_word' id='word_1_595' title='bbox 1401 2644 1683 2682; x_wconf 84' lang='lat' dir='ltr'>celebrandorum</span> <span class='ocrx_word' id='word_1_596' title='bbox 1693 2649 1798 2692; x_wconf 87' lang='lat' dir='ltr'>gratia</span> <span class='ocrx_word' id='word_1_597' title='bbox 1810 2650 2045 2690; x_wconf 84' lang='lat' dir='ltr'>convenimus,</span> <span class='ocrx_word' id='word_1_598' title='bbox 2055 2660 2218 2687; x_wconf 82' lang='lat' dir='ltr'>conatum</span> 
     </span>
     <span class='ocr_line' id='line_1_74' title="bbox 1281 2694 2216 2744; baseline 0.004 -12"><span class='ocrx_word' id='word_1_599' title='bbox 1281 2695 1525 2732; x_wconf 87' lang='lat' dir='ltr'>concredentes</span> <span class='ocrx_word' id='word_1_600' title='bbox 1538 2720 1549 2737; x_wconf 94' lang='lat'>,</span> <span class='ocrx_word' id='word_1_601' title='bbox 1570 2694 1664 2742; x_wconf 92' lang='lat' dir='ltr'>quod</span> <span class='ocrx_word' id='word_1_602' title='bbox 1675 2694 1797 2731; x_wconf 83' lang='lat' dir='ltr'>nostrae</span> <span class='ocrx_word' id='word_1_603' title='bbox 1807 2699 1873 2731; x_wconf 88' lang='lat' dir='ltr'>erit</span> <span class='ocrx_word' id='word_1_604' title='bbox 1890 2696 2056 2734; x_wconf 84' lang='lat' dir='ltr'>facultatis</span> <span class='ocrx_word' id='word_1_605' title='bbox 2066 2699 2216 2744; x_wconf 83' lang='lat' dir='ltr'>aliorum</span> 
     </span>
     <span class='ocr_line' id='line_1_75' title="bbox 1283 2744 2214 2794; baseline 0.003 -11"><span class='ocrx_word' id='word_1_606' title='bbox 1283 2746 1407 2783; x_wconf 83' lang='lat' dir='ltr'>laetitiae</span> <span class='ocrx_word' id='word_1_607' title='bbox 1418 2745 1572 2793; x_wconf 72' lang='lat' dir='ltr'>praestare</span> <span class='ocrx_word' id='word_1_608' title='bbox 1583 2744 1772 2781; x_wconf 85' lang='lat' dir='ltr'>studeamus</span> <span class='ocrx_word' id='word_1_609' title='bbox 1783 2772 1791 2780; x_wconf 93' lang='lat'><strong>.</strong></span> <span class='ocrx_word' id='word_1_610' title='bbox 1811 2748 1907 2782; x_wconf 90' lang='lat' dir='ltr'>Novi</span> <span class='ocrx_word' id='word_1_611' title='bbox 1919 2746 2076 2794; x_wconf 79' lang='lat' dir='ltr'>siquidem</span> <span class='ocrx_word' id='word_1_612' title='bbox 2088 2763 2105 2785; x_wconf 85' lang='lat' dir='ltr'>a</span> <span class='ocrx_word' id='word_1_613' title='bbox 2115 2750 2214 2787; x_wconf 89' lang='lat' dir='ltr'>nobis</span> 
     </span>
     <span class='ocr_line' id='line_1_76' title="bbox 1276 2796 2216 2844; baseline 0.003 -12"><span class='ocrx_word' id='word_1_614' title='bbox 1276 2796 1489 2844; x_wconf 76' lang='lat' dir='ltr'>exigendum</span> <span class='ocrx_word' id='word_1_615' title='bbox 1500 2822 1512 2839; x_wconf 88' lang='lat'>,</span> <span class='ocrx_word' id='word_1_616' title='bbox 1531 2807 1602 2831; x_wconf 90' lang='lat' dir='ltr'>noo</span> <span class='ocrx_word' id='word_1_617' title='bbox 1614 2805 1776 2842; x_wconf 87' lang='lat' dir='ltr'>quantum</span> <span class='ocrx_word' id='word_1_618' title='bbox 1789 2800 1916 2843; x_wconf 87' lang='lat' dir='ltr'>magnis</span> <span class='ocrx_word' id='word_1_619' title='bbox 1925 2796 1992 2832; x_wconf 90' lang='lat' dir='ltr'>illis</span> <span class='ocrx_word' id='word_1_620' title='bbox 2001 2810 2038 2834; x_wconf 89' lang='lat' dir='ltr'>ac</span> <span class='ocrx_word' id='word_1_621' title='bbox 2047 2799 2216 2835; x_wconf 83' lang='lat' dir='ltr'>admiran-</span> 
     </span>
     <span class='ocr_line' id='line_1_77' title="bbox 1284 2844 2214 2894; baseline 0.003 -12"><span class='ocrx_word' id='word_1_622' title='bbox 1284 2846 1335 2882; x_wconf 88' lang='lat' dir='ltr'>dis</span> <span class='ocrx_word' id='word_1_623' title='bbox 1348 2849 1474 2882; x_wconf 87' lang='lat' dir='ltr'>merito</span> <span class='ocrx_word' id='word_1_624' title='bbox 1485 2844 1625 2882; x_wconf 90' lang='lat' dir='ltr'>debeatu</span> <span class='ocrx_word' id='word_1_625' title='bbox 1631 2844 1716 2886; x_wconf 87' lang='lat' dir='ltr'>r,sed</span> <span class='ocrx_word' id='word_1_626' title='bbox 1727 2856 1889 2894; x_wconf 87' lang='lat' dir='ltr'>quantum</span> <span class='ocrx_word' id='word_1_627' title='bbox 1901 2847 2104 2894; x_wconf 85' lang='lat' dir='ltr'>pauperibus</span> <span class='ocrx_word' id='word_1_628' title='bbox 2115 2849 2214 2885; x_wconf 80' lang='lat' dir='ltr'>nobis</span> 
     </span>
     <span class='ocr_line' id='line_1_78' title="bbox 1284 2895 2212 2945; baseline 0.001 -12"><span class='ocrx_word' id='word_1_629' title='bbox 1284 2900 1318 2934; x_wconf 86' lang='lat' dir='ltr'>in</span> <span class='ocrx_word' id='word_1_630' title='bbox 1331 2907 1497 2945; x_wconf 80' lang='lat' dir='ltr'>promptu</span> <span class='ocrx_word' id='word_1_631' title='bbox 1515 2895 1572 2931; x_wconf 84' lang='lat' dir='ltr'>fit.</span> <span class='ocrx_word' id='word_1_632' title='bbox 1600 2898 1740 2932; x_wconf 87' lang='lat' dir='ltr'>Utinam</span> <span class='ocrx_word' id='word_1_633' title='bbox 1762 2907 1846 2930; x_wconf 89' lang='lat' dir='ltr'>vero</span> <span class='ocrx_word' id='word_1_634' title='bbox 1858 2896 2030 2932; x_wconf 89' lang='lat' dir='ltr'>modicum</span> <span class='ocrx_word' id='word_1_635' title='bbox 2042 2898 2126 2943; x_wconf 83' lang='lat' dir='ltr'>quid</span> <span class='ocrx_word' id='word_1_636' title='bbox 2142 2901 2212 2941; x_wconf 79' lang='lat' dir='ltr'>ejus</span> 
     </span>
     <span class='ocr_line' id='line_1_79' title="bbox 1283 2944 2212 2994; baseline 0.002 -12"><span class='ocrx_word' id='word_1_637' title='bbox 1283 2945 1372 2982; x_wconf 89' lang='lat' dir='ltr'>mihi</span> <span class='ocrx_word' id='word_1_638' title='bbox 1385 2950 1500 2994; x_wconf 79' lang='lat' dir='ltr'>gratiae</span> <span class='ocrx_word' id='word_1_639' title='bbox 1509 2944 1757 2993; x_wconf 84' lang='lat' dir='ltr'>suppeditatum</span> <span class='ocrx_word' id='word_1_640' title='bbox 1769 2945 1959 2993; x_wconf 89' lang='lat' dir='ltr'>suppeteret</span> <span class='ocrx_word' id='word_1_641' title='bbox 1970 2970 1982 2988; x_wconf 92' lang='lat'>,</span> <span class='ocrx_word' id='word_1_642' title='bbox 2007 2948 2099 2990; x_wconf 82' lang='lat' dir='ltr'>cuius</span> <span class='ocrx_word' id='word_1_643' title='bbox 2107 2947 2212 2984; x_wconf 81' lang='lat' dir='ltr'>ambo</span> 
     </span>
     <span class='ocr_line' id='line_1_80' title="bbox 1283 2994 2214 3045; baseline 0 -12"><span class='ocrx_word' id='word_1_644' title='bbox 1283 2996 1322 3033; x_wconf 89' lang='lat' dir='ltr'>hi</span> <span class='ocrx_word' id='word_1_645' title='bbox 1337 2998 1444 3033; x_wconf 66' lang='lat' dir='ltr'>Sancti</span> <span class='ocrx_word' id='word_1_646' title='bbox 1456 2995 1738 3045; x_wconf 87' lang='lat' dir='ltr'>participes,alter</span> <span class='ocrx_word' id='word_1_647' title='bbox 1749 2995 1885 3042; x_wconf 86' lang='lat' dir='ltr'>quidem</span> <span class='ocrx_word' id='word_1_648' title='bbox 1898 2994 2152 3043; x_wconf 86' lang='lat' dir='ltr'>Hierosolymis</span> <span class='ocrx_word' id='word_1_649' title='bbox 2165 3002 2214 3033; x_wconf 60' lang='lat' dir='ltr'>ina</span> 
     </span>
     <span class='ocr_line' id='line_1_81' title="bbox 1284 3043 2213 3083; baseline -0.001 0"><span class='ocrx_word' id='word_1_650' title='bbox 1284 3046 1442 3083; x_wconf 86' lang='lat' dir='ltr'>credulos</span> <span class='ocrx_word' id='word_1_651' title='bbox 1453 3046 1569 3082; x_wconf 90' lang='lat' dir='ltr'>docuit</span> <span class='ocrx_word' id='word_1_652' title='bbox 1581 3059 1589 3081; x_wconf 74' lang='grc' dir='ltr'><strong><em>ε</em></strong></span> <span class='ocrx_word' id='word_1_653' title='bbox 1611 3045 1695 3080; x_wconf 87' lang='lat' dir='ltr'>alter</span> <span class='ocrx_word' id='word_1_654' title='bbox 1706 3057 1791 3081; x_wconf 88' lang='lat' dir='ltr'>vero</span> <span class='ocrx_word' id='word_1_655' title='bbox 1801 3057 1879 3081; x_wconf 93' lang='lat' dir='ltr'>cum</span> <span class='ocrx_word' id='word_1_656' title='bbox 1891 3043 2037 3082; x_wconf 86' lang='lat' dir='ltr'>Athenis</span> <span class='ocrx_word' id='word_1_657' title='bbox 2048 3050 2081 3082; x_wconf 91' lang='lat' dir='ltr'>in</span> <span class='ocrx_word' id='word_1_658' title='bbox 2102 3049 2213 3083; x_wconf 64' lang='lat' dir='ltr'>Areoa</span> 
     </span>
    </p>
   </div>
   <div class='ocr_carea' id='block_1_16' title="bbox 281 1699 1225 3844">
    <p class='ocr_par' dir='ltr' id='par_1_19' title="bbox 282 1699 1223 1998">
     <span class='ocr_line' id='line_1_82' title="bbox 283 1699 1220 1748; baseline 0.002 -13"><span class='ocrx_word' id='word_1_659' title='bbox 283 1710 382 1742; x_wconf 82' lang='lat' dir='ltr'>rent,</span> <span class='ocrx_word' id='word_1_660' title='bbox 408 1703 454 1736; x_wconf 88' lang='lat' dir='ltr'>ita</span> <span class='ocrx_word' id='word_1_661' title='bbox 463 1713 574 1736; x_wconf 90' lang='lat' dir='ltr'>novos</span> <span class='ocrx_word' id='word_1_662' title='bbox 584 1714 622 1737; x_wconf 91' lang='lat' dir='ltr'>ac</span> <span class='ocrx_word' id='word_1_663' title='bbox 642 1699 800 1736; x_wconf 88' lang='lat' dir='ltr'>sublimes</span> <span class='ocrx_word' id='word_1_664' title='bbox 809 1700 880 1736; x_wconf 89' lang='lat' dir='ltr'>dari</span> <span class='ocrx_word' id='word_1_665' title='bbox 899 1699 1093 1748; x_wconf 83' lang='lat' dir='ltr'>quaerebant</span> <span class='ocrx_word' id='word_1_666' title='bbox 1113 1701 1220 1744; x_wconf 91' lang='lat' dir='ltr'>deos,</span> 
     </span>
     <span class='ocr_line' id='line_1_83' title="bbox 283 1749 1219 1798; baseline 0.001 -12"><span class='ocrx_word' id='word_1_667' title='bbox 283 1749 343 1786; x_wconf 86' lang='lat' dir='ltr'>ubi</span> <span class='ocrx_word' id='word_1_668' title='bbox 365 1763 484 1797; x_wconf 84' lang='lat' dir='ltr'>parum</span> <span class='ocrx_word' id='word_1_669' title='bbox 503 1750 588 1798; x_wconf 89' lang='lat' dir='ltr'>quid</span> <span class='ocrx_word' id='word_1_670' title='bbox 598 1749 738 1797; x_wconf 83' lang='lat' dir='ltr'>Moyses</span> <span class='ocrx_word' id='word_1_671' title='bbox 748 1753 818 1787; x_wconf 88' lang='lat' dir='ltr'>acci</span> <span class='ocrx_word' id='word_1_672' title='bbox 848 1750 943 1790; x_wconf 83' lang='lat' dir='ltr'>lenda</span> <span class='ocrx_word' id='word_1_673' title='bbox 954 1750 1028 1798; x_wconf 87' lang='lat' dir='ltr'>lege</span> <span class='ocrx_word' id='word_1_674' title='bbox 1046 1754 1081 1787; x_wconf 89' lang='lat' dir='ltr'>in</span> <span class='ocrx_word' id='word_1_675' title='bbox 1100 1762 1219 1787; x_wconf 91' lang='lat' dir='ltr'>monte</span> 
     </span>
     <span class='ocr_line' id='line_1_84' title="bbox 283 1763 1221 1849; baseline 0.002 -13"><span class='ocrx_word' id='word_1_676' title='bbox 283 1799 439 1837; x_wconf 88' lang='lat' dir='ltr'>detentus</span> <span class='ocrx_word' id='word_1_677' title='bbox 450 1826 462 1844; x_wconf 90' lang='lat'>‚</span> <span class='ocrx_word' id='word_1_678' title='bbox 489 1800 637 1838; x_wconf 91' lang='lat' dir='ltr'>reditum</span> <span class='ocrx_word' id='word_1_679' title='bbox 649 1763 883 1849; x_wconf 55' lang='lat' dir='ltr'>protraxissEt.</span> <span class='ocrx_word' id='word_1_680' title='bbox 911 1803 1008 1838; x_wconf 88' lang='lat' dir='ltr'>Vero</span> <span class='ocrx_word' id='word_1_681' title='bbox 1017 1814 1080 1837; x_wconf 87' lang='lat' dir='ltr'>vos</span> <span class='ocrx_word' id='word_1_682' title='bbox 1097 1814 1221 1838; x_wconf 87' lang='lat' dir='ltr'>eorum</span> 
     </span>
     <span class='ocr_line' id='line_1_85' title="bbox 282 1848 1223 1900; baseline 0.001 -14"><span class='ocrx_word' id='word_1_683' title='bbox 282 1848 433 1887; x_wconf 81' lang='lat' dir='ltr'>haeredes</span> <span class='ocrx_word' id='word_1_684' title='bbox 453 1850 707 1899; x_wconf 73' lang='lat' dir='ltr'>improbitatiS,</span> <span class='ocrx_word' id='word_1_685' title='bbox 733 1855 791 1899; x_wconf 89' lang='lat' dir='ltr'>qui</span> <span class='ocrx_word' id='word_1_686' title='bbox 802 1864 911 1900; x_wconf 90' lang='lat' dir='ltr'>neque</span> <span class='ocrx_word' id='word_1_687' title='bbox 934 1851 1044 1897; x_wconf 75' lang='lat' dir='ltr'>legem</span> <span class='ocrx_word' id='word_1_688' title='bbox 1061 1851 1223 1888; x_wconf 88' lang='lat' dir='ltr'>dilexeri-</span> 
     </span>
     <span class='ocr_line' id='line_1_86' title="bbox 282 1899 1221 1950; baseline 0.002 -14"><span class='ocrx_word' id='word_1_689' title='bbox 282 1903 328 1937; x_wconf 89' lang='lat' dir='ltr'>tis</span> <span class='ocrx_word' id='word_1_690' title='bbox 340 1925 352 1943; x_wconf 90' lang='lat'>,</span> <span class='ocrx_word' id='word_1_691' title='bbox 376 1913 414 1938; x_wconf 88' lang='lat' dir='ltr'>ac</span> <span class='ocrx_word' id='word_1_692' title='bbox 423 1904 566 1949; x_wconf 86' lang='lat' dir='ltr'>gratiam</span> <span class='ocrx_word' id='word_1_693' title='bbox 577 1901 661 1937; x_wconf 92' lang='lat' dir='ltr'>odio</span> <span class='ocrx_word' id='word_1_694' title='bbox 671 1899 839 1939; x_wconf 85' lang='lat' dir='ltr'>habeatis.</span> <span class='ocrx_word' id='word_1_695' title='bbox 868 1905 940 1948; x_wconf 84' lang='lat' dir='ltr'>Qui</span> <span class='ocrx_word' id='word_1_696' title='bbox 952 1914 1021 1939; x_wconf 88' lang='lat' dir='ltr'>nou</span> <span class='ocrx_word' id='word_1_697' title='bbox 1032 1901 1221 1950; x_wconf 82' lang='lat' dir='ltr'>amygdali-</span> 
     </span>
     <span class='ocr_line' id='line_1_87' title="bbox 282 1950 932 1998; baseline 0.003 -12"><span class='ocrx_word' id='word_1_698' title='bbox 282 1962 323 1987; x_wconf 76' lang='lat' dir='ltr'>na</span> <span class='ocrx_word' id='word_1_699' title='bbox 335 1953 453 1997; x_wconf 77' lang='lat' dir='ltr'>virga,</span> <span class='ocrx_word' id='word_1_700' title='bbox 479 1950 534 1987; x_wconf 85' lang='lat' dir='ltr'>sed</span> <span class='ocrx_word' id='word_1_701' title='bbox 553 1951 660 1988; x_wconf 87' lang='lat' dir='ltr'>ferrea</span> <span class='ocrx_word' id='word_1_702' title='bbox 670 1955 741 1998; x_wconf 86' lang='lat' dir='ltr'>regi</span> <span class='ocrx_word' id='word_1_703' title='bbox 760 1950 932 1988; x_wconf 89' lang='lat' dir='ltr'>habeatis.</span> 
     </span>
    </p>

    <p class='ocr_par' dir='ltr' id='par_1_20' title="bbox 281 1999 1225 2899">
     <span class='ocr_line' id='line_1_88' title="bbox 330 1999 1220 2045; baseline 0.004 -9"><span class='ocrx_word' id='word_1_704' title='bbox 330 2000 469 2038; x_wconf 86' lang='lat' dir='ltr'>Videris</span> <span class='ocrx_word' id='word_1_705' title='bbox 488 1999 671 2038; x_wconf 87' lang='lat' dir='ltr'>hominem</span> <span class='ocrx_word' id='word_1_706' title='bbox 697 2001 926 2042; x_wconf 89' lang='lat' dir='ltr'>transeuntem</span> <span class='ocrx_word' id='word_1_707' title='bbox 948 2002 991 2040; x_wconf 87' lang='lat' dir='ltr'>ad</span> <span class='ocrx_word' id='word_1_708' title='bbox 1000 2002 1133 2045; x_wconf 69' lang='lat' dir='ltr'>lucem</span> <span class='ocrx_word' id='word_1_709' title='bbox 1158 2002 1220 2040; x_wconf 87' lang='lat' dir='ltr'>ubi</span> 
     </span>
     <span class='ocr_line' id='line_1_89' title="bbox 282 2050 1221 2097; baseline 0.004 -11"><span class='ocrx_word' id='word_1_710' title='bbox 282 2061 356 2087; x_wconf 88' lang='lat' dir='ltr'>tota</span> <span class='ocrx_word' id='word_1_711' title='bbox 382 2050 484 2097; x_wconf 82' lang='lat' dir='ltr'>longe</span> <span class='ocrx_word' id='word_1_712' title='bbox 517 2055 689 2088; x_wconf 88' lang='lat' dir='ltr'>anteriora</span> <span class='ocrx_word' id='word_1_713' title='bbox 716 2063 810 2089; x_wconf 87' lang='lat' dir='ltr'>aetate</span> <span class='ocrx_word' id='word_1_714' title='bbox 832 2078 844 2095; x_wconf 95' lang='lat'>‚</span> <span class='ocrx_word' id='word_1_715' title='bbox 879 2052 1057 2090; x_wconf 90' lang='lat' dir='ltr'>inutilibus</span> <span class='ocrx_word' id='word_1_716' title='bbox 1084 2054 1221 2092; x_wconf 83' lang='lat' dir='ltr'>lumini-</span> 
     </span>
     <span class='ocr_line' id='line_1_90' title="bbox 282 2100 1223 2148; baseline 0.002 -10"><span class='ocrx_word' id='word_1_717' title='bbox 282 2100 344 2138; x_wconf 84' lang='lat' dir='ltr'>bus</span> <span class='ocrx_word' id='word_1_718' title='bbox 371 2103 406 2136; x_wconf 89' lang='lat' dir='ltr'>in</span> <span class='ocrx_word' id='word_1_719' title='bbox 441 2100 589 2136; x_wconf 85' lang='lat' dir='ltr'>tenebris</span> <span class='ocrx_word' id='word_1_720' title='bbox 625 2100 736 2148; x_wconf 79' lang='lat' dir='ltr'>egisset</span> <span class='ocrx_word' id='word_1_721' title='bbox 756 2127 770 2144; x_wconf 91' lang='lat'>,</span> <span class='ocrx_word' id='word_1_722' title='bbox 803 2102 933 2139; x_wconf 88' lang='lat' dir='ltr'>alienos</span> <span class='ocrx_word' id='word_1_723' title='bbox 966 2104 1087 2140; x_wconf 87' lang='lat' dir='ltr'>oculos</span> <span class='ocrx_word' id='word_1_724' title='bbox 1121 2104 1223 2140; x_wconf 90' lang='lat' dir='ltr'>duces</span> 
     </span>
     <span class='ocr_line' id='line_1_91' title="bbox 281 2149 1224 2200; baseline 0.005 -14"><span class='ocrx_word' id='word_1_725' title='bbox 281 2150 421 2197; x_wconf 63' lang='lat' dir='ltr'>sequens</span> <span class='ocrx_word' id='word_1_726' title='bbox 444 2161 455 2186; x_wconf 69' lang='grc' dir='ltr'>ς</span> <span class='ocrx_word' id='word_1_727' title='bbox 489 2149 648 2196; x_wconf 86' lang='lat' dir='ltr'>quotidie</span> <span class='ocrx_word' id='word_1_728' title='bbox 674 2149 787 2185; x_wconf 81' lang='lat' dir='ltr'>sedens</span> <span class='ocrx_word' id='word_1_729' title='bbox 814 2164 882 2196; x_wconf 87' lang='lat' dir='ltr'>pro</span> <span class='ocrx_word' id='word_1_730' title='bbox 906 2153 1028 2200; x_wconf 87' lang='lat' dir='ltr'>templi</span> <span class='ocrx_word' id='word_1_731' title='bbox 1055 2153 1187 2191; x_wconf 88' lang='lat' dir='ltr'>foribus</span> <span class='ocrx_word' id='word_1_732' title='bbox 1212 2168 1224 2192; x_wconf 84' lang='lat' dir='ltr'>s</span> 
     </span>
     <span class='ocr_line' id='line_1_92' title="bbox 282 2195 1223 2245; baseline 0.003 -10"><span class='ocrx_word' id='word_1_733' title='bbox 282 2211 469 2236; x_wconf 66' lang='lat' dir='ltr'>erumnam</span> <span class='ocrx_word' id='word_1_734' title='bbox 498 2195 672 2245; x_wconf 89' lang='lat' dir='ltr'>publicans</span> <span class='ocrx_word' id='word_1_735' title='bbox 698 2208 770 2244; x_wconf 85' lang='lat' dir='ltr'>quo</span> <span class='ocrx_word' id='word_1_736' title='bbox 795 2197 910 2244; x_wconf 81' lang='lat' dir='ltr'>plures</span> <span class='ocrx_word' id='word_1_737' title='bbox 928 2201 978 2233; x_wconf 78' lang='lat' dir='ltr'>ad</span> <span class='ocrx_word' id='word_1_738' title='bbox 996 2203 1223 2238; x_wconf 68' lang='lat' dir='ltr'>misti-endum</span> 
     </span>
     <span class='ocr_line' id='line_1_93' title="bbox 281 2245 1224 2296; baseline 0 -13"><span class='ocrx_word' id='word_1_739' title='bbox 281 2245 529 2296; x_wconf 68' lang='lat' dir='ltr'>‘pertrahet-ets</span> <span class='ocrx_word' id='word_1_740' title='bbox 562 2248 655 2287; x_wconf 86' lang='lat' dir='ltr'>euius</span> <span class='ocrx_word' id='word_1_741' title='bbox 680 2255 752 2280; x_wconf 85' lang='lat' dir='ltr'>tota</span> <span class='ocrx_word' id='word_1_742' title='bbox 779 2248 906 2282; x_wconf 56' lang='lat' dir='ltr'>civitas</span> <span class='ocrx_word' id='word_1_743' title='bbox 941 2247 1224 2293; x_wconf 66' lang='lat' dir='ltr'>aegritudiniste-</span> 
     </span>
     <span class='ocr_line' id='line_1_94' title="bbox 286 2293 1225 2334; baseline 0.001 -1"><span class='ocrx_word' id='word_1_744' title='bbox 286 2295 346 2333; x_wconf 84' lang='lat' dir='ltr'>stis</span> <span class='ocrx_word' id='word_1_745' title='bbox 372 2293 468 2330; x_wconf 75' lang='lat' dir='ltr'>esset:</span> <span class='ocrx_word' id='word_1_746' title='bbox 494 2307 584 2333; x_wconf 89' lang='lat' dir='ltr'>nunc</span> <span class='ocrx_word' id='word_1_747' title='bbox 601 2303 713 2332; x_wconf 84' lang='lat' dir='ltr'>autem</span> <span class='ocrx_word' id='word_1_748' title='bbox 740 2293 917 2331; x_wconf 81' lang='lat' dir='ltr'>videntem</span> <span class='ocrx_word' id='word_1_749' title='bbox 933 2297 1110 2333; x_wconf 49' lang='lat' dir='ltr'>*ac-celeri</span> <span class='ocrx_word' id='word_1_750' title='bbox 1131 2310 1225 2334; x_wconf 81' lang='lat' dir='ltr'>cura-</span> 
     </span>
     <span class='ocr_line' id='line_1_95' title="bbox 286 2344 1225 2387; baseline -0.002 -4"><span class='ocrx_word' id='word_1_751' title='bbox 286 2357 364 2383; x_wconf 83' lang='lat' dir='ltr'>tum</span> <span class='ocrx_word' id='word_1_752' title='bbox 377 2344 531 2381; x_wconf 84' lang='lat' dir='ltr'>remedio</span> <span class='ocrx_word' id='word_1_753' title='bbox 541 2370 553 2387; x_wconf 92' lang='lat'><strong><em>‚</em></strong></span> <span class='ocrx_word' id='word_1_754' title='bbox 580 2356 649 2381; x_wconf 89' lang='lat' dir='ltr'>non</span> <span class='ocrx_word' id='word_1_755' title='bbox 660 2347 836 2380; x_wconf 85' lang='lat' dir='ltr'>variorum</span> <span class='ocrx_word' id='word_1_756' title='bbox 854 2345 1121 2381; x_wconf 85' lang='lat' dir='ltr'>medicaminum</span> <span class='ocrx_word' id='word_1_757' title='bbox 1128 2356 1225 2382; x_wconf 73' lang='lat' dir='ltr'>uom-</span> 
     </span>
     <span class='ocr_line' id='line_1_96' title="bbox 283 2393 1225 2446; baseline -0.001 -15"><span class='ocrx_word' id='word_1_758' title='bbox 283 2395 478 2446; x_wconf 78' lang='lat' dir='ltr'>‘positione‚</span> <span class='ocrx_word' id='word_1_759' title='bbox 502 2405 559 2434; x_wconf 85' lang='lat' dir='ltr'>aut</span> <span class='ocrx_word' id='word_1_760' title='bbox 576 2394 656 2431; x_wconf 84' lang='lat' dir='ltr'>ferri</span> <span class='ocrx_word' id='word_1_761' title='bbox 679 2393 884 2433; x_wconf 67' lang='lat' dir='ltr'>sestionibus</span> <span class='ocrx_word' id='word_1_762' title='bbox 902 2409 914 2433; x_wconf 77' lang='lat'>5</span> <span class='ocrx_word' id='word_1_763' title='bbox 941 2394 996 2431; x_wconf 89' lang='lat' dir='ltr'>sed</span> <span class='ocrx_word' id='word_1_764' title='bbox 1016 2395 1093 2432; x_wconf 90' lang='lat' dir='ltr'>luto</span> <span class='ocrx_word' id='word_1_765' title='bbox 1118 2394 1193 2430; x_wconf 89' lang='lat' dir='ltr'>solo</span> <span class='ocrx_word' id='word_1_766' title='bbox 1213 2419 1225 2437; x_wconf 93' lang='lat'><em>‚</em></span> 
     </span>
     <span class='ocr_line' id='line_1_97' title="bbox 288 2444 1225 2495; baseline -0.004 -11"><span class='ocrx_word' id='word_1_767' title='bbox 288 2458 399 2495; x_wconf 85' lang='lat' dir='ltr'>eoque</span> <span class='ocrx_word' id='word_1_768' title='bbox 426 2445 536 2482; x_wconf 72' lang='lat' dir='ltr'>salivae</span> <span class='ocrx_word' id='word_1_769' title='bbox 562 2446 744 2492; x_wconf 70' lang='lat' dir='ltr'>injectione</span> <span class='ocrx_word' id='word_1_770' title='bbox 768 2444 931 2481; x_wconf 61' lang='lat' dir='ltr'>confeao</span> <span class='ocrx_word' id='word_1_771' title='bbox 951 2458 961 2480; x_wconf 72' lang='grc' dir='ltr'><strong>ε</strong></span> <span class='ocrx_word' id='word_1_772' title='bbox 986 2457 1052 2491; x_wconf 87' lang='lat' dir='ltr'>qua</span> <span class='ocrx_word' id='word_1_773' title='bbox 1079 2457 1165 2481; x_wconf 89' lang='lat' dir='ltr'>vero</span> <span class='ocrx_word' id='word_1_774' title='bbox 1175 2457 1225 2480; x_wconf 86' lang='lat' dir='ltr'>ra-</span> 
     </span>
     <span class='ocr_line' id='line_1_98' title="bbox 288 2492 1224 2536; baseline -0.003 -2"><span class='ocrx_word' id='word_1_775' title='bbox 288 2501 385 2535; x_wconf 83' lang='lat' dir='ltr'>tione</span> <span class='ocrx_word' id='word_1_776' title='bbox 411 2508 479 2532; x_wconf 90' lang='lat' dir='ltr'>non</span> <span class='ocrx_word' id='word_1_777' title='bbox 505 2494 728 2531; x_wconf 80' lang='lat' dir='ltr'>admiratione</span> <span class='ocrx_word' id='word_1_778' title='bbox 753 2493 858 2530; x_wconf 83' lang='lat' dir='ltr'>defixi</span> <span class='ocrx_word' id='word_1_779' title='bbox 885 2493 985 2536; x_wconf 79' lang='lat' dir='ltr'>estis,</span> <span class='ocrx_word' id='word_1_780' title='bbox 1011 2506 1081 2530; x_wconf 88' lang='lat' dir='ltr'>non</span> <span class='ocrx_word' id='word_1_781' title='bbox 1107 2492 1224 2531; x_wconf 87' lang='lat' dir='ltr'>obstu-</span> 
     </span>
     <span class='ocr_line' id='line_1_99' title="bbox 285 2542 1222 2596; baseline -0.002 -13"><span class='ocrx_word' id='word_1_782' title='bbox 285 2546 433 2596; x_wconf 67' lang='lat' dir='ltr'>‘puistiss</span> <span class='ocrx_word' id='word_1_783' title='bbox 457 2558 525 2583; x_wconf 91' lang='lat' dir='ltr'>non</span> <span class='ocrx_word' id='word_1_784' title='bbox 547 2544 679 2583; x_wconf 86' lang='lat' dir='ltr'>vosmet</span> <span class='ocrx_word' id='word_1_785' title='bbox 704 2548 737 2580; x_wconf 91' lang='lat' dir='ltr'>in</span> <span class='ocrx_word' id='word_1_786' title='bbox 757 2554 882 2580; x_wconf 88' lang='lat' dir='ltr'>terram</span> <span class='ocrx_word' id='word_1_787' title='bbox 902 2542 1116 2590; x_wconf 86' lang='lat' dir='ltr'>abjicientes,</span> <span class='ocrx_word' id='word_1_788' title='bbox 1141 2556 1222 2581; x_wconf 88' lang='lat' dir='ltr'>cum</span> 
     </span>
     <span class='ocr_line' id='line_1_100' title="bbox 289 2593 1223 2643; baseline -0.004 -9"><span class='ocrx_word' id='word_1_789' title='bbox 289 2597 463 2638; x_wconf 82' lang='lat' dir='ltr'>adoratis,</span> <span class='ocrx_word' id='word_1_790' title='bbox 488 2598 545 2643; x_wconf 94' lang='lat' dir='ltr'>qui</span> <span class='ocrx_word' id='word_1_791' title='bbox 567 2594 688 2631; x_wconf 90' lang='lat' dir='ltr'>oculos</span> <span class='ocrx_word' id='word_1_792' title='bbox 705 2594 748 2630; x_wconf 89' lang='lat' dir='ltr'>de</span> <span class='ocrx_word' id='word_1_793' title='bbox 772 2604 862 2632; x_wconf 85' lang='lat' dir='ltr'>terra</span> <span class='ocrx_word' id='word_1_794' title='bbox 881 2597 1032 2637; x_wconf 85' lang='lat' dir='ltr'>creavit,</span> <span class='ocrx_word' id='word_1_795' title='bbox 1054 2593 1223 2630; x_wconf 86' lang='lat' dir='ltr'>divinam-</span> 
     </span>
     <span class='ocr_line' id='line_1_101' title="bbox 288 2644 1224 2697; baseline -0.002 -14"><span class='ocrx_word' id='word_1_796' title='bbox 288 2660 358 2697; x_wconf 86' lang='lat' dir='ltr'>que</span> <span class='ocrx_word' id='word_1_797' title='bbox 383 2649 544 2683; x_wconf 85' lang='lat' dir='ltr'>virtutem</span> <span class='ocrx_word' id='word_1_798' title='bbox 580 2645 693 2681; x_wconf 90' lang='lat' dir='ltr'>colitis</span> <span class='ocrx_word' id='word_1_799' title='bbox 718 2658 729 2681; x_wconf 68' lang='grc' dir='ltr'><em>τ</em></span> <span class='ocrx_word' id='word_1_800' title='bbox 762 2656 832 2680; x_wconf 87' lang='lat' dir='ltr'>non</span> <span class='ocrx_word' id='word_1_801' title='bbox 867 2654 980 2682; x_wconf 84' lang='lat' dir='ltr'>autem</span> <span class='ocrx_word' id='word_1_802' title='bbox 1016 2644 1127 2680; x_wconf 89' lang='lat' dir='ltr'>livore</span> <span class='ocrx_word' id='word_1_803' title='bbox 1161 2644 1224 2681; x_wconf 88' lang='lat' dir='ltr'>dis-</span> 
     </span>
     <span class='ocr_line' id='line_1_102' title="bbox 288 2694 1221 2748; baseline -0.004 -14"><span class='ocrx_word' id='word_1_804' title='bbox 288 2699 517 2748; x_wconf 80' lang='lat' dir='ltr'>rumpimini,</span> <span class='ocrx_word' id='word_1_805' title='bbox 542 2707 580 2731; x_wconf 87' lang='lat' dir='ltr'>ac</span> <span class='ocrx_word' id='word_1_806' title='bbox 607 2698 721 2735; x_wconf 87' lang='lat' dir='ltr'>Deum</span> <span class='ocrx_word' id='word_1_807' title='bbox 750 2705 909 2742; x_wconf 89' lang='lat' dir='ltr'>tanquam</span> <span class='ocrx_word' id='word_1_808' title='bbox 934 2698 1017 2731; x_wconf 84' lang='lat' dir='ltr'>artis</span> <span class='ocrx_word' id='word_1_809' title='bbox 1042 2694 1221 2731; x_wconf 81' lang='lat' dir='ltr'>sociumae-</span> 
     </span>
     <span class='ocr_line' id='line_1_103' title="bbox 287 2744 1222 2793; baseline -0.003 -9"><span class='ocrx_word' id='word_1_810' title='bbox 287 2748 492 2785; x_wconf 83' lang='lat' dir='ltr'>mulamini;</span> <span class='ocrx_word' id='word_1_811' title='bbox 517 2756 676 2793; x_wconf 90' lang='lat' dir='ltr'>tanquam</span> <span class='ocrx_word' id='word_1_812' title='bbox 704 2744 866 2792; x_wconf 86' lang='lat' dir='ltr'>opifices,</span> <span class='ocrx_word' id='word_1_813' title='bbox 893 2756 1007 2780; x_wconf 86' lang='lat' dir='ltr'>rerum</span> <span class='ocrx_word' id='word_1_814' title='bbox 1034 2745 1196 2793; x_wconf 85' lang='lat' dir='ltr'>opificem</span> <span class='ocrx_word' id='word_1_815' title='bbox 1206 2756 1222 2785; x_wconf 72' lang='lat'>³,-</span> 
     </span>
     <span class='ocr_line' id='line_1_104' title="bbox 289 2792 1222 2846; baseline -0.003 -11"><span class='ocrx_word' id='word_1_816' title='bbox 289 2810 450 2846; x_wconf 79' lang='lat' dir='ltr'>tanquam</span> <span class='ocrx_word' id='word_1_817' title='bbox 462 2796 600 2845; x_wconf 86' lang='lat' dir='ltr'>gentiles</span> <span class='ocrx_word' id='word_1_818' title='bbox 610 2821 622 2838; x_wconf 90' lang='lat'>‚</span> <span class='ocrx_word' id='word_1_819' title='bbox 640 2807 732 2845; x_wconf 83' lang='lat' dir='ltr'>aeque</span> <span class='ocrx_word' id='word_1_820' title='bbox 744 2793 843 2831; x_wconf 90' lang='lat' dir='ltr'>vobis</span> <span class='ocrx_word' id='word_1_821' title='bbox 853 2792 1066 2833; x_wconf 87' lang='lat' dir='ltr'>honoratum</span> <span class='ocrx_word' id='word_1_822' title='bbox 1079 2808 1222 2832; x_wconf 87' lang='lat' dir='ltr'>accom-</span> 
     </span>
     <span class='ocr_line' id='line_1_105' title="bbox 285 2859 424 2899; baseline 0 -15"><span class='ocrx_word' id='word_1_823' title='bbox 285 2859 424 2899; x_wconf 71' lang='lat' dir='ltr'>parem.</span> 
     </span>
    </p>

    <p class='ocr_par' dir='ltr' id='par_1_21' title="bbox 287 2895 1225 3844">
     <span class='ocr_line' id='line_1_106' title="bbox 341 2895 1221 2944; baseline -0.002 -9"><span class='ocrx_word' id='word_1_824' title='bbox 341 2905 452 2936; x_wconf 89' lang='lat' dir='ltr'>Porro</span> <span class='ocrx_word' id='word_1_825' title='bbox 463 2897 609 2944; x_wconf 84' lang='lat' dir='ltr'>legentes</span> <span class='ocrx_word' id='word_1_826' title='bbox 619 2899 741 2933; x_wconf 87' lang='lat' dir='ltr'>veteris</span> <span class='ocrx_word' id='word_1_827' title='bbox 752 2895 942 2932; x_wconf 83' lang='lat' dir='ltr'>testamenti</span> <span class='ocrx_word' id='word_1_828' title='bbox 954 2895 1100 2939; x_wconf 81' lang='lat' dir='ltr'>libros,fi</span> <span class='ocrx_word' id='word_1_829' title='bbox 1110 2900 1168 2944; x_wconf 88' lang='lat' dir='ltr'>qui</span> <span class='ocrx_word' id='word_1_830' title='bbox 1180 2896 1221 2933; x_wconf 88' lang='lat' dir='ltr'>de</span> 
     </span>
     <span class='ocr_line' id='line_1_107' title="bbox 287 2945 1221 2995; baseline -0.002 -10"><span class='ocrx_word' id='word_1_831' title='bbox 287 2948 518 2987; x_wconf 67' lang='lat' dir='ltr'>Hebraeorum</span> <span class='ocrx_word' id='word_1_832' title='bbox 531 2946 652 2995; x_wconf 90' lang='lat' dir='ltr'>populi</span> <span class='ocrx_word' id='word_1_833' title='bbox 674 2950 836 2993; x_wconf 79' lang='lat' dir='ltr'>regimine</span> <span class='ocrx_word' id='word_1_834' title='bbox 847 2945 1065 2994; x_wconf 87' lang='lat' dir='ltr'>scriptisunt;</span> <span class='ocrx_word' id='word_1_835' title='bbox 1095 2950 1221 2994; x_wconf 89' lang='lat' dir='ltr'>quique</span> 
     </span>
     <span class='ocr_line' id='line_1_108' title="bbox 289 2995 1222 3047; baseline -0.002 -13"><span class='ocrx_word' id='word_1_836' title='bbox 289 3002 425 3047; x_wconf 80' lang='lat' dir='ltr'>Regum</span> <span class='ocrx_word' id='word_1_837' title='bbox 439 3002 645 3046; x_wconf 87' lang='lat' dir='ltr'>principatus</span> <span class='ocrx_word' id='word_1_838' title='bbox 657 3022 669 3040; x_wconf 91' lang='lat'>,</span> <span class='ocrx_word' id='word_1_839' title='bbox 694 3010 731 3033; x_wconf 85' lang='lat' dir='ltr'>ac</span> <span class='ocrx_word' id='word_1_840' title='bbox 742 3010 863 3033; x_wconf 91' lang='lat' dir='ltr'>eorum</span> <span class='ocrx_word' id='word_1_841' title='bbox 883 2996 1009 3033; x_wconf 85' lang='lat' dir='ltr'>docent</span> <span class='ocrx_word' id='word_1_842' title='bbox 1019 2995 1222 3040; x_wconf 72' lang='lat' dir='ltr'>historiam,</span> 
     </span>
     <span class='ocr_line' id='line_1_109' title="bbox 289 3045 1224 3096; baseline -0.002 -11"><span class='ocrx_word' id='word_1_843' title='bbox 289 3049 403 3087; x_wconf 84' lang='lat' dir='ltr'>faciles</span> <span class='ocrx_word' id='word_1_844' title='bbox 413 3061 486 3096; x_wconf 83' lang='lat' dir='ltr'>quae</span> <span class='ocrx_word' id='word_1_845' title='bbox 495 3048 536 3083; x_wconf 91' lang='lat' dir='ltr'>de</span> <span class='ocrx_word' id='word_1_846' title='bbox 549 3047 681 3093; x_wconf 73' lang='lat' dir='ltr'>lingulis</span> <span class='ocrx_word' id='word_1_847' title='bbox 692 3058 869 3083; x_wconf 88' lang='lat' dir='ltr'>narrantur</span> <span class='ocrx_word' id='word_1_848' title='bbox 883 3072 895 3089; x_wconf 94' lang='lat'>,</span> <span class='ocrx_word' id='word_1_849' title='bbox 906 3045 1068 3094; x_wconf 86' lang='lat' dir='ltr'>suscipitis</span> <span class='ocrx_word' id='word_1_850' title='bbox 1081 3060 1090 3084; x_wconf 69' lang='grc' dir='ltr'><strong><em>ς</em></strong></span> <span class='ocrx_word' id='word_1_851' title='bbox 1114 3058 1154 3082; x_wconf 65' lang='grc' dir='ltr'>«ιη</span> <span class='ocrx_word' id='word_1_852' title='bbox 1166 3059 1224 3095; x_wconf 89' lang='lat' dir='ltr'>pa-</span> 
     </span>
     <span class='ocr_line' id='line_1_110' title="bbox 290 3096 1223 3144; baseline -0.003 -8"><span class='ocrx_word' id='word_1_853' title='bbox 290 3111 367 3136; x_wconf 87' lang='lat' dir='ltr'>rum</span> <span class='ocrx_word' id='word_1_854' title='bbox 381 3098 460 3134; x_wconf 73' lang='lat' dir='ltr'>absit</span> <span class='ocrx_word' id='word_1_855' title='bbox 469 3101 552 3144; x_wconf 84' lang='lat' dir='ltr'>quin</span> <span class='ocrx_word' id='word_1_856' title='bbox 573 3097 723 3143; x_wconf 82' lang='lat' dir='ltr'>Moysen</span> <span class='ocrx_word' id='word_1_857' title='bbox 739 3100 853 3133; x_wconf 84' lang='lat' dir='ltr'>Deum</span> <span class='ocrx_word' id='word_1_858' title='bbox 867 3096 1065 3132; x_wconf 81' lang='lat' dir='ltr'>existimetis</span> <span class='ocrx_word' id='word_1_859' title='bbox 1076 3123 1086 3140; x_wconf 92' lang='lat'>,</span> <span class='ocrx_word' id='word_1_860' title='bbox 1114 3096 1223 3144; x_wconf 53' lang='lat' dir='ltr'>supra*</span> 
     </span>
     <span class='ocr_line' id='line_1_111' title="bbox 291 3146 1222 3196; baseline -0.002 -11"><span class='ocrx_word' id='word_1_861' title='bbox 291 3161 357 3196; x_wconf 88' lang='lat' dir='ltr'>que</span> <span class='ocrx_word' id='word_1_862' title='bbox 369 3147 510 3184; x_wconf 86' lang='lat' dir='ltr'>modum</span> <span class='ocrx_word' id='word_1_863' title='bbox 521 3147 735 3183; x_wconf 87' lang='lat' dir='ltr'>admiramini</span> <span class='ocrx_word' id='word_1_864' title='bbox 749 3146 905 3184; x_wconf 82' lang='lat' dir='ltr'>Elisaeum</span> <span class='ocrx_word' id='word_1_865' title='bbox 916 3172 927 3189; x_wconf 88' lang='lat'>‚</span> <span class='ocrx_word' id='word_1_866' title='bbox 953 3160 990 3183; x_wconf 91' lang='lat' dir='ltr'>ac</span> <span class='ocrx_word' id='word_1_867' title='bbox 1001 3149 1070 3194; x_wconf 87' lang='lat' dir='ltr'>ejus</span> <span class='ocrx_word' id='word_1_868' title='bbox 1082 3146 1222 3183; x_wconf 89' lang='lat' dir='ltr'>laudatis</span> 
     </span>
     <span class='ocr_line' id='line_1_112' title="bbox 291 3196 1223 3246; baseline -0.002 -10"><span class='ocrx_word' id='word_1_869' title='bbox 291 3197 495 3236; x_wconf 79' lang='lat' dir='ltr'>Thesbitem</span> <span class='ocrx_word' id='word_1_870' title='bbox 508 3207 749 3245; x_wconf 69' lang='lat' dir='ltr'>preceptorem</span> <span class='ocrx_word' id='word_1_871' title='bbox 760 3212 768 3232; x_wconf 74' lang='grc' dir='ltr'>ε</span> <span class='ocrx_word' id='word_1_872' title='bbox 778 3211 815 3234; x_wconf 89' lang='lat' dir='ltr'>ac</span> <span class='ocrx_word' id='word_1_873' title='bbox 826 3207 999 3245; x_wconf 90' lang='lat' dir='ltr'>quotquot</span> <span class='ocrx_word' id='word_1_874' title='bbox 1011 3210 1071 3246; x_wconf 86' lang='lat' dir='ltr'>per</span> <span class='ocrx_word' id='word_1_875' title='bbox 1083 3196 1223 3243; x_wconf 78' lang='lat' dir='ltr'>lingulas</span> 
     </span>
     <span class='ocr_line' id='line_1_113' title="bbox 290 3246 1221 3295; baseline -0.001 -10"><span class='ocrx_word' id='word_1_876' title='bbox 290 3258 403 3285; x_wconf 81' lang='lat' dir='ltr'>aetates</span> <span class='ocrx_word' id='word_1_877' title='bbox 421 3247 583 3283; x_wconf 89' lang='lat' dir='ltr'>divinitus</span> <span class='ocrx_word' id='word_1_878' title='bbox 599 3246 704 3283; x_wconf 86' lang='lat' dir='ltr'>afflati</span> <span class='ocrx_word' id='word_1_879' title='bbox 725 3250 831 3284; x_wconf 64' lang='lat' dir='ltr'>Saneti</span> <span class='ocrx_word' id='word_1_880' title='bbox 843 3251 1029 3284; x_wconf 87' lang='lat' dir='ltr'>extiterunt</span> <span class='ocrx_word' id='word_1_881' title='bbox 1046 3272 1058 3290; x_wconf 93' lang='lat'>,</span> <span class='ocrx_word' id='word_1_882' title='bbox 1083 3257 1190 3295; x_wconf 91' lang='lat' dir='ltr'>atque·</span> <span class='ocrx_word' id='word_1_883' title='bbox 1202 3259 1221 3284; x_wconf 84' lang='lat' dir='ltr'>a</span> 
     </span>
     <span class='ocr_line' id='line_1_114' title="bbox 291 3296 1224 3346; baseline -0.003 -11"><span class='ocrx_word' id='word_1_884' title='bbox 291 3302 375 3336; x_wconf 93' lang='lat' dir='ltr'>Deo</span> <span class='ocrx_word' id='word_1_885' title='bbox 386 3297 546 3334; x_wconf 86' lang='lat' dir='ltr'>beneficia</span> <span class='ocrx_word' id='word_1_886' title='bbox 556 3296 723 3333; x_wconf 86' lang='lat' dir='ltr'>consecuti</span> <span class='ocrx_word' id='word_1_887' title='bbox 733 3298 806 3333; x_wconf 87' lang='lat' dir='ltr'>sunt</span> <span class='ocrx_word' id='word_1_888' title='bbox 819 3323 831 3340; x_wconf 92' lang='lat'>‚</span> <span class='ocrx_word' id='word_1_889' title='bbox 841 3310 1028 3346; x_wconf 84' lang='lat' dir='ltr'>magn-aque</span> <span class='ocrx_word' id='word_1_890' title='bbox 1039 3310 1077 3333; x_wconf 91' lang='lat' dir='ltr'>ac</span> <span class='ocrx_word' id='word_1_891' title='bbox 1089 3296 1224 3345; x_wconf 86' lang='lat' dir='ltr'>praecla—</span> 
     </span>
     <span class='ocr_line' id='line_1_115' title="bbox 291 3345 1223 3396; baseline -0.003 -11"><span class='ocrx_word' id='word_1_892' title='bbox 291 3362 329 3386; x_wconf 88' lang='lat' dir='ltr'>ra</span> <span class='ocrx_word' id='word_1_893' title='bbox 341 3357 516 3396; x_wconf 85' lang='lat' dir='ltr'>patrarunt</span> <span class='ocrx_word' id='word_1_894' title='bbox 526 3372 538 3389; x_wconf 93' lang='lat'>,</span> <span class='ocrx_word' id='word_1_895' title='bbox 560 3347 700 3395; x_wconf 70' lang='lat' dir='ltr'>aequales</span> <span class='ocrx_word' id='word_1_896' title='bbox 710 3348 850 3394; x_wconf 84' lang='lat' dir='ltr'>Angelis</span> <span class='ocrx_word' id='word_1_897' title='bbox 861 3351 988 3395; x_wconf 85' lang='lat' dir='ltr'>augetis</span> <span class='ocrx_word' id='word_1_898' title='bbox 1006 3345 1199 3383; x_wconf 79' lang='lat' dir='ltr'>honoribus</span> <span class='ocrx_word' id='word_1_899' title='bbox 1211 3361 1223 3380; x_wconf 86' lang='lat'>.-</span> 
     </span>
     <span class='ocr_line' id='line_1_116' title="bbox 293 3396 1221 3446; baseline -0.002 -12"><span class='ocrx_word' id='word_1_900' title='bbox 293 3398 450 3445; x_wconf 85' lang='lat' dir='ltr'>nihilque</span> <span class='ocrx_word' id='word_1_901' title='bbox 459 3396 554 3445; x_wconf 91' lang='lat' dir='ltr'>quod</span> <span class='ocrx_word' id='word_1_902' title='bbox 565 3396 586 3432; x_wconf 92' lang='lat' dir='ltr'>s</span> <span class='ocrx_word' id='word_1_903' title='bbox 579 3399 690 3444; x_wconf 66' lang='lat' dir='ltr'>pectat</span> <span class='ocrx_word' id='word_1_904' title='bbox 700 3397 741 3433; x_wconf 91' lang='lat' dir='ltr'>ad</span> <span class='ocrx_word' id='word_1_905' title='bbox 750 3402 905 3446; x_wconf 89' lang='lat' dir='ltr'>antiquos</span> <span class='ocrx_word' id='word_1_906' title='bbox 915 3398 1127 3434; x_wconf 63' lang='lat' dir='ltr'>reluaamini</span> <span class='ocrx_word' id='word_1_907' title='bbox 1139 3411 1147 3432; x_wconf 70' lang='grc' dir='ltr'><strong><em>ε</em></strong></span> <span class='ocrx_word' id='word_1_908' title='bbox 1159 3410 1221 3433; x_wconf 89' lang='lat' dir='ltr'>nec</span> 
     </span>
     <span class='ocr_line' id='line_1_117' title="bbox 293 3446 1220 3496; baseline -0.003 -11"><span class='ocrx_word' id='word_1_909' title='bbox 293 3451 432 3486; x_wconf 81' lang='lat' dir='ltr'>reiicitis</span> <span class='ocrx_word' id='word_1_910' title='bbox 441 3459 515 3495; x_wconf 83' lang='lat' dir='ltr'>quae</span> <span class='ocrx_word' id='word_1_911' title='bbox 530 3459 548 3482; x_wconf 90' lang='lat' dir='ltr'>a</span> <span class='ocrx_word' id='word_1_912' title='bbox 565 3446 716 3495; x_wconf 84' lang='lat' dir='ltr'>patribus</span> <span class='ocrx_word' id='word_1_913' title='bbox 735 3458 851 3484; x_wconf 85' lang='lat' dir='ltr'>natura</span> <span class='ocrx_word' id='word_1_914' title='bbox 870 3447 1043 3496; x_wconf 86' lang='lat' dir='ltr'>accepistis</span> <span class='ocrx_word' id='word_1_915' title='bbox 1055 3473 1063 3488; x_wconf 86' lang='lat'><em>‚</em></span> <span class='ocrx_word' id='word_1_916' title='bbox 1091 3447 1220 3483; x_wconf 80' lang='lat' dir='ltr'>tametfi</span> 
     </span>
     <span class='ocr_line' id='line_1_118' title="bbox 292 3497 1218 3546; baseline -0.003 -11"><span class='ocrx_word' id='word_1_917' title='bbox 292 3502 341 3535; x_wconf 88' lang='lat' dir='ltr'>ita</span> <span class='ocrx_word' id='word_1_918' title='bbox 351 3508 467 3534; x_wconf 89' lang='lat' dir='ltr'>natura</span> <span class='ocrx_word' id='word_1_919' title='bbox 486 3500 675 3546; x_wconf 88' lang='lat' dir='ltr'>comparati</span> <span class='ocrx_word' id='word_1_920' title='bbox 697 3497 758 3533; x_wconf 84' lang='lat' dir='ltr'>fint</span> <span class='ocrx_word' id='word_1_921' title='bbox 779 3497 959 3540; x_wconf 90' lang='lat' dir='ltr'>homines,</span> <span class='ocrx_word' id='word_1_922' title='bbox 985 3508 1022 3534; x_wconf 90' lang='lat' dir='ltr'>ut</span> <span class='ocrx_word' id='word_1_923' title='bbox 1032 3510 1101 3533; x_wconf 91' lang='lat' dir='ltr'>non</span> <span class='ocrx_word' id='word_1_924' title='bbox 1121 3497 1218 3533; x_wconf 84' lang='lat' dir='ltr'>facile</span> 
     </span>
     <span class='ocr_line' id='line_1_119' title="bbox 294 3544 1220 3596; baseline -0.002 -12"><span class='ocrx_word' id='word_1_925' title='bbox 294 3548 399 3584; x_wconf 84' lang='lat' dir='ltr'>fidem</span> <span class='ocrx_word' id='word_1_926' title='bbox 419 3544 625 3590; x_wconf 84' lang='lat' dir='ltr'>adhibeant,</span> <span class='ocrx_word' id='word_1_927' title='bbox 650 3547 793 3584; x_wconf 88' lang='lat' dir='ltr'>auditis:</span> <span class='ocrx_word' id='word_1_928' title='bbox 818 3549 911 3596; x_wconf 89' lang='lat' dir='ltr'>quod</span> <span class='ocrx_word' id='word_1_929' title='bbox 921 3558 1031 3584; x_wconf 89' lang='lat' dir='ltr'>autem</span> <span class='ocrx_word' id='word_1_930' title='bbox 1044 3547 1220 3583; x_wconf 75' lang='lat' dir='ltr'>novissime</span> 
     </span>
     <span class='ocr_line' id='line_1_120' title="bbox 293 3594 1220 3646; baseline -0.003 -11"><span class='ocrx_word' id='word_1_931' title='bbox 293 3594 624 3635; x_wconf 43' lang='lat' dir='ltr'>oculissexhibitum</span> <span class='ocrx_word' id='word_1_932' title='bbox 650 3597 780 3634; x_wconf 86' lang='lat' dir='ltr'>vidistis</span> <span class='ocrx_word' id='word_1_933' title='bbox 798 3622 810 3640; x_wconf 92' lang='lat'>,</span> <span class='ocrx_word' id='word_1_934' title='bbox 836 3611 976 3646; x_wconf 87' lang='lat' dir='ltr'>quaeque</span> <span class='ocrx_word' id='word_1_935' title='bbox 1002 3596 1114 3644; x_wconf 88' lang='lat' dir='ltr'>digitis</span> <span class='ocrx_word' id='word_1_936' title='bbox 1139 3608 1220 3632; x_wconf 91' lang='lat' dir='ltr'>con-</span> 
     </span>
     <span class='ocr_line' id='line_1_121' title="bbox 293 3646 1224 3695; baseline -0.002 -11"><span class='ocrx_word' id='word_1_937' title='bbox 293 3649 440 3684; x_wconf 68' lang='lat' dir='ltr'>nectare</span> <span class='ocrx_word' id='word_1_938' title='bbox 464 3646 627 3695; x_wconf 86' lang='lat' dir='ltr'>potestis,</span> <span class='ocrx_word' id='word_1_939' title='bbox 651 3660 689 3684; x_wconf 90' lang='lat' dir='ltr'>ac</span> <span class='ocrx_word' id='word_1_940' title='bbox 715 3646 869 3694; x_wconf 85' lang='lat' dir='ltr'>diligenti</span> <span class='ocrx_word' id='word_1_941' title='bbox 895 3647 1010 3684; x_wconf 87' lang='lat' dir='ltr'>auditu</span> <span class='ocrx_word' id='word_1_942' title='bbox 1029 3649 1224 3695; x_wconf 84' lang='lat' dir='ltr'>percipere,</span> 
     </span>
     <span class='ocr_line' id='line_1_122' title="bbox 292 3696 1225 3746; baseline -0.003 -11"><span class='ocrx_word' id='word_1_943' title='bbox 292 3696 367 3735; x_wconf 76' lang='lat' dir='ltr'>hoec</span> <span class='ocrx_word' id='word_1_944' title='bbox 378 3696 548 3734; x_wconf 82' lang='lat' dir='ltr'>incredule</span> <span class='ocrx_word' id='word_1_945' title='bbox 568 3696 712 3733; x_wconf 86' lang='lat' dir='ltr'>fimulac</span> <span class='ocrx_word' id='word_1_946' title='bbox 734 3696 891 3746; x_wconf 86' lang='lat' dir='ltr'>improbe</span> <span class='ocrx_word' id='word_1_947' title='bbox 910 3697 1099 3746; x_wconf 88' lang='lat' dir='ltr'>depravatis</span> <span class='ocrx_word' id='word_1_948' title='bbox 1114 3722 1125 3738; x_wconf 92' lang='lat'>,</span> <span class='ocrx_word' id='word_1_949' title='bbox 1144 3709 1225 3744; x_wconf 89' lang='lat' dir='ltr'>pro-</span> 
     </span>
     <span class='ocr_line' id='line_1_123' title="bbox 293 3745 1223 3796; baseline -0.001 -13"><span class='ocrx_word' id='word_1_950' title='bbox 293 3745 428 3795; x_wconf 83' lang='lat' dir='ltr'>phetias</span> <span class='ocrx_word' id='word_1_951' title='bbox 445 3747 701 3795; x_wconf 84' lang='lat' dir='ltr'>proculcantes,</span> <span class='ocrx_word' id='word_1_952' title='bbox 727 3759 765 3783; x_wconf 92' lang='lat' dir='ltr'>ac</span> <span class='ocrx_word' id='word_1_953' title='bbox 775 3759 896 3783; x_wconf 89' lang='lat' dir='ltr'>eorum</span> <span class='ocrx_word' id='word_1_954' title='bbox 906 3760 979 3796; x_wconf 84' lang='lat' dir='ltr'>quae</span> <span class='ocrx_word' id='word_1_955' title='bbox 998 3747 1133 3783; x_wconf 86' lang='lat' dir='ltr'>fuerunt</span> <span class='ocrx_word' id='word_1_956' title='bbox 1142 3759 1223 3794; x_wconf 72' lang='lat' dir='ltr'>prze-</span> 
     </span>
     <span class='ocr_line' id='line_1_124' title="bbox 292 3796 1224 3844; baseline -0.002 -10"><span class='ocrx_word' id='word_1_957' title='bbox 292 3797 384 3835; x_wconf 67' lang='lat' dir='ltr'>dicta</span> <span class='ocrx_word' id='word_1_958' title='bbox 395 3823 407 3840; x_wconf 95' lang='lat'>,</span> <span class='ocrx_word' id='word_1_959' title='bbox 425 3801 555 3834; x_wconf 86' lang='lat' dir='ltr'>exitum</span> <span class='ocrx_word' id='word_1_960' title='bbox 565 3806 754 3834; x_wconf 86' lang='lat' dir='ltr'>evertentes</span> <span class='ocrx_word' id='word_1_961' title='bbox 763 3824 772 3832; x_wconf 89' lang='lat'>.</span> <span class='ocrx_word' id='word_1_962' title='bbox 799 3801 887 3843; x_wconf 85' lang='lat' dir='ltr'>Quae</span> <span class='ocrx_word' id='word_1_963' title='bbox 896 3800 988 3834; x_wconf 89' lang='lat' dir='ltr'>enim</span> <span class='ocrx_word' id='word_1_964' title='bbox 997 3796 1105 3834; x_wconf 89' lang='lat' dir='ltr'>modo</span> <span class='ocrx_word' id='word_1_965' title='bbox 1115 3822 1127 3839; x_wconf 89' lang='lat'>,</span> <span class='ocrx_word' id='word_1_966' title='bbox 1136 3799 1224 3844; x_wconf 54' lang='lat' dir='ltr'>perib</span> 
     </span>
    </p>
   </div>
   <div class='ocr_carea' id='block_1_17' title="bbox 1281 3092 2403 3880">
    <p class='ocr_par' dir='ltr' id='par_1_22' title="bbox 1283 3092 2213 3394">
     <span class='ocr_line' id='line_1_125' title="bbox 1285 3092 2212 3146; baseline -0.001 -13"><span class='ocrx_word' id='word_1_967' title='bbox 1285 3109 1409 3146; x_wconf 85' lang='lat' dir='ltr'>pagum</span> <span class='ocrx_word' id='word_1_968' title='bbox 1420 3094 1575 3137; x_wconf 69' lang='lat' dir='ltr'>venisset,</span> <span class='ocrx_word' id='word_1_969' title='bbox 1597 3092 1843 3143; x_wconf 87' lang='lat' dir='ltr'>superstitiosos</span> <span class='ocrx_word' id='word_1_970' title='bbox 1853 3094 1894 3130; x_wconf 92' lang='lat' dir='ltr'>ab</span> <span class='ocrx_word' id='word_1_971' title='bbox 1904 3099 2085 3143; x_wconf 76' lang='lat' dir='ltr'>impietatis</span> <span class='ocrx_word' id='word_1_972' title='bbox 2094 3106 2212 3133; x_wconf 81' lang='lat' dir='ltr'>errore</span> 
     </span>
     <span class='ocr_line' id='line_1_126' title="bbox 1285 3136 2212 3194; baseline -0.001 -11"><span class='ocrx_word' id='word_1_973' title='bbox 1285 3150 1471 3186; x_wconf 85' lang='lat' dir='ltr'>convertit‚·</span> <span class='ocrx_word' id='word_1_974' title='bbox 1480 3144 1658 3182; x_wconf 87' lang='lat' dir='ltr'>ostendens</span> <span class='ocrx_word' id='word_1_975' title='bbox 1668 3148 1715 3180; x_wconf 88' lang='lat' dir='ltr'>eis</span> <span class='ocrx_word' id='word_1_976' title='bbox 1729 3143 1922 3187; x_wconf 87' lang='lat' dir='ltr'>Christum,</span> <span class='ocrx_word' id='word_1_977' title='bbox 1933 3157 1970 3181; x_wconf 82' lang='lat' dir='ltr'>ac</span> <span class='ocrx_word' id='word_1_978' title='bbox 1981 3136 2070 3182; x_wconf 64' lang='lat' dir='ltr'>ver)</span> <span class='ocrx_word' id='word_1_979' title='bbox 2079 3150 2212 3194; x_wconf 84' lang='lat' dir='ltr'>pietatis</span> 
     </span>
     <span class='ocr_line' id='line_1_127' title="bbox 1284 3193 2213 3245; baseline -0.001 -12"><span class='ocrx_word' id='word_1_980' title='bbox 1284 3210 1323 3233; x_wconf 90' lang='lat' dir='ltr'>ac</span> <span class='ocrx_word' id='word_1_981' title='bbox 1342 3196 1512 3245; x_wconf 86' lang='lat' dir='ltr'>religionis</span> <span class='ocrx_word' id='word_1_982' title='bbox 1532 3198 1733 3231; x_wconf 88' lang='lat' dir='ltr'>annuncians</span> <span class='ocrx_word' id='word_1_983' title='bbox 1753 3193 1994 3231; x_wconf 74' lang='lat' dir='ltr'>sacramentum</span> <span class='ocrx_word' id='word_1_984' title='bbox 2014 3223 2022 3230; x_wconf 94' lang='lat'><strong>.</strong></span> <span class='ocrx_word' id='word_1_985' title='bbox 2049 3200 2101 3232; x_wconf 85' lang='lat' dir='ltr'>Sic</span> <span class='ocrx_word' id='word_1_986' title='bbox 2121 3199 2213 3232; x_wconf 83' lang='lat' dir='ltr'>enim</span> 
     </span>
     <span class='ocr_line' id='line_1_128' title="bbox 1285 3244 2212 3294; baseline -0.001 -12"><span class='ocrx_word' id='word_1_987' title='bbox 1285 3248 1443 3294; x_wconf 88' lang='lat' dir='ltr'>liqueret,</span> <span class='ocrx_word' id='word_1_988' title='bbox 1453 3244 1581 3293; x_wconf 92' lang='lat' dir='ltr'>aliquid</span> <span class='ocrx_word' id='word_1_989' title='bbox 1592 3258 1653 3281; x_wconf 90' lang='lat' dir='ltr'>nos</span> <span class='ocrx_word' id='word_1_990' title='bbox 1664 3257 1784 3281; x_wconf 87' lang='lat' dir='ltr'>eorum</span> <span class='ocrx_word' id='word_1_991' title='bbox 1797 3245 1950 3292; x_wconf 79' lang='lat' dir='ltr'>praestare</span> <span class='ocrx_word' id='word_1_992' title='bbox 1961 3255 2033 3292; x_wconf 80' lang='lat' dir='ltr'>quae</span> <span class='ocrx_word' id='word_1_993' title='bbox 2047 3245 2121 3282; x_wconf 88' lang='lat' dir='ltr'>sunt</span> <span class='ocrx_word' id='word_1_994' title='bbox 2133 3258 2212 3293; x_wconf 89' lang='lat' dir='ltr'>pro-</span> 
     </span>
     <span class='ocr_line' id='line_1_129' title="bbox 1283 3294 2211 3345; baseline 0 -13"><span class='ocrx_word' id='word_1_995' title='bbox 1283 3296 1390 3345; x_wconf 84' lang='lat' dir='ltr'>pofita</span> <span class='ocrx_word' id='word_1_996' title='bbox 1409 3310 1419 3331; x_wconf 72' lang='grc' dir='ltr'>ε</span> <span class='ocrx_word' id='word_1_997' title='bbox 1443 3308 1504 3332; x_wconf 83' lang='lat' dir='ltr'>nec</span> <span class='ocrx_word' id='word_1_998' title='bbox 1516 3295 1636 3344; x_wconf 83' lang='lat' dir='ltr'>procul</span> <span class='ocrx_word' id='word_1_999' title='bbox 1654 3294 1840 3331; x_wconf 86' lang='lat' dir='ltr'>admodum</span> <span class='ocrx_word' id='word_1_1000' title='bbox 1858 3294 1900 3332; x_wconf 93' lang='lat' dir='ltr'>ab</span> <span class='ocrx_word' id='word_1_1001' title='bbox 1921 3300 2109 3343; x_wconf 83' lang='lat' dir='ltr'>argumenti</span> <span class='ocrx_word' id='word_1_1002' title='bbox 2119 3306 2211 3332; x_wconf 84' lang='lat' dir='ltr'>tanta</span> 
     </span>
     <span class='ocr_line' id='line_1_130' title="bbox 1284 3344 1615 3394; baseline -0.006 -12"><span class='ocrx_word' id='word_1_1003' title='bbox 1284 3345 1471 3394; x_wconf 86' lang='lat' dir='ltr'>praestantia</span> <span class='ocrx_word' id='word_1_1004' title='bbox 1492 3344 1615 3382; x_wconf 76' lang='lat' dir='ltr'>abesse.</span> 
     </span>
    </p>

    <p class='ocr_par' dir='ltr' id='par_1_23' title="bbox 1281 3394 2403 3693">
     <span class='ocr_line' id='line_1_131' title="bbox 1333 3394 2331 3452; baseline 0.002 -20"><span class='ocrx_word' id='word_1_1005' title='bbox 1333 3400 1424 3443; x_wconf 88' lang='lat' dir='ltr'>Quia</span> <span class='ocrx_word' id='word_1_1006' title='bbox 1445 3409 1529 3432; x_wconf 91' lang='lat' dir='ltr'>vero</span> <span class='ocrx_word' id='word_1_1007' title='bbox 1559 3395 1712 3443; x_wconf 84' lang='lat' dir='ltr'>praeclara</span> <span class='ocrx_word' id='word_1_1008' title='bbox 1732 3394 1789 3431; x_wconf 90' lang='lat' dir='ltr'>illa</span> <span class='ocrx_word' id='word_1_1009' title='bbox 1808 3398 1949 3444; x_wconf 83' lang='lat' dir='ltr'>Spiritus</span> <span class='ocrx_word' id='word_1_1010' title='bbox 1966 3397 2053 3432; x_wconf 84' lang='lat' dir='ltr'>dona</span> <span class='ocrx_word' id='word_1_1011' title='bbox 2064 3405 2208 3445; x_wconf 73' lang='lat' dir='ltr'>magno—</span> <span class='ocrx_word' id='word_1_1012' title='bbox 2290 3424 2331 3452; x_wconf 84' lang='lat' dir='ltr'>Re</span> 
     </span>
     <span class='ocr_line' id='line_1_132' title="bbox 1282 3430 2403 3503; baseline 0.002 -21"><span class='ocrx_word' id='word_1_1013' title='bbox 1282 3458 1360 3483; x_wconf 88' lang='lat' dir='ltr'>rum</span> <span class='ocrx_word' id='word_1_1014' title='bbox 1370 3445 1464 3488; x_wconf 91' lang='lat' dir='ltr'>sunt,</span> <span class='ocrx_word' id='word_1_1015' title='bbox 1485 3445 1640 3494; x_wconf 85' lang='lat' dir='ltr'>ipseque,</span> <span class='ocrx_word' id='word_1_1016' title='bbox 1665 3443 1865 3488; x_wconf 81' lang='lat' dir='ltr'>ejuscemodi</span> <span class='ocrx_word' id='word_1_1017' title='bbox 1885 3450 2066 3494; x_wconf 87' lang='lat' dir='ltr'>gratiarum</span> <span class='ocrx_word' id='word_1_1018' title='bbox 2077 3446 2206 3484; x_wconf 78' lang='lat' dir='ltr'>divitiis</span> <span class='ocrx_word' id='word_1_1019' title='bbox 2227 3430 2358 3503; x_wconf 38' lang='lat' dir='ltr'>„gaf</span> <span class='ocrx_word' id='word_1_1020' title='bbox 2377 3435 2403 3460; x_wconf 81' lang='lat'>4·</span> 
     </span>
     <span class='ocr_line' id='line_1_133' title="bbox 1281 3494 2208 3546; baseline 0.002 -14"><span class='ocrx_word' id='word_1_1021' title='bbox 1281 3496 1436 3543; x_wconf 85' lang='lat' dir='ltr'>indignus</span> <span class='ocrx_word' id='word_1_1022' title='bbox 1447 3494 1556 3531; x_wconf 88' lang='lat' dir='ltr'>existo</span> <span class='ocrx_word' id='word_1_1023' title='bbox 1567 3521 1578 3537; x_wconf 94' lang='lat'>,</span> <span class='ocrx_word' id='word_1_1024' title='bbox 1600 3507 1708 3530; x_wconf 89' lang='lat' dir='ltr'>meam</span> <span class='ocrx_word' id='word_1_1025' title='bbox 1719 3494 1817 3531; x_wconf 81' lang='lat' dir='ltr'>vobis</span> <span class='ocrx_word' id='word_1_1026' title='bbox 1827 3496 1927 3532; x_wconf 89' lang='lat' dir='ltr'>alacri</span> <span class='ocrx_word' id='word_1_1027' title='bbox 1938 3499 2056 3532; x_wconf 85' lang='lat' dir='ltr'>animo</span> <span class='ocrx_word' id='word_1_1028' title='bbox 2064 3503 2208 3546; x_wconf 54' lang='lat' dir='ltr'>paupera</span> 
     </span>
     <span class='ocr_line' id='line_1_134' title="bbox 1282 3544 2207 3596; baseline 0 -14"><span class='ocrx_word' id='word_1_1029' title='bbox 1282 3557 1385 3582; x_wconf 85' lang='lat' dir='ltr'>tatem</span> <span class='ocrx_word' id='word_1_1030' title='bbox 1400 3545 1514 3588; x_wconf 87' lang='lat' dir='ltr'>,velut</span> <span class='ocrx_word' id='word_1_1031' title='bbox 1525 3544 1661 3580; x_wconf 84' lang='lat' dir='ltr'>Elisaeus</span> <span class='ocrx_word' id='word_1_1032' title='bbox 1671 3571 1682 3587; x_wconf 95' lang='lat'>,</span> <span class='ocrx_word' id='word_1_1033' title='bbox 1692 3556 1769 3581; x_wconf 89' lang='lat' dir='ltr'>cum</span> <span class='ocrx_word' id='word_1_1034' title='bbox 1783 3545 1960 3593; x_wconf 88' lang='lat' dir='ltr'>pulmento</span> <span class='ocrx_word' id='word_1_1035' title='bbox 1970 3546 2061 3581; x_wconf 84' lang='lat' dir='ltr'>olera</span> <span class='ocrx_word' id='word_1_1036' title='bbox 2074 3571 2085 3588; x_wconf 90' lang='lat'>,</span> <span class='ocrx_word' id='word_1_1037' title='bbox 2103 3556 2207 3596; x_wconf 65' lang='lat' dir='ltr'>appo*-</span> 
     </span>
     <span class='ocr_line' id='line_1_135' title="bbox 1281 3594 2206 3642; baseline 0.001 -10"><span class='ocrx_word' id='word_1_1038' title='bbox 1281 3609 1328 3632; x_wconf 90' lang='lat' dir='ltr'>no</span> <span class='ocrx_word' id='word_1_1039' title='bbox 1341 3610 1349 3630; x_wconf 91' lang='lat'>:</span> <span class='ocrx_word' id='word_1_1040' title='bbox 1362 3594 1620 3642; x_wconf 85' lang='lat' dir='ltr'>haudquaquam</span> <span class='ocrx_word' id='word_1_1041' title='bbox 1633 3607 1669 3630; x_wconf 87' lang='lat' dir='ltr'>ea</span> <span class='ocrx_word' id='word_1_1042' title='bbox 1691 3594 1874 3642; x_wconf 88' lang='lat' dir='ltr'>privandus</span> <span class='ocrx_word' id='word_1_1043' title='bbox 1887 3595 1982 3631; x_wconf 85' lang='lat' dir='ltr'>laude</span> <span class='ocrx_word' id='word_1_1044' title='bbox 1993 3621 2004 3638; x_wconf 92' lang='lat'>,</span> <span class='ocrx_word' id='word_1_1045' title='bbox 2030 3605 2067 3632; x_wconf 93' lang='lat' dir='ltr'>ut</span> <span class='ocrx_word' id='word_1_1046' title='bbox 2077 3605 2118 3632; x_wconf 79' lang='lat' dir='ltr'>ne</span> <span class='ocrx_word' id='word_1_1047' title='bbox 2132 3602 2206 3633; x_wconf 51' lang='lat' dir='ltr'>“ome</span> 
     </span>
     <span class='ocr_line' id='line_1_136' title="bbox 1285 3643 2206 3693; baseline 0.003 -12"><span class='ocrx_word' id='word_1_1048' title='bbox 1285 3649 1368 3681; x_wconf 91' lang='lat' dir='ltr'>nino</span> <span class='ocrx_word' id='word_1_1049' title='bbox 1386 3644 1588 3693; x_wconf 84' lang='lat' dir='ltr'>praetendam</span> <span class='ocrx_word' id='word_1_1050' title='bbox 1609 3644 1704 3692; x_wconf 89' lang='lat' dir='ltr'>quod</span> <span class='ocrx_word' id='word_1_1051' title='bbox 1723 3643 1853 3680; x_wconf 89' lang='lat' dir='ltr'>bonum</span> <span class='ocrx_word' id='word_1_1052' title='bbox 1863 3657 1900 3680; x_wconf 91' lang='lat' dir='ltr'>ac</span> <span class='ocrx_word' id='word_1_1053' title='bbox 1921 3645 2118 3692; x_wconf 69' lang='lat' dir='ltr'>praeclarum</span> <span class='ocrx_word' id='word_1_1054' title='bbox 2136 3647 2206 3684; x_wconf 69' lang='lat' dir='ltr'>est&#39;.</span> 
     </span>
    </p>

    <p class='ocr_par' dir='ltr' id='par_1_24' title="bbox 1285 3693 2207 3744">
     <span class='ocr_line' id='line_1_137' title="bbox 1285 3693 2207 3744; baseline 0.001 -13"><span class='ocrx_word' id='word_1_1055' title='bbox 1285 3699 1340 3732; x_wconf 89' lang='lat' dir='ltr'>Ne</span> <span class='ocrx_word' id='word_1_1056' title='bbox 1349 3699 1424 3741; x_wconf 89' lang='lat' dir='ltr'>quis</span> <span class='ocrx_word' id='word_1_1057' title='bbox 1443 3705 1556 3731; x_wconf 87' lang='lat' dir='ltr'>autem</span> <span class='ocrx_word' id='word_1_1058' title='bbox 1577 3704 1631 3730; x_wconf 83' lang='lat' dir='ltr'>me</span> <span class='ocrx_word' id='word_1_1059' title='bbox 1650 3693 1820 3735; x_wconf 88' lang='lat' dir='ltr'>vestrum,</span> <span class='ocrx_word' id='word_1_1060' title='bbox 1848 3694 2054 3737; x_wconf 83' lang='lat' dir='ltr'>Auditores,</span> <span class='ocrx_word' id='word_1_1061' title='bbox 2078 3700 2137 3744; x_wconf 88' lang='lat' dir='ltr'>qui</span> <span class='ocrx_word' id='word_1_1062' title='bbox 2158 3703 2207 3735; x_wconf 84' lang='lat' dir='ltr'>vi-</span> 
     </span>
    </p>

    <p class='ocr_par' dir='ltr' id='par_1_25' title="bbox 1284 3743 2206 3793">
     <span class='ocr_line' id='line_1_138' title="bbox 1284 3743 2206 3793; baseline 0.001 -12"><span class='ocrx_word' id='word_1_1063' title='bbox 1284 3758 1341 3782; x_wconf 90' lang='lat' dir='ltr'>ros</span> <span class='ocrx_word' id='word_1_1064' title='bbox 1350 3744 1500 3781; x_wconf 89' lang='lat' dir='ltr'>strenuos</span> <span class='ocrx_word' id='word_1_1065' title='bbox 1511 3743 1692 3780; x_wconf 83' lang='lat' dir='ltr'>laudandos</span> <span class='ocrx_word' id='word_1_1066' title='bbox 1711 3743 1908 3791; x_wconf 79' lang='lat' dir='ltr'>susceperim</span> <span class='ocrx_word' id='word_1_1067' title='bbox 1920 3769 1931 3786; x_wconf 93' lang='lat'>,</span> <span class='ocrx_word' id='word_1_1068' title='bbox 1956 3752 2102 3781; x_wconf 67' lang='lat' dir='ltr'>externae</span> <span class='ocrx_word' id='word_1_1069' title='bbox 2110 3754 2206 3793; x_wconf 78' lang='lat' dir='ltr'>putet</span> 
     </span>
    </p>

    <p class='ocr_par' dir='ltr' id='par_1_26' title="bbox 1284 3792 2204 3880">
     <span class='ocr_line' id='line_1_139' title="bbox 1284 3792 2204 3844; baseline 0 -12"><span class='ocrx_word' id='word_1_1070' title='bbox 1284 3807 1322 3832; x_wconf 85' lang='lat' dir='ltr'>ac</span> <span class='ocrx_word' id='word_1_1071' title='bbox 1332 3795 1481 3844; x_wconf 82' lang='lat' dir='ltr'>profanae</span> <span class='ocrx_word' id='word_1_1072' title='bbox 1490 3792 1658 3843; x_wconf 79' lang='lat' dir='ltr'>sapientiae</span> <span class='ocrx_word' id='word_1_1073' title='bbox 1675 3793 1875 3831; x_wconf 70' lang='lat' dir='ltr'>sectaturum</span> <span class='ocrx_word' id='word_1_1074' title='bbox 1887 3793 1974 3842; x_wconf 83' lang='lat' dir='ltr'>leges</span> <span class='ocrx_word' id='word_1_1075' title='bbox 1984 3821 1992 3831; x_wconf 91' lang='lat'>.</span> <span class='ocrx_word' id='word_1_1076' title='bbox 2018 3798 2102 3832; x_wconf 78' lang='lat' dir='ltr'>Non</span> <span class='ocrx_word' id='word_1_1077' title='bbox 2112 3798 2204 3832; x_wconf 78' lang='lat' dir='ltr'>enim</span> 
     </span>
     <span class='ocr_line' id='line_1_140' title="bbox 2064 3856 2154 3880; baseline 0.022 -2"><span class='ocrx_word' id='word_1_1078' title='bbox 2064 3856 2154 3880; x_wconf 85' lang='lat' dir='ltr'>corn-</span> 
     </span>
    </p>
   </div>
  </div>
 </body>
</html>
