<?xml version="1.0" encoding="UTF-8"?>
<!DOCTYPE html PUBLIC "-//W3C//DTD XHTML 1.0 Transitional//EN"
    "http://www.w3.org/TR/xhtml1/DTD/xhtml1-transitional.dtd">
<html xmlns="http://www.w3.org/1999/xhtml" xml:lang="en" lang="en">
 <head>
  <title>
</title>
<meta http-equiv="Content-Type" content="text/html;charset=utf-8" />
  <meta name='ocr-system' content='tesseract 3.04.00' />
  <meta name='ocr-capabilities' content='ocr_page ocr_carea ocr_par ocr_line ocrx_word'/>
</head>
<body>
  <div class='ocr_page' id='page_1' title='image "./sanctiprosperiaq00prosuoft_0874.png"; bbox 0 0 2652 4126; ppageno 0'>
   <div class='ocr_carea' id='block_1_1' title="bbox 430 217 539 271">
    <p class='ocr_par' dir='ltr' id='par_1_1' title="bbox 430 217 539 271">
     <span class='ocr_line' id='line_1_1' title="bbox 430 217 539 271; baseline -0.037 0"><span class='ocrx_word' id='word_1_1' title='bbox 430 217 539 271; x_wconf 80' lang='lat'>286</span> 
     </span>
    </p>
   </div>
   <div class='ocr_carea' id='block_1_2' title="bbox 225 303 1362 3855">
    <p class='ocr_par' dir='ltr' id='par_1_2' title="bbox 228 303 1362 2464">
     <span class='ocr_line' id='line_1_2' title="bbox 426 303 1356 354; baseline -0.001 -12"><span class='ocrx_word' id='word_1_2' title='bbox 426 315 596 354; x_wconf 84' lang='lat' dir='ltr'>potentem</span> <span class='ocrx_word' id='word_1_3' title='bbox 613 315 657 342; x_wconf 78' lang='lat' dir='ltr'>ac¹</span> <span class='ocrx_word' id='word_1_4' title='bbox 666 306 789 343; x_wconf 81' lang='lat' dir='ltr'>variam</span> <span class='ocrx_word' id='word_1_5' title='bbox 809 306 873 340; x_wconf 79' lang='lat' dir='ltr'>Dei</span> <span class='ocrx_word' id='word_1_6' title='bbox 895 303 1109 349; x_wconf 75' lang='lat' dir='ltr'>sapientiam,</span> <span class='ocrx_word' id='word_1_7' title='bbox 1136 312 1263 339; x_wconf 80' lang='lat' dir='ltr'>tantam</span> <span class='ocrx_word' id='word_1_8' title='bbox 1280 305 1356 341; x_wconf 78' lang='lat' dir='ltr'>artis</span> 
     </span>
     <span class='ocr_line' id='line_1_3' title="bbox 247 350 1356 402; baseline -0.002 -11"><span class='ocrx_word' id='word_1_9' title='bbox 247 371 367 402; x_wconf 55' lang='lat' dir='ltr'>pusthm</span> <span class='ocrx_word' id='word_1_10' title='bbox 379 380 410 399; x_wconf 87' lang='lat' dir='ltr'>o·</span> <span class='ocrx_word' id='word_1_11' title='bbox 425 355 737 402; x_wconf 75' lang='lat' dir='ltr'>magnifice-miamin</span> <span class='ocrx_word' id='word_1_12' title='bbox 747 352 879 390; x_wconf 87' lang='lat' dir='ltr'>tantillo</span> <span class='ocrx_word' id='word_1_13' title='bbox 898 350 1039 388; x_wconf 82' lang='lat' dir='ltr'>membri</span> <span class='ocrx_word' id='word_1_14' title='bbox 1051 350 1179 389; x_wconf 83' lang='lat' dir='ltr'>ambitu</span> <span class='ocrx_word' id='word_1_15' title='bbox 1198 351 1356 390; x_wconf 79' lang='lat' dir='ltr'>exhiben-</span> 
     </span>
     <span class='ocr_line' id='line_1_4' title="bbox 243 401 1357 453; baseline -0.003 -13"><span class='ocrx_word' id='word_1_16' title='bbox 243 412 299 442; x_wconf 79' lang='lat' dir='ltr'>cuii</span> <span class='ocrx_word' id='word_1_17' title='bbox 309 410 410 440; x_wconf 82' lang='lat' dir='ltr'>descri—</span> <span class='ocrx_word' id='word_1_18' title='bbox 425 410 485 448; x_wconf 86' lang='lat' dir='ltr'>tis,</span> <span class='ocrx_word' id='word_1_19' title='bbox 512 405 727 453; x_wconf 81' lang='lat' dir='ltr'>perspexerit.</span> <span class='ocrx_word' id='word_1_20' title='bbox 753 406 841 438; x_wconf 89' lang='lat' dir='ltr'>Nam</span> <span class='ocrx_word' id='word_1_21' title='bbox 854 402 1107 450; x_wconf 79' lang='lat' dir='ltr'>primoquidem</span> <span class='ocrx_word' id='word_1_22' title='bbox 1115 401 1247 440; x_wconf 75' lang='lat' dir='ltr'>affusam</span> <span class='ocrx_word' id='word_1_23' title='bbox 1258 401 1357 439; x_wconf 81' lang='lat' dir='ltr'>habet</span> 
     </span>
     <span class='ocr_line' id='line_1_5' title="bbox 249 451 1356 505; baseline 0.009 -25"><span class='ocrx_word' id='word_1_24' title='bbox 249 452 330 491; x_wconf 69' lang='lat' dir='ltr'>prio.</span> <span class='ocrx_word' id='word_1_25' title='bbox 425 455 559 505; x_wconf 82' lang='lat' dir='ltr'>quidam</span> <span class='ocrx_word' id='word_1_26' title='bbox 575 459 731 502; x_wconf 84' lang='lat' dir='ltr'>gratiam,</span> <span class='ocrx_word' id='word_1_27' title='bbox 756 451 868 498; x_wconf 89' lang='lat' dir='ltr'>estque</span> <span class='ocrx_word' id='word_1_28' title='bbox 890 455 1109 495; x_wconf 78' lang='lat' dir='ltr'>tenerrimus,</span> <span class='ocrx_word' id='word_1_29' title='bbox 1134 466 1171 488; x_wconf 89' lang='lat' dir='ltr'>ac</span> <span class='ocrx_word' id='word_1_30' title='bbox 1188 465 1286 489; x_wconf 87' lang='lat' dir='ltr'>carne</span> <span class='ocrx_word' id='word_1_31' title='bbox 1304 465 1356 490; x_wconf 76' lang='lat' dir='ltr'>va·</span> 
     </span>
     <span class='ocr_line' id='line_1_6' title="bbox 423 501 1355 549; baseline -0.003 -7"><span class='ocrx_word' id='word_1_32' title='bbox 423 519 518 549; x_wconf 81' lang='lat' dir='ltr'>cans,</span> <span class='ocrx_word' id='word_1_33' title='bbox 540 516 580 541; x_wconf 88' lang='lat' dir='ltr'>ut</span> <span class='ocrx_word' id='word_1_34' title='bbox 598 503 777 543; x_wconf 84' lang='lat' dir='ltr'>itadicam,</span> <span class='ocrx_word' id='word_1_35' title='bbox 803 504 835 537; x_wconf 90' lang='lat' dir='ltr'>in</span> <span class='ocrx_word' id='word_1_36' title='bbox 847 501 982 540; x_wconf 84' lang='lat' dir='ltr'>delicata</span> <span class='ocrx_word' id='word_1_37' title='bbox 1003 501 1177 543; x_wconf 84' lang='lat' dir='ltr'>substantia</span> <span class='ocrx_word' id='word_1_38' title='bbox 1198 503 1355 539; x_wconf 81' lang='lat' dir='ltr'>duritiem</span> 
     </span>
     <span class='ocr_line' id='line_1_7' title="bbox 421 550 1356 601; baseline -0.004 -8"><span class='ocrx_word' id='word_1_39' title='bbox 421 556 542 597; x_wconf 81' lang='lat' dir='ltr'>habens</span> <span class='ocrx_word' id='word_1_40' title='bbox 560 580 572 596; x_wconf 93' lang='lat'>,</span> <span class='ocrx_word' id='word_1_41' title='bbox 597 556 695 599; x_wconf 89' lang='lat' dir='ltr'>inque</span> <span class='ocrx_word' id='word_1_42' title='bbox 716 550 814 588; x_wconf 87' lang='lat' dir='ltr'>molli</span> <span class='ocrx_word' id='word_1_43' title='bbox 834 555 1083 588; x_wconf 84' lang='lat' dir='ltr'>contentionem</span> <span class='ocrx_word' id='word_1_44' title='bbox 1093 553 1257 601; x_wconf 81' lang='lat' dir='ltr'>quandam</span> <span class='ocrx_word' id='word_1_45' title='bbox 1276 566 1286 590; x_wconf 74' lang='lat'>5</span> <span class='ocrx_word' id='word_1_46' title='bbox 1320 566 1356 590; x_wconf 83' lang='lat' dir='ltr'>ac</span> 
     </span>
     <span class='ocr_line' id='line_1_8' title="bbox 421 600 1356 650; baseline -0.005 -7"><span class='ocrx_word' id='word_1_47' title='bbox 421 610 515 644; x_wconf 83' lang='lat' dir='ltr'>variis</span> <span class='ocrx_word' id='word_1_48' title='bbox 532 602 702 640; x_wconf 89' lang='lat' dir='ltr'>coloribus</span> <span class='ocrx_word' id='word_1_49' title='bbox 722 600 876 638; x_wconf 87' lang='lat' dir='ltr'>illustrius</span> <span class='ocrx_word' id='word_1_50' title='bbox 893 602 1079 641; x_wconf 85' lang='lat' dir='ltr'>interfloret</span> <span class='ocrx_word' id='word_1_51' title='bbox 1099 627 1107 635; x_wconf 93' lang='lat'><strong><em>.</em></strong></span> <span class='ocrx_word' id='word_1_52' title='bbox 1144 605 1225 647; x_wconf 83' lang='lat' dir='ltr'>Ejus</span> <span class='ocrx_word' id='word_1_53' title='bbox 1244 607 1356 650; x_wconf 86' lang='lat' dir='ltr'>itaque</span> 
     </span>
     <span class='ocr_line' id='line_1_9' title="bbox 418 651 1354 701; baseline 0 -12"><span class='ocrx_word' id='word_1_54' title='bbox 418 653 664 694; x_wconf 80' lang='lat' dir='ltr'>meditullium,</span> <span class='ocrx_word' id='word_1_55' title='bbox 690 654 772 698; x_wconf 83' lang='lat' dir='ltr'>nigri</span> <span class='ocrx_word' id='word_1_56' title='bbox 793 651 1048 698; x_wconf 76' lang='lat' dir='ltr'>declinationem</span> <span class='ocrx_word' id='word_1_57' title='bbox 1068 651 1191 695; x_wconf 88' lang='lat' dir='ltr'>habet,</span> <span class='ocrx_word' id='word_1_58' title='bbox 1218 666 1354 701; x_wconf 87' lang='lat' dir='ltr'>eamque</span> 
     </span>
     <span class='ocr_line' id='line_1_10' title="bbox 419 703 1355 751; baseline -0.002 -9"><span class='ocrx_word' id='word_1_59' title='bbox 419 719 485 743; x_wconf 92' lang='lat' dir='ltr'>non</span> <span class='ocrx_word' id='word_1_60' title='bbox 505 703 650 751; x_wconf 83' lang='lat' dir='ltr'>ejusdcm</span> <span class='ocrx_word' id='word_1_61' title='bbox 675 715 734 749; x_wconf 90' lang='lat' dir='ltr'>per</span> <span class='ocrx_word' id='word_1_62' title='bbox 761 713 871 739; x_wconf 89' lang='lat' dir='ltr'>totum</span> <span class='ocrx_word' id='word_1_63' title='bbox 891 706 1053 740; x_wconf 82' lang='lat' dir='ltr'>rationis:</span> <span class='ocrx_word' id='word_1_64' title='bbox 1081 703 1134 742; x_wconf 64' lang='lat' dir='ltr'>,sed</span> <span class='ocrx_word' id='word_1_65' title='bbox 1163 706 1257 739; x_wconf 85' lang='lat' dir='ltr'>variis</span> <span class='ocrx_word' id='word_1_66' title='bbox 1282 706 1355 750; x_wconf 89' lang='lat' dir='ltr'>qui-</span> 
     </span>
     <span class='ocr_line' id='line_1_11' title="bbox 420 750 1354 801; baseline -0.001 -10"><span class='ocrx_word' id='word_1_67' title='bbox 420 755 554 794; x_wconf 87' lang='lat' dir='ltr'>busdam</span> <span class='ocrx_word' id='word_1_68' title='bbox 579 751 709 790; x_wconf 83' lang='lat' dir='ltr'>circulis</span> <span class='ocrx_word' id='word_1_69' title='bbox 744 750 945 789; x_wconf 72' lang='lat' dir='ltr'>commissam</span> <span class='ocrx_word' id='word_1_70' title='bbox 964 778 976 795; x_wconf 89' lang='lat'>,</span> <span class='ocrx_word' id='word_1_71' title='bbox 1012 764 1128 790; x_wconf 88' lang='lat' dir='ltr'>centro</span> <span class='ocrx_word' id='word_1_72' title='bbox 1153 754 1291 801; x_wconf 86' lang='lat' dir='ltr'>quidem</span> <span class='ocrx_word' id='word_1_73' title='bbox 1316 766 1354 790; x_wconf 87' lang='lat' dir='ltr'>ac</span> 
     </span>
     <span class='ocr_line' id='line_1_12' title="bbox 417 803 1356 849; baseline -0.002 -6"><span class='ocrx_word' id='word_1_74' title='bbox 417 803 605 843; x_wconf 87' lang='lat' dir='ltr'>meditullio</span> <span class='ocrx_word' id='word_1_75' title='bbox 630 804 800 849; x_wconf 72' lang='lat' dir='ltr'>nigriori:</span> <span class='ocrx_word' id='word_1_76' title='bbox 827 806 982 841; x_wconf 85' lang='lat' dir='ltr'>exteriori</span> <span class='ocrx_word' id='word_1_77' title='bbox 1003 815 1113 841; x_wconf 83' lang='lat' dir='ltr'>autem</span> <span class='ocrx_word' id='word_1_78' title='bbox 1139 803 1356 841; x_wconf 82' lang='lat' dir='ltr'>circumflexu</span> 
     </span>
     <span class='ocr_line' id='line_1_13' title="bbox 419 852 1355 904; baseline 0 -13"><span class='ocrx_word' id='word_1_79' title='bbox 419 854 575 904; x_wconf 85' lang='lat' dir='ltr'>paulatim</span> <span class='ocrx_word' id='word_1_80' title='bbox 602 856 636 888; x_wconf 91' lang='lat' dir='ltr'>in</span> <span class='ocrx_word' id='word_1_81' title='bbox 663 853 837 891; x_wconf 84' lang='lat' dir='ltr'>flaviorem</span> <span class='ocrx_word' id='word_1_82' title='bbox 856 852 1021 892; x_wconf 76' lang='lat' dir='ltr'>desinente</span> <span class='ocrx_word' id='word_1_83' title='bbox 1041 855 1241 893; x_wconf 68' lang='lat' dir='ltr'>tincturam,</span> <span class='ocrx_word' id='word_1_84' title='bbox 1269 856 1355 891; x_wconf 84' lang='lat' dir='ltr'>Eam</span> 
     </span>
     <span class='ocr_line' id='line_1_14' title="bbox 418 901 1355 952; baseline 0.002 -11"><span class='ocrx_word' id='word_1_85' title='bbox 418 906 497 942; x_wconf 83' lang='lat' dir='ltr'>foris</span> <span class='ocrx_word' id='word_1_86' title='bbox 507 906 611 941; x_wconf 86' lang='lat' dir='ltr'>munit</span> <span class='ocrx_word' id='word_1_87' title='bbox 621 902 733 943; x_wconf 82' lang='lat' dir='ltr'>album</span> <span class='ocrx_word' id='word_1_88' title='bbox 742 927 756 946; x_wconf 90' lang='lat'>,</span> <span class='ocrx_word' id='word_1_89' title='bbox 784 901 981 952; x_wconf 87' lang='lat' dir='ltr'>spendidum</span> <span class='ocrx_word' id='word_1_90' title='bbox 991 904 1074 941; x_wconf 89' lang='lat' dir='ltr'>illud</span> <span class='ocrx_word' id='word_1_91' title='bbox 1085 917 1120 943; x_wconf 84' lang='lat' dir='ltr'>ac</span> <span class='ocrx_word' id='word_1_92' title='bbox 1134 904 1355 952; x_wconf 82' lang='lat' dir='ltr'>pellucidum3</span> 
     </span>
     <span class='ocr_line' id='line_1_15' title="bbox 415 952 1353 1000; baseline -0.001 -9"><span class='ocrx_word' id='word_1_93' title='bbox 415 954 506 992; x_wconf 80' lang='lat' dir='ltr'>haud</span> <span class='ocrx_word' id='word_1_94' title='bbox 531 966 643 994; x_wconf 87' lang='lat' dir='ltr'>tamen</span> <span class='ocrx_word' id='word_1_95' title='bbox 664 952 789 990; x_wconf 85' lang='lat' dir='ltr'>summe</span> <span class='ocrx_word' id='word_1_96' title='bbox 807 966 842 989; x_wconf 89' lang='lat' dir='ltr'>ac</span> <span class='ocrx_word' id='word_1_97' title='bbox 874 953 963 991; x_wconf 85' lang='lat' dir='ltr'>nulla</span> <span class='ocrx_word' id='word_1_98' title='bbox 990 960 1228 1000; x_wconf 75' lang='lat' dir='ltr'>temperatione</span> <span class='ocrx_word' id='word_1_99' title='bbox 1245 955 1353 992; x_wconf 89' lang='lat' dir='ltr'>candi-</span> 
     </span>
     <span class='ocr_line' id='line_1_16' title="bbox 416 1003 1355 1053; baseline 0 -12"><span class='ocrx_word' id='word_1_100' title='bbox 416 1006 498 1046; x_wconf 89' lang='lat' dir='ltr'>dum</span> <span class='ocrx_word' id='word_1_101' title='bbox 510 1030 521 1049; x_wconf 88' lang='lat'>,</span> <span class='ocrx_word' id='word_1_102' title='bbox 546 1003 600 1040; x_wconf 89' lang='lat' dir='ltr'>sed</span> <span class='ocrx_word' id='word_1_103' title='bbox 611 1007 714 1041; x_wconf 87' lang='lat' dir='ltr'>vitrea</span> <span class='ocrx_word' id='word_1_104' title='bbox 735 1004 877 1051; x_wconf 75' lang='lat' dir='ltr'>quadam</span> <span class='ocrx_word' id='word_1_105' title='bbox 887 1017 923 1040; x_wconf 91' lang='lat' dir='ltr'>ac</span> <span class='ocrx_word' id='word_1_106' title='bbox 935 1004 1098 1051; x_wconf 84' lang='lat' dir='ltr'>pellucida</span> <span class='ocrx_word' id='word_1_107' title='bbox 1110 1005 1215 1053; x_wconf 88' lang='lat' dir='ltr'>specie</span> <span class='ocrx_word' id='word_1_108' title='bbox 1236 1006 1355 1041; x_wconf 86' lang='lat' dir='ltr'>forma·</span> 
     </span>
     <span class='ocr_line' id='line_1_17' title="bbox 417 1053 1356 1103; baseline -0.001 -12"><span class='ocrx_word' id='word_1_109' title='bbox 417 1067 491 1094; x_wconf 85' lang='lat' dir='ltr'>tum</span> <span class='ocrx_word' id='word_1_110' title='bbox 502 1083 509 1095; x_wconf 83' lang='grc'>,</span> <span class='ocrx_word' id='word_1_111' title='bbox 532 1053 671 1095; x_wconf 84' lang='lat' dir='ltr'>Rubens</span> <span class='ocrx_word' id='word_1_112' title='bbox 679 1054 778 1095; x_wconf 84' lang='lat' dir='ltr'>color</span> <span class='ocrx_word' id='word_1_113' title='bbox 787 1057 873 1092; x_wconf 86' lang='lat' dir='ltr'>circa</span> <span class='ocrx_word' id='word_1_114' title='bbox 886 1054 1046 1103; x_wconf 85' lang='lat' dir='ltr'>pupillam</span> <span class='ocrx_word' id='word_1_115' title='bbox 1057 1055 1174 1093; x_wconf 79' lang='lat' dir='ltr'>affusus</span> <span class='ocrx_word' id='word_1_116' title='bbox 1186 1055 1231 1093; x_wconf 88' lang='lat' dir='ltr'>est</span> <span class='ocrx_word' id='word_1_117' title='bbox 1242 1080 1251 1096; x_wconf 87' lang='lat'>‚</span> <span class='ocrx_word' id='word_1_118' title='bbox 1263 1066 1300 1091; x_wconf 91' lang='lat' dir='ltr'>ut</span> <span class='ocrx_word' id='word_1_119' title='bbox 1311 1055 1356 1091; x_wconf 80' lang='lat' dir='ltr'>al-</span> 
     </span>
     <span class='ocr_line' id='line_1_18' title="bbox 417 1104 1353 1151; baseline -0.002 -9"><span class='ocrx_word' id='word_1_120' title='bbox 417 1104 464 1142; x_wconf 91' lang='lat' dir='ltr'>bo</span> <span class='ocrx_word' id='word_1_121' title='bbox 482 1108 630 1150; x_wconf 76' lang='lat' dir='ltr'>aenigro</span> <span class='ocrx_word' id='word_1_122' title='bbox 646 1115 879 1151; x_wconf 84' lang='lat' dir='ltr'>contemperet</span> <span class='ocrx_word' id='word_1_123' title='bbox 890 1110 1028 1150; x_wconf 84' lang='lat' dir='ltr'>gratiam</span> <span class='ocrx_word' id='word_1_124' title='bbox 1041 1132 1048 1140; x_wconf 91' lang='lat'>.</span> <span class='ocrx_word' id='word_1_125' title='bbox 1076 1107 1130 1141; x_wconf 89' lang='lat' dir='ltr'>Ad</span> <span class='ocrx_word' id='word_1_126' title='bbox 1151 1105 1223 1143; x_wconf 87' lang='lat' dir='ltr'>haec</span> <span class='ocrx_word' id='word_1_127' title='bbox 1243 1117 1353 1144; x_wconf 90' lang='lat' dir='ltr'>autem</span> 
     </span>
     <span class='ocr_line' id='line_1_19' title="bbox 414 1153 1355 1202; baseline -0.001 -11"><span class='ocrx_word' id='word_1_128' title='bbox 414 1154 458 1193; x_wconf 83' lang='lat' dir='ltr'>fic</span> <span class='ocrx_word' id='word_1_129' title='bbox 476 1158 509 1191; x_wconf 86' lang='lat' dir='ltr'>in</span> <span class='ocrx_word' id='word_1_130' title='bbox 527 1154 631 1190; x_wconf 85' lang='lat' dir='ltr'>denso</span> <span class='ocrx_word' id='word_1_131' title='bbox 653 1153 838 1201; x_wconf 79' lang='lat' dir='ltr'>pellucidus</span> <span class='ocrx_word' id='word_1_132' title='bbox 857 1153 904 1194; x_wconf 88' lang='lat' dir='ltr'>est</span> <span class='ocrx_word' id='word_1_133' title='bbox 923 1166 1020 1201; x_wconf 83' lang='lat' dir='ltr'>atque</span> <span class='ocrx_word' id='word_1_134' title='bbox 1039 1155 1142 1202; x_wconf 78' lang='lat' dir='ltr'>levis,</span> <span class='ocrx_word' id='word_1_135' title='bbox 1167 1167 1205 1193; x_wconf 92' lang='lat' dir='ltr'>ut</span> <span class='ocrx_word' id='word_1_136' title='bbox 1224 1158 1257 1190; x_wconf 71' lang='grc' dir='ltr'>δε</span> <span class='ocrx_word' id='word_1_137' title='bbox 1279 1169 1355 1202; x_wconf 61' lang='lat' dir='ltr'>pro„</span> 
     </span>
     <span class='ocr_line' id='line_1_20' title="bbox 414 1203 1351 1254; baseline 0.002 -13"><span class='ocrx_word' id='word_1_138' title='bbox 414 1209 489 1254; x_wconf 88' lang='lat' dir='ltr'>pius</span> <span class='ocrx_word' id='word_1_139' title='bbox 506 1204 731 1243; x_wconf 87' lang='lat' dir='ltr'>accedentium</span> <span class='ocrx_word' id='word_1_140' title='bbox 751 1203 871 1242; x_wconf 84' lang='lat' dir='ltr'>formas</span> <span class='ocrx_word' id='word_1_141' title='bbox 883 1208 1068 1252; x_wconf 83' lang='lat' dir='ltr'>exprimat,</span> <span class='ocrx_word' id='word_1_142' title='bbox 1093 1219 1129 1242; x_wconf 87' lang='lat' dir='ltr'>ac</span> <span class='ocrx_word' id='word_1_143' title='bbox 1151 1205 1240 1242; x_wconf 89' lang='lat' dir='ltr'>velut</span> <span class='ocrx_word' id='word_1_144' title='bbox 1260 1218 1351 1253; x_wconf 86' lang='lat' dir='ltr'>egre-</span> 
     </span>
     <span class='ocr_line' id='line_1_21' title="bbox 413 1253 1354 1303; baseline 0 -11"><span class='ocrx_word' id='word_1_145' title='bbox 413 1259 507 1303; x_wconf 78' lang='lat' dir='ltr'>gium</span> <span class='ocrx_word' id='word_1_146' title='bbox 529 1254 722 1302; x_wconf 89' lang='lat' dir='ltr'>speculum,</span> <span class='ocrx_word' id='word_1_147' title='bbox 748 1266 867 1296; x_wconf 82' lang='lat' dir='ltr'>eorum</span> <span class='ocrx_word' id='word_1_148' title='bbox 878 1253 1075 1302; x_wconf 86' lang='lat' dir='ltr'>quibuscum</span> <span class='ocrx_word' id='word_1_149' title='bbox 1099 1256 1284 1292; x_wconf 85' lang='lat' dir='ltr'>sermonem</span> <span class='ocrx_word' id='word_1_150' title='bbox 1295 1259 1354 1292; x_wconf 81' lang='lat' dir='ltr'>mi-</span> 
     </span>
     <span class='ocr_line' id='line_1_22' title="bbox 412 1304 1352 1352; baseline 0.001 -10"><span class='ocrx_word' id='word_1_151' title='bbox 412 1305 535 1348; x_wconf 80' lang='lat' dir='ltr'>scemus</span> <span class='ocrx_word' id='word_1_152' title='bbox 546 1331 557 1348; x_wconf 93' lang='lat'>,</span> <span class='ocrx_word' id='word_1_153' title='bbox 567 1305 686 1352; x_wconf 78' lang='lat' dir='ltr'>figuras</span> <span class='ocrx_word' id='word_1_154' title='bbox 696 1304 919 1352; x_wconf 68' lang='lat' dir='ltr'>repraesentet:</span> <span class='ocrx_word' id='word_1_155' title='bbox 947 1305 1164 1352; x_wconf 81' lang='lat' dir='ltr'>quamobrem</span> <span class='ocrx_word' id='word_1_156' title='bbox 1175 1310 1274 1346; x_wconf 87' lang='lat' dir='ltr'>etiam</span> <span class='ocrx_word' id='word_1_157' title='bbox 1285 1309 1352 1351; x_wconf 76' lang='lat' dir='ltr'>ejus</span> 
     </span>
     <span class='ocr_line' id='line_1_23' title="bbox 413 1354 1354 1404; baseline 0 -12"><span class='ocrx_word' id='word_1_158' title='bbox 413 1355 528 1394; x_wconf 87' lang='lat' dir='ltr'>circuli</span> <span class='ocrx_word' id='word_1_159' title='bbox 553 1354 677 1399; x_wconf 84' lang='lat' dir='ltr'>summe</span> <span class='ocrx_word' id='word_1_160' title='bbox 705 1355 854 1391; x_wconf 88' lang='lat' dir='ltr'>medium</span> <span class='ocrx_word' id='word_1_161' title='bbox 879 1367 1031 1395; x_wconf 80' lang='lat' dir='ltr'>centrum</span> <span class='ocrx_word' id='word_1_162' title='bbox 1063 1356 1186 1404; x_wconf 82' lang='lat' dir='ltr'>pupilla</span> <span class='ocrx_word' id='word_1_163' title='bbox 1211 1357 1354 1404; x_wconf 51' lang='lat' dir='ltr'>appella,</span> 
     </span>
     <span class='ocr_line' id='line_1_24' title="bbox 412 1404 1352 1455; baseline 0.001 -12"><span class='ocrx_word' id='word_1_164' title='bbox 412 1418 484 1443; x_wconf 88' lang='lat' dir='ltr'>tum</span> <span class='ocrx_word' id='word_1_165' title='bbox 503 1405 585 1448; x_wconf 84' lang='lat' dir='ltr'>fuit,</span> <span class='ocrx_word' id='word_1_166' title='bbox 611 1404 790 1447; x_wconf 83' lang='lat' dir='ltr'>humanam</span> <span class='ocrx_word' id='word_1_167' title='bbox 807 1404 934 1454; x_wconf 85' lang='lat' dir='ltr'>semper</span> <span class='ocrx_word' id='word_1_168' title='bbox 954 1405 1115 1447; x_wconf 81' lang='lat' dir='ltr'>exhibens</span> <span class='ocrx_word' id='word_1_169' title='bbox 1124 1407 1288 1455; x_wconf 83' lang='lat' dir='ltr'>speciem,</span> <span class='ocrx_word' id='word_1_170' title='bbox 1315 1419 1352 1449; x_wconf 87' lang='lat' dir='ltr'>ut</span> 
     </span>
     <span class='ocr_line' id='line_1_25' title="bbox 412 1455 1352 1505; baseline 0.003 -13"><span class='ocrx_word' id='word_1_171' title='bbox 412 1459 487 1505; x_wconf 80' lang='lat' dir='ltr'>quis</span> <span class='ocrx_word' id='word_1_172' title='bbox 505 1470 523 1491; x_wconf 85' lang='lat' dir='ltr'>e</span> <span class='ocrx_word' id='word_1_173' title='bbox 542 1459 673 1502; x_wconf 85' lang='lat' dir='ltr'>regione</span> <span class='ocrx_word' id='word_1_174' title='bbox 682 1455 859 1503; x_wconf 81' lang='lat' dir='ltr'>aspexerit.</span> <span class='ocrx_word' id='word_1_175' title='bbox 887 1460 937 1494; x_wconf 89' lang='lat' dir='ltr'>Ut</span> <span class='ocrx_word' id='word_1_176' title='bbox 955 1460 1046 1497; x_wconf 81' lang='lat' dir='ltr'>enim</span> <span class='ocrx_word' id='word_1_177' title='bbox 1066 1462 1181 1505; x_wconf 88' lang='lat' dir='ltr'>nequit</span> <span class='ocrx_word' id='word_1_178' title='bbox 1193 1459 1264 1495; x_wconf 88' lang='lat' dir='ltr'>fieri</span> <span class='ocrx_word' id='word_1_179' title='bbox 1277 1482 1289 1500; x_wconf 93' lang='lat'>,</span> <span class='ocrx_word' id='word_1_180' title='bbox 1314 1469 1352 1495; x_wconf 91' lang='lat' dir='ltr'>ut</span> 
     </span>
     <span class='ocr_line' id='line_1_26' title="bbox 412 1505 1352 1555; baseline 0.001 -11"><span class='ocrx_word' id='word_1_181' title='bbox 412 1509 487 1555; x_wconf 80' lang='lat' dir='ltr'>quis</span> <span class='ocrx_word' id='word_1_182' title='bbox 505 1505 668 1553; x_wconf 68' lang='lat' dir='ltr'>aspectans</span> <span class='ocrx_word' id='word_1_183' title='bbox 687 1509 720 1545; x_wconf 86' lang='lat' dir='ltr'>in</span> <span class='ocrx_word' id='word_1_184' title='bbox 748 1506 916 1554; x_wconf 83' lang='lat' dir='ltr'>speculum</span> <span class='ocrx_word' id='word_1_185' title='bbox 936 1533 948 1551; x_wconf 88' lang='lat'>,</span> <span class='ocrx_word' id='word_1_186' title='bbox 984 1521 1054 1548; x_wconf 81' lang='lat' dir='ltr'>non</span> <span class='ocrx_word' id='word_1_187' title='bbox 1071 1507 1181 1551; x_wconf 82' lang='lat' dir='ltr'>statim</span> <span class='ocrx_word' id='word_1_188' title='bbox 1208 1508 1296 1545; x_wconf 87' lang='lat' dir='ltr'>suam</span> <span class='ocrx_word' id='word_1_189' title='bbox 1317 1512 1352 1549; x_wconf 81' lang='lat' dir='ltr'>in</span> 
     </span>
     <span class='ocr_line' id='line_1_27' title="bbox 412 1556 1352 1606; baseline 0.001 -13"><span class='ocrx_word' id='word_1_190' title='bbox 412 1559 546 1598; x_wconf 81' lang='lat' dir='ltr'>materia</span> <span class='ocrx_word' id='word_1_191' title='bbox 556 1556 697 1603; x_wconf 81' lang='lat' dir='ltr'>figuram</span> <span class='ocrx_word' id='word_1_192' title='bbox 716 1556 890 1594; x_wconf 82' lang='lat' dir='ltr'>adumbret</span> <span class='ocrx_word' id='word_1_193' title='bbox 909 1572 918 1602; x_wconf 67' lang='grc' dir='ltr'><strong>ς</strong></span> <span class='ocrx_word' id='word_1_194' title='bbox 944 1557 986 1598; x_wconf 83' lang='lat' dir='ltr'>fic</span> <span class='ocrx_word' id='word_1_195' title='bbox 998 1571 1126 1606; x_wconf 85' lang='lat' dir='ltr'>neque,</span> <span class='ocrx_word' id='word_1_196' title='bbox 1153 1562 1278 1606; x_wconf 81' lang='lat' dir='ltr'>utquis</span> <span class='ocrx_word' id='word_1_197' title='bbox 1296 1559 1352 1595; x_wconf 76' lang='lat' dir='ltr'>ad-</span> 
     </span>
     <span class='ocr_line' id='line_1_28' title="bbox 412 1606 1351 1650; baseline 0 -6"><span class='ocrx_word' id='word_1_198' title='bbox 412 1607 514 1649; x_wconf 81' lang='lat' dir='ltr'>verso</span> <span class='ocrx_word' id='word_1_199' title='bbox 523 1606 617 1645; x_wconf 87' lang='lat' dir='ltr'>vultu</span> <span class='ocrx_word' id='word_1_200' title='bbox 628 1606 719 1643; x_wconf 87' lang='lat' dir='ltr'>alteri</span> <span class='ocrx_word' id='word_1_201' title='bbox 731 1607 908 1647; x_wconf 79' lang='lat' dir='ltr'>consistens</span> <span class='ocrx_word' id='word_1_202' title='bbox 917 1633 929 1650; x_wconf 90' lang='lat'>,</span> <span class='ocrx_word' id='word_1_203' title='bbox 938 1620 1006 1644; x_wconf 85' lang='lat' dir='ltr'>non</span> <span class='ocrx_word' id='word_1_204' title='bbox 1018 1609 1105 1650; x_wconf 84' lang='lat' dir='ltr'>suam</span> <span class='ocrx_word' id='word_1_205' title='bbox 1117 1609 1261 1648; x_wconf 77' lang='lat' dir='ltr'>formam</span> <span class='ocrx_word' id='word_1_206' title='bbox 1270 1621 1351 1648; x_wconf 80' lang='lat' dir='ltr'>ocu-</span> 
     </span>
     <span class='ocr_line' id='line_1_29' title="bbox 413 1657 1352 1710; baseline 0.003 -16"><span class='ocrx_word' id='word_1_207' title='bbox 413 1657 451 1694; x_wconf 90' lang='lat' dir='ltr'>lo</span> <span class='ocrx_word' id='word_1_208' title='bbox 467 1661 640 1707; x_wconf 83' lang='lat' dir='ltr'>appingat.</span> <span class='ocrx_word' id='word_1_209' title='bbox 668 1658 742 1698; x_wconf 83' lang='lat' dir='ltr'>Sese</span> <span class='ocrx_word' id='word_1_210' title='bbox 760 1670 842 1705; x_wconf 88' lang='lat' dir='ltr'>ergo</span> <span class='ocrx_word' id='word_1_211' title='bbox 859 1658 1025 1702; x_wconf 62' lang='lat' dir='ltr'>homines</span> <span class='ocrx_word' id='word_1_212' title='bbox 1037 1663 1179 1702; x_wconf 80' lang='lat' dir='ltr'>invicem</span> <span class='ocrx_word' id='word_1_213' title='bbox 1198 1661 1352 1710; x_wconf 57' lang='lat' dir='ltr'>aspicient*</span> 
     </span>
     <span class='ocr_line' id='line_1_30' title="bbox 414 1707 1077 1756; baseline 0.006 -11"><span class='ocrx_word' id='word_1_214' title='bbox 414 1718 485 1752; x_wconf 80' lang='lat' dir='ltr'>tes,</span> <span class='ocrx_word' id='word_1_215' title='bbox 511 1707 703 1751; x_wconf 73' lang='lat' dir='ltr'>fibimutuo</span> <span class='ocrx_word' id='word_1_216' title='bbox 722 1708 850 1756; x_wconf 74' lang='lat' dir='ltr'>specula</span> <span class='ocrx_word' id='word_1_217' title='bbox 869 1709 1077 1753; x_wconf 81' lang='lat' dir='ltr'>efficiuntur.</span> 
     </span>
     <span class='ocr_line' id='line_1_31' title="bbox 229 1761 1357 1808; baseline 0.003 -9"><span class='ocrx_word' id='word_1_218' title='bbox 229 1767 316 1799; x_wconf 75' lang='lat' dir='ltr'>Oculi</span> <span class='ocrx_word' id='word_1_219' title='bbox 326 1777 399 1808; x_wconf 74' lang='lat' dir='ltr'>prae.</span> <span class='ocrx_word' id='word_1_220' title='bbox 432 1800 435 1801; x_wconf 16' lang='lat'><em>⁷</em></span> <span class='ocrx_word' id='word_1_221' title='bbox 465 1762 599 1804; x_wconf 84' lang='lat' dir='ltr'>Dignus</span> <span class='ocrx_word' id='word_1_222' title='bbox 621 1762 777 1806; x_wconf 86' lang='lat' dir='ltr'>itaquein</span> <span class='ocrx_word' id='word_1_223' title='bbox 789 1765 905 1799; x_wconf 78' lang='lat' dir='ltr'>creatis</span> <span class='ocrx_word' id='word_1_224' title='bbox 923 1761 1142 1803; x_wconf 76' lang='lat' dir='ltr'>admiratione</span> <span class='ocrx_word' id='word_1_225' title='bbox 1161 1762 1301 1800; x_wconf 71' lang='lat' dir='ltr'>oculus.</span> <span class='ocrx_word' id='word_1_226' title='bbox 1324 1769 1357 1802; x_wconf 84' lang='lat' dir='ltr'>Is</span> 
     </span>
     <span class='ocr_line' id='line_1_32' title="bbox 228 1809 1359 1859; baseline 0.002 -10"><span class='ocrx_word' id='word_1_227' title='bbox 228 1809 350 1854; x_wconf 68' lang='lat' dir='ltr'>ssa,¹¹‚¹*²³</span> <span class='ocrx_word' id='word_1_228' title='bbox 362 1819 401 1845; x_wconf 65' lang='lat'>²⁰-</span> <span class='ocrx_word' id='word_1_229' title='bbox 414 1813 505 1850; x_wconf 81' lang='lat' dir='ltr'>enim</span> <span class='ocrx_word' id='word_1_230' title='bbox 518 1812 631 1853; x_wconf 80' lang='lat' dir='ltr'>Deum</span> <span class='ocrx_word' id='word_1_231' title='bbox 641 1822 779 1856; x_wconf 87' lang='lat' dir='ltr'>quoque</span> <span class='ocrx_word' id='word_1_232' title='bbox 789 1809 876 1852; x_wconf 83' lang='lat' dir='ltr'>mihi</span> <span class='ocrx_word' id='word_1_233' title='bbox 891 1814 1030 1858; x_wconf 77' lang='lat' dir='ltr'>exponit</span> <span class='ocrx_word' id='word_1_234' title='bbox 1040 1836 1052 1857; x_wconf 76' lang='lat'>,</span> <span class='ocrx_word' id='word_1_235' title='bbox 1077 1815 1136 1859; x_wconf 88' lang='lat' dir='ltr'>qui</span> <span class='ocrx_word' id='word_1_236' title='bbox 1147 1823 1251 1850; x_wconf 87' lang='lat' dir='ltr'>totam</span> <span class='ocrx_word' id='word_1_237' title='bbox 1262 1827 1359 1852; x_wconf 86' lang='lat' dir='ltr'>accu-</span> 
     </span>
     <span class='ocr_line' id='line_1_33' title="bbox 229 1849 1359 1909; baseline 0 -13"><span class='ocrx_word' id='word_1_238' title='bbox 229 1849 357 1883; x_wconf 68' lang='lat' dir='ltr'>m¹¹¹¹²⁵‘</span> <span class='ocrx_word' id='word_1_239' title='bbox 415 1871 484 1897; x_wconf 70' lang='lat' dir='ltr'>tate</span> <span class='ocrx_word' id='word_1_240' title='bbox 502 1870 684 1901; x_wconf 87' lang='lat' dir='ltr'>creaturam</span> <span class='ocrx_word' id='word_1_241' title='bbox 705 1859 864 1906; x_wconf 81' lang='lat' dir='ltr'>perdiscat</span> <span class='ocrx_word' id='word_1_242' title='bbox 883 1885 892 1901; x_wconf 92' lang='lat'>,</span> <span class='ocrx_word' id='word_1_243' title='bbox 918 1873 1027 1909; x_wconf 78' lang='lat' dir='ltr'>exque</span> <span class='ocrx_word' id='word_1_244' title='bbox 1043 1866 1238 1908; x_wconf 79' lang='lat' dir='ltr'>operatione</span> <span class='ocrx_word' id='word_1_245' title='bbox 1257 1865 1359 1902; x_wconf 59' lang='lat' dir='ltr'>artifi,</span> 
     </span>
     <span class='ocr_line' id='line_1_34' title="bbox 415 1909 1362 1959; baseline 0.005 -13"><span class='ocrx_word' id='word_1_246' title='bbox 415 1909 668 1946; x_wconf 68' lang='lat' dir='ltr'>cemostendat,</span> <span class='ocrx_word' id='word_1_247' title='bbox 696 1912 763 1947; x_wconf 86' lang='lat' dir='ltr'>Hic</span> <span class='ocrx_word' id='word_1_248' title='bbox 775 1934 788 1950; x_wconf 10' lang='lat' dir='ltr'>,a</span> <span class='ocrx_word' id='word_1_249' title='bbox 812 1913 903 1947; x_wconf 86' lang='lat' dir='ltr'>exiis</span> <span class='ocrx_word' id='word_1_250' title='bbox 913 1911 1133 1957; x_wconf 79' lang='lat' dir='ltr'>quaevifibilia</span> <span class='ocrx_word' id='word_1_251' title='bbox 1144 1911 1362 1959; x_wconf 53' lang='lat' dir='ltr'>sunt,invifi2</span> 
     </span>
     <span class='ocr_line' id='line_1_35' title="bbox 417 1958 1357 2004; baseline 0.009 -9"><span class='ocrx_word' id='word_1_252' title='bbox 417 1959 497 2001; x_wconf 82' lang='lat' dir='ltr'>bilia</span> <span class='ocrx_word' id='word_1_253' title='bbox 515 1962 631 1994; x_wconf 70' lang='lat' dir='ltr'>animm</span> <span class='ocrx_word' id='word_1_254' title='bbox 649 1958 793 2004; x_wconf 75' lang='lat' dir='ltr'>explicat</span> <span class='ocrx_word' id='word_1_255' title='bbox 811 1985 820 1998; x_wconf 70' lang='grc'>.,</span> <span class='ocrx_word' id='word_1_256' title='bbox 847 1964 909 1996; x_wconf 91' lang='lat' dir='ltr'>Per</span> <span class='ocrx_word' id='word_1_257' title='bbox 927 1973 1004 2000; x_wconf 87' lang='lat' dir='ltr'>eum</span> <span class='ocrx_word' id='word_1_258' title='bbox 1034 1961 1119 2000; x_wconf 80' lang='lat' dir='ltr'>Solis</span> <span class='ocrx_word' id='word_1_259' title='bbox 1139 1961 1250 2000; x_wconf 86' lang='lat' dir='ltr'>habeo</span> <span class='ocrx_word' id='word_1_260' title='bbox 1270 1969 1357 2002; x_wconf 88' lang='lat' dir='ltr'>noti-</span> 
     </span>
     <span class='ocr_line' id='line_1_36' title="bbox 415 2007 1358 2067; baseline 0.007 -21"><span class='ocrx_word' id='word_1_261' title='bbox 415 2013 493 2048; x_wconf 86' lang='lat' dir='ltr'>tiam</span> <span class='ocrx_word' id='word_1_262' title='bbox 511 2035 519 2050; x_wconf 78' lang='lat'>.</span> <span class='ocrx_word' id='word_1_263' title='bbox 545 2022 581 2046; x_wconf 87' lang='lat' dir='ltr'>ac</span> <span class='ocrx_word' id='word_1_264' title='bbox 603 2007 679 2047; x_wconf 82' lang='lat' dir='ltr'>coeli</span> <span class='ocrx_word' id='word_1_265' title='bbox 699 2021 853 2048; x_wconf 87' lang='lat' dir='ltr'>ornatum</span> <span class='ocrx_word' id='word_1_266' title='bbox 872 2014 976 2055; x_wconf 88' lang='lat' dir='ltr'>novi,</span> <span class='ocrx_word' id='word_1_267' title='bbox 1001 2011 1173 2067; x_wconf 75' lang='lat' dir='ltr'>lustroque</span> <span class='ocrx_word' id='word_1_268' title='bbox 1191 2013 1358 2058; x_wconf 87' lang='lat' dir='ltr'>stellarum</span> 
     </span>
     <span class='ocr_line' id='line_1_37' title="bbox 413 2058 1361 2111; baseline 0.009 -16"><span class='ocrx_word' id='word_1_269' title='bbox 413 2058 701 2109; x_wconf 84' lang='lat' dir='ltr'>pulchritudinem</span> <span class='ocrx_word' id='word_1_270' title='bbox 712 2085 724 2103; x_wconf 92' lang='lat'>,</span> <span class='ocrx_word' id='word_1_271' title='bbox 743 2065 776 2098; x_wconf 74' lang='grc' dir='ltr'>δι</span> <span class='ocrx_word' id='word_1_272' title='bbox 788 2072 884 2098; x_wconf 83' lang='lat' dir='ltr'>terrae</span> <span class='ocrx_word' id='word_1_273' title='bbox 895 2060 997 2108; x_wconf 75' lang='lat' dir='ltr'>basim</span> <span class='ocrx_word' id='word_1_274' title='bbox 1007 2090 1020 2110; x_wconf 92' lang='lat'>‚</span> <span class='ocrx_word' id='word_1_275' title='bbox 1037 2077 1073 2101; x_wconf 87' lang='lat' dir='ltr'>ac</span> <span class='ocrx_word' id='word_1_276' title='bbox 1085 2069 1182 2104; x_wconf 87' lang='lat' dir='ltr'>maris</span> <span class='ocrx_word' id='word_1_277' title='bbox 1193 2078 1361 2111; x_wconf 65' lang='lat' dir='ltr'>naturam:</span> 
     </span>
     <span class='ocr_line' id='line_1_38' title="bbox 416 2110 1362 2163; baseline 0.013 -15"><span class='ocrx_word' id='word_1_278' title='bbox 416 2110 540 2148; x_wconf 79' lang='lat' dir='ltr'>diversa</span> <span class='ocrx_word' id='word_1_279' title='bbox 552 2110 670 2149; x_wconf 82' lang='lat' dir='ltr'>semina</span> <span class='ocrx_word' id='word_1_280' title='bbox 680 2110 908 2163; x_wconf 83' lang='lat' dir='ltr'>arborumque</span> <span class='ocrx_word' id='word_1_281' title='bbox 918 2121 1108 2155; x_wconf 84' lang='lat' dir='ltr'>varietatem</span> <span class='ocrx_word' id='word_1_282' title='bbox 1121 2145 1130 2160; x_wconf 96' lang='lat'>‚</span> <span class='ocrx_word' id='word_1_283' title='bbox 1157 2133 1194 2157; x_wconf 87' lang='lat' dir='ltr'>ae</span> <span class='ocrx_word' id='word_1_284' title='bbox 1204 2122 1362 2160; x_wconf 75' lang='lat' dir='ltr'>colorum</span> 
     </span>
     <span class='ocr_line' id='line_1_39' title="bbox 416 2165 1361 2214; baseline 0.007 -13"><span class='ocrx_word' id='word_1_285' title='bbox 416 2167 537 2201; x_wconf 81' lang='lat' dir='ltr'>variam</span> <span class='ocrx_word' id='word_1_286' title='bbox 558 2167 733 2203; x_wconf 60' lang='lat' dir='ltr'>tincturam</span> <span class='ocrx_word' id='word_1_287' title='bbox 753 2182 762 2203; x_wconf 91' lang='lat'>:</span> <span class='ocrx_word' id='word_1_288' title='bbox 790 2165 1001 2208; x_wconf 84' lang='lat' dir='ltr'>tenebrarum</span> <span class='ocrx_word' id='word_1_289' title='bbox 1011 2169 1137 2209; x_wconf 78' lang='lat' dir='ltr'>tristem</span> <span class='ocrx_word' id='word_1_290' title='bbox 1160 2170 1297 2214; x_wconf 83' lang='lat' dir='ltr'>faciem,</span> <span class='ocrx_word' id='word_1_291' title='bbox 1324 2185 1361 2210; x_wconf 86' lang='lat' dir='ltr'>ac</span> 
     </span>
     <span class='ocr_line' id='line_1_40' title="bbox 413 2212 1357 2264; baseline 0.01 -14"><span class='ocrx_word' id='word_1_292' title='bbox 413 2212 498 2251; x_wconf 84' lang='lat' dir='ltr'>lucis</span> <span class='ocrx_word' id='word_1_293' title='bbox 519 2215 731 2262; x_wconf 87' lang='lat' dir='ltr'>splendorem</span> <span class='ocrx_word' id='word_1_294' title='bbox 752 2231 761 2252; x_wconf 92' lang='lat'>:</span> <span class='ocrx_word' id='word_1_295' title='bbox 788 2220 902 2254; x_wconf 73' lang='lat' dir='ltr'>omnia</span> <span class='ocrx_word' id='word_1_296' title='bbox 918 2218 1108 2263; x_wconf 71' lang='lat' dir='ltr'>denique-fi</span> <span class='ocrx_word' id='word_1_297' title='bbox 1126 2227 1191 2264; x_wconf 77' lang='lat' dir='ltr'>qua</span> <span class='ocrx_word' id='word_1_298' title='bbox 1210 2221 1357 2259; x_wconf 74' lang='lat' dir='ltr'>laudavit</span> 
     </span>
     <span class='ocr_line' id='line_1_41' title="bbox 412 2263 1355 2308; baseline 0.001 -8"><span class='ocrx_word' id='word_1_299' title='bbox 412 2267 510 2303; x_wconf 81' lang='lat' dir='ltr'>Deus</span> <span class='ocrx_word' id='word_1_300' title='bbox 518 2266 680 2301; x_wconf 80' lang='lat' dir='ltr'>conditor</span> <span class='ocrx_word' id='word_1_301' title='bbox 687 2291 697 2300; x_wconf 91' lang='lat'><em>.</em></span> <span class='ocrx_word' id='word_1_302' title='bbox 726 2267 933 2308; x_wconf 61' lang='lat' dir='ltr'>Atqueadeo</span> <span class='ocrx_word' id='word_1_303' title='bbox 943 2288 956 2304; x_wconf 94' lang='lat'>,</span> <span class='ocrx_word' id='word_1_304' title='bbox 964 2265 1024 2298; x_wconf 80' lang='lat' dir='ltr'>nifi</span> <span class='ocrx_word' id='word_1_305' title='bbox 1033 2263 1236 2302; x_wconf 56' lang='lat' dir='ltr'>efferor-ulus</span> <span class='ocrx_word' id='word_1_306' title='bbox 1246 2289 1258 2306; x_wconf 93' lang='lat'>,</span> <span class='ocrx_word' id='word_1_307' title='bbox 1268 2278 1355 2301; x_wconf 81' lang='lat' dir='ltr'>crea-</span> 
     </span>
     <span class='ocr_line' id='line_1_42' title="bbox 411 2311 1354 2359; baseline -0.001 -8"><span class='ocrx_word' id='word_1_308' title='bbox 411 2326 528 2351; x_wconf 78' lang='lat' dir='ltr'>torum</span> <span class='ocrx_word' id='word_1_309' title='bbox 547 2312 736 2349; x_wconf 70' lang='lat' dir='ltr'>universitas</span> <span class='ocrx_word' id='word_1_310' title='bbox 754 2312 820 2349; x_wconf 77' lang='lat' dir='ltr'>stne</span> <span class='ocrx_word' id='word_1_311' title='bbox 840 2311 922 2347; x_wconf 81' lang='lat' dir='ltr'>teste.</span> <span class='ocrx_word' id='word_1_312' title='bbox 937 2311 1081 2348; x_wconf 75' lang='lat' dir='ltr'>senuisset</span> <span class='ocrx_word' id='word_1_313' title='bbox 1101 2337 1112 2355; x_wconf 96' lang='lat'>‚</span> <span class='ocrx_word' id='word_1_314' title='bbox 1147 2326 1225 2359; x_wconf 84' lang='lat' dir='ltr'>cum</span> <span class='ocrx_word' id='word_1_315' title='bbox 1244 2313 1354 2351; x_wconf 89' lang='lat' dir='ltr'>nullus</span> 
     </span>
     <span class='ocr_line' id='line_1_43' title="bbox 412 2362 1354 2410; baseline 0.001 -12"><span class='ocrx_word' id='word_1_316' title='bbox 412 2367 479 2401; x_wconf 88' lang='lat' dir='ltr'>Dei</span> <span class='ocrx_word' id='word_1_317' title='bbox 502 2362 690 2410; x_wconf 64' lang='lat' dir='ltr'>sapientiam</span> <span class='ocrx_word' id='word_1_318' title='bbox 700 2374 738 2399; x_wconf 82' lang='lat' dir='ltr'>ac</span> <span class='ocrx_word' id='word_1_319' title='bbox 757 2365 937 2403; x_wconf 74' lang='lat' dir='ltr'>virtutem,</span> <span class='ocrx_word' id='word_1_320' title='bbox 963 2373 1037 2408; x_wconf 80' lang='lat' dir='ltr'>quoe</span> <span class='ocrx_word' id='word_1_321' title='bbox 1046 2365 1080 2396; x_wconf 89' lang='lat' dir='ltr'>in</span> <span class='ocrx_word' id='word_1_322' title='bbox 1101 2374 1137 2397; x_wconf 85' lang='lat' dir='ltr'>ea</span> <span class='ocrx_word' id='word_1_323' title='bbox 1155 2362 1286 2405; x_wconf 87' lang='lat' dir='ltr'>elucet,</span> <span class='ocrx_word' id='word_1_324' title='bbox 1309 2363 1354 2402; x_wconf 77' lang='lat' dir='ltr'>as-</span> 
     </span>
     <span class='ocr_line' id='line_1_44' title="bbox 413 2410 952 2464; baseline -0.007 -14"><span class='ocrx_word' id='word_1_325' title='bbox 413 2415 571 2464; x_wconf 60' lang='lat' dir='ltr'>petffturus</span> <span class='ocrx_word' id='word_1_326' title='bbox 589 2410 664 2448; x_wconf 77' lang='lat' dir='ltr'>effer</span> <span class='ocrx_word' id='word_1_327' title='bbox 676 2435 684 2445; x_wconf 88' lang='lat'>.</span> <span class='ocrx_word' id='word_1_328' title='bbox 949 2427 952 2430; x_wconf 97' lang='lat'>·</span> 
     </span>
    </p>

    <p class='ocr_par' dir='ltr' id='par_1_3' title="bbox 225 2459 1353 3070">
     <span class='ocr_line' id='line_1_45' title="bbox 466 2459 1351 2509; baseline -0.001 -9"><span class='ocrx_word' id='word_1_329' title='bbox 466 2462 527 2500; x_wconf 92' lang='lat' dir='ltr'>Ob</span> <span class='ocrx_word' id='word_1_330' title='bbox 536 2476 605 2499; x_wconf 87' lang='lat' dir='ltr'>eam</span> <span class='ocrx_word' id='word_1_331' title='bbox 617 2473 699 2509; x_wconf 83' lang='lat' dir='ltr'>ergo</span> <span class='ocrx_word' id='word_1_332' title='bbox 708 2460 898 2498; x_wconf 82' lang='lat' dir='ltr'>mirabilem</span> <span class='ocrx_word' id='word_1_333' title='bbox 909 2461 995 2498; x_wconf 89' lang='lat' dir='ltr'>visus</span> <span class='ocrx_word' id='word_1_334' title='bbox 1012 2459 1212 2499; x_wconf 69' lang='lat' dir='ltr'>strusturam</span> <span class='ocrx_word' id='word_1_335' title='bbox 1223 2487 1238 2505; x_wconf 85' lang='lat'>‚</span> <span class='ocrx_word' id='word_1_336' title='bbox 1262 2475 1351 2500; x_wconf 78' lang='lat' dir='ltr'>nunc</span> 
     </span>
     <span class='ocr_line' id='line_1_46' title="bbox 411 2511 1350 2562; baseline 0 -13"><span class='ocrx_word' id='word_1_337' title='bbox 411 2527 549 2562; x_wconf 79' lang='lat' dir='ltr'>quoque</span> <span class='ocrx_word' id='word_1_338' title='bbox 558 2513 647 2550; x_wconf 89' lang='lat' dir='ltr'>oculi</span> <span class='ocrx_word' id='word_1_339' title='bbox 667 2524 728 2548; x_wconf 86' lang='lat' dir='ltr'>ceu</span> <span class='ocrx_word' id='word_1_340' title='bbox 739 2523 779 2548; x_wconf 88' lang='lat' dir='ltr'>ex</span> <span class='ocrx_word' id='word_1_341' title='bbox 796 2524 1010 2558; x_wconf 80' lang='lat' dir='ltr'>temporanea.</span> <span class='ocrx_word' id='word_1_342' title='bbox 1027 2511 1204 2548; x_wconf 82' lang='lat' dir='ltr'>molitione</span> <span class='ocrx_word' id='word_1_343' title='bbox 1222 2513 1350 2549; x_wconf 83' lang='lat' dir='ltr'>conditi</span> 
     </span>
     <span class='ocr_line' id='line_1_47' title="bbox 411 2562 1351 2612; baseline -0.002 -10"><span class='ocrx_word' id='word_1_344' title='bbox 411 2566 505 2607; x_wconf 80' lang='lat' dir='ltr'>sunt,</span> <span class='ocrx_word' id='word_1_345' title='bbox 530 2576 600 2612; x_wconf 92' lang='lat' dir='ltr'>quo</span> <span class='ocrx_word' id='word_1_346' title='bbox 617 2562 809 2609; x_wconf 71' lang='lat' dir='ltr'>abjectiores</span> <span class='ocrx_word' id='word_1_347' title='bbox 819 2563 859 2598; x_wconf 90' lang='lat' dir='ltr'>de</span> <span class='ocrx_word' id='word_1_348' title='bbox 879 2564 1065 2608; x_wconf 85' lang='lat' dir='ltr'>Unigenito</span> <span class='ocrx_word' id='word_1_349' title='bbox 1083 2566 1298 2609; x_wconf 81' lang='lat' dir='ltr'>cogitationes</span> <span class='ocrx_word' id='word_1_350' title='bbox 1308 2576 1351 2600; x_wconf 80' lang='lat' dir='ltr'>ex</span> 
     </span>
     <span class='ocr_line' id='line_1_48' title="bbox 410 2611 1351 2654; baseline -0.002 -2"><span class='ocrx_word' id='word_1_351' title='bbox 410 2619 516 2652; x_wconf 83' lang='lat' dir='ltr'>earnis</span> <span class='ocrx_word' id='word_1_352' title='bbox 527 2613 623 2650; x_wconf 88' lang='lat' dir='ltr'>nobis</span> <span class='ocrx_word' id='word_1_353' title='bbox 636 2612 825 2650; x_wconf 79' lang='lat' dir='ltr'>humilitate</span> <span class='ocrx_word' id='word_1_354' title='bbox 841 2613 1030 2649; x_wconf 85' lang='lat' dir='ltr'>accedentes</span> <span class='ocrx_word' id='word_1_355' title='bbox 1039 2637 1051 2654; x_wconf 91' lang='lat'>,</span> <span class='ocrx_word' id='word_1_356' title='bbox 1077 2611 1351 2651; x_wconf 76' lang='lat' dir='ltr'>submoveamus:</span> 
     </span>
     <span class='ocr_line' id='line_1_49' title="bbox 411 2662 1349 2712; baseline -0.004 -9"><span class='ocrx_word' id='word_1_357' title='bbox 411 2677 452 2703; x_wconf 82' lang='lat' dir='ltr'>ex</span> <span class='ocrx_word' id='word_1_358' title='bbox 470 2663 636 2712; x_wconf 84' lang='lat' dir='ltr'>gestorum</span> <span class='ocrx_word' id='word_1_359' title='bbox 665 2663 904 2710; x_wconf 81' lang='lat' dir='ltr'>magnificentia</span> <span class='ocrx_word' id='word_1_360' title='bbox 922 2662 1090 2711; x_wconf 84' lang='lat' dir='ltr'>angustam</span> <span class='ocrx_word' id='word_1_361' title='bbox 1108 2675 1243 2699; x_wconf 84' lang='lat' dir='ltr'>omnem</span> <span class='ocrx_word' id='word_1_362' title='bbox 1263 2663 1349 2710; x_wconf 83' lang='lat' dir='ltr'>abje-</span> 
     </span>
     <span class='ocr_line' id='line_1_50' title="bbox 414 2713 1349 2763; baseline -0.002 -11"><span class='ocrx_word' id='word_1_363' title='bbox 414 2717 567 2763; x_wconf 67' lang='lat' dir='ltr'>stamque</span> <span class='ocrx_word' id='word_1_364' title='bbox 583 2717 778 2761; x_wconf 81' lang='lat' dir='ltr'>opinionem</span> <span class='ocrx_word' id='word_1_365' title='bbox 797 2713 837 2750; x_wconf 84' lang='lat' dir='ltr'>ab</span> <span class='ocrx_word' id='word_1_366' title='bbox 854 2717 970 2751; x_wconf 86' lang='lat' dir='ltr'>animo</span> <span class='ocrx_word' id='word_1_367' title='bbox 989 2716 1151 2749; x_wconf 86' lang='lat' dir='ltr'>eiicientes</span> <span class='ocrx_word' id='word_1_368' title='bbox 1164 2726 1177 2753; x_wconf 91' lang='lat'>,·</span> <span class='ocrx_word' id='word_1_369' title='bbox 1201 2713 1349 2751; x_wconf 78' lang='lat' dir='ltr'>sciamus.</span> 
     </span>
     <span class='ocr_line' id='line_1_51' title="bbox 412 2762 1349 2813; baseline -0.001 -12"><span class='ocrx_word' id='word_1_370' title='bbox 412 2779 498 2813; x_wconf 88' lang='lat' dir='ltr'>que,</span> <span class='ocrx_word' id='word_1_371' title='bbox 524 2764 656 2801; x_wconf 88' lang='lat' dir='ltr'>beatum</span> <span class='ocrx_word' id='word_1_372' title='bbox 678 2766 818 2799; x_wconf 80' lang='lat' dir='ltr'>Deitatis</span> <span class='ocrx_word' id='word_1_373' title='bbox 838 2763 951 2800; x_wconf 87' lang='lat' dir='ltr'>lumen</span> <span class='ocrx_word' id='word_1_374' title='bbox 974 2777 1010 2800; x_wconf 89' lang='lat' dir='ltr'>ac</span> <span class='ocrx_word' id='word_1_375' title='bbox 1029 2762 1317 2811; x_wconf 81' lang='lat' dir='ltr'>pulchritudinem</span> <span class='ocrx_word' id='word_1_376' title='bbox 1335 2789 1349 2808; x_wconf 81' lang='lat'>,</span> 
     </span>
     <span class='ocr_line' id='line_1_52' title="bbox 414 2812 1350 2860; baseline -0.001 -9"><span class='ocrx_word' id='word_1_377' title='bbox 414 2828 469 2851; x_wconf 85' lang='lat' dir='ltr'>vas</span> <span class='ocrx_word' id='word_1_378' title='bbox 499 2814 636 2850; x_wconf 88' lang='lat' dir='ltr'>testeum</span> <span class='ocrx_word' id='word_1_379' title='bbox 656 2812 845 2859; x_wconf 78' lang='lat' dir='ltr'>assumpfiffe</span> <span class='ocrx_word' id='word_1_380' title='bbox 863 2828 871 2848; x_wconf 90' lang='lat'>:</span> <span class='ocrx_word' id='word_1_381' title='bbox 907 2814 1001 2860; x_wconf 89' lang='lat' dir='ltr'>quod</span> <span class='ocrx_word' id='word_1_382' title='bbox 1021 2812 1116 2849; x_wconf 79' lang='lat' dir='ltr'>nobis</span> <span class='ocrx_word' id='word_1_383' title='bbox 1141 2813 1282 2853; x_wconf 68' lang='lat' dir='ltr'>lucernae</span> <span class='ocrx_word' id='word_1_384' title='bbox 1299 2818 1350 2850; x_wconf 82' lang='lat' dir='ltr'>in-</span> 
     </span>
     <span class='ocr_line' id='line_1_53' title="bbox 414 2862 1352 2913; baseline 0 -12"><span class='ocrx_word' id='word_1_385' title='bbox 414 2864 476 2901; x_wconf 88' lang='lat' dir='ltr'>star</span> <span class='ocrx_word' id='word_1_386' title='bbox 485 2863 694 2911; x_wconf 83' lang='lat' dir='ltr'>splendorem</span> <span class='ocrx_word' id='word_1_387' title='bbox 705 2862 942 2900; x_wconf 86' lang='lat' dir='ltr'>subministret.</span> <span class='ocrx_word' id='word_1_388' title='bbox 968 2867 1120 2901; x_wconf 88' lang='lat' dir='ltr'>Omnino</span> <span class='ocrx_word' id='word_1_389' title='bbox 1131 2875 1263 2909; x_wconf 83' lang='lat' dir='ltr'>autem,</span> <span class='ocrx_word' id='word_1_390' title='bbox 1282 2865 1352 2913; x_wconf 82' lang='lat' dir='ltr'>ipse</span> 
     </span>
     <span class='ocr_line' id='line_1_54' title="bbox 236 2914 1351 2972; baseline 0.002 -22"><span class='ocrx_word' id='word_1_391' title='bbox 236 2933 312 2972; x_wconf 42' lang='lat' dir='ltr'><em>Psag,</em></span> <span class='ocrx_word' id='word_1_392' title='bbox 331 2933 396 2970; x_wconf 59' lang='lat'>143,</span> <span class='ocrx_word' id='word_1_393' title='bbox 416 2928 474 2963; x_wconf 89' lang='lat' dir='ltr'>per</span> <span class='ocrx_word' id='word_1_394' title='bbox 493 2914 524 2950; x_wconf 91' lang='lat' dir='ltr'>se</span> <span class='ocrx_word' id='word_1_395' title='bbox 534 2917 703 2951; x_wconf 81' lang='lat' dir='ltr'>Dominus</span> <span class='ocrx_word' id='word_1_396' title='bbox 721 2924 814 2950; x_wconf 87' lang='lat' dir='ltr'>curat</span> <span class='ocrx_word' id='word_1_397' title='bbox 834 2928 843 2948; x_wconf 79' lang='lat' dir='ltr'>z</span> <span class='ocrx_word' id='word_1_398' title='bbox 869 2925 929 2950; x_wconf 80' lang='lat' dir='ltr'>nec</span> <span class='ocrx_word' id='word_1_399' title='bbox 948 2914 1024 2950; x_wconf 89' lang='lat' dir='ltr'>solo</span> <span class='ocrx_word' id='word_1_400' title='bbox 1040 2914 1188 2950; x_wconf 86' lang='lat' dir='ltr'>sermone</span> <span class='ocrx_word' id='word_1_401' title='bbox 1206 2916 1246 2951; x_wconf 88' lang='lat' dir='ltr'>ad</span> <span class='ocrx_word' id='word_1_402' title='bbox 1263 2928 1351 2963; x_wconf 82' lang='lat' dir='ltr'>opus</span> 
     </span>
     <span class='ocr_line' id='line_1_55' title="bbox 236 2964 1353 3014; baseline -0.002 -11"><span class='ocrx_word' id='word_1_403' title='bbox 236 2985 265 3003; x_wconf 84' lang='lat' dir='ltr'>v.</span> <span class='ocrx_word' id='word_1_404' title='bbox 279 2982 304 3008; x_wconf 89' lang='lat'>5.</span> <span class='ocrx_word' id='word_1_405' title='bbox 416 2968 522 3001; x_wconf 86' lang='lat' dir='ltr'>utitur</span> <span class='ocrx_word' id='word_1_406' title='bbox 539 2989 550 3006; x_wconf 88' lang='lat'>‚</span> <span class='ocrx_word' id='word_1_407' title='bbox 585 2967 642 3012; x_wconf 89' lang='lat' dir='ltr'>qui</span> <span class='ocrx_word' id='word_1_408' title='bbox 662 2976 774 3000; x_wconf 85' lang='lat' dir='ltr'>rerum</span> <span class='ocrx_word' id='word_1_409' title='bbox 792 2975 946 3000; x_wconf 85' lang='lat' dir='ltr'>ornatum</span> <span class='ocrx_word' id='word_1_410' title='bbox 975 2964 1163 3002; x_wconf 81' lang='lat' dir='ltr'>universum</span> <span class='ocrx_word' id='word_1_411' title='bbox 1183 2976 1353 3014; x_wconf 81' lang='lat' dir='ltr'>praecepto</span> 
     </span>
     <span class='ocr_line' id='line_1_56' title="bbox 225 3012 1352 3070; baseline 0.002 -20"><span class='ocrx_word' id='word_1_412' title='bbox 225 3033 403 3070; x_wconf 71' lang='lat' dir='ltr'>jaan.9.v.8·</span> <span class='ocrx_word' id='word_1_413' title='bbox 421 3012 618 3063; x_wconf 84' lang='lat' dir='ltr'>produxisset</span> <span class='ocrx_word' id='word_1_414' title='bbox 637 3029 646 3049; x_wconf 91' lang='lat'>:</span> <span class='ocrx_word' id='word_1_415' title='bbox 671 3017 727 3061; x_wconf 88' lang='lat' dir='ltr'>qui</span> <span class='ocrx_word' id='word_1_416' title='bbox 746 3013 877 3051; x_wconf 82' lang='lat' dir='ltr'>duobus</span> <span class='ocrx_word' id='word_1_417' title='bbox 896 3013 1038 3050; x_wconf 84' lang='lat' dir='ltr'>verbulis</span> <span class='ocrx_word' id='word_1_418' title='bbox 1056 3039 1068 3057; x_wconf 93' lang='lat'>,</span> <span class='ocrx_word' id='word_1_419' title='bbox 1092 3014 1246 3051; x_wconf 87' lang='lat' dir='ltr'>membris</span> <span class='ocrx_word' id='word_1_420' title='bbox 1265 3016 1352 3052; x_wconf 85' lang='lat' dir='ltr'>solu-</span> 
     </span>
    </p>

    <p class='ocr_par' dir='ltr' id='par_1_4' title="bbox 421 3062 1353 3111">
     <span class='ocr_line' id='line_1_57' title="bbox 421 3062 1353 3111; baseline 0.002 -10"><span class='ocrx_word' id='word_1_421' title='bbox 421 3077 501 3101; x_wconf 30' lang='lat' dir='ltr'>tum*</span> <span class='ocrx_word' id='word_1_422' title='bbox 516 3063 690 3101; x_wconf 85' lang='lat' dir='ltr'>hominem</span> <span class='ocrx_word' id='word_1_423' title='bbox 709 3062 862 3108; x_wconf 76' lang='lat' dir='ltr'>curasset,</span> <span class='ocrx_word' id='word_1_424' title='bbox 887 3068 944 3111; x_wconf 90' lang='lat' dir='ltr'>qui</span> <span class='ocrx_word' id='word_1_425' title='bbox 962 3068 996 3100; x_wconf 76' lang='grc' dir='ltr'>δε</span> <span class='ocrx_word' id='word_1_426' title='bbox 1015 3078 1093 3108; x_wconf 86' lang='lat' dir='ltr'>ore,</span> <span class='ocrx_word' id='word_1_427' title='bbox 1120 3069 1154 3100; x_wconf 67' lang='grc' dir='ltr'>ἃ</span> <span class='ocrx_word' id='word_1_428' title='bbox 1174 3065 1325 3103; x_wconf 73' lang='lat' dir='ltr'>manibus</span> <span class='ocrx_word' id='word_1_429' title='bbox 1341 3090 1353 3109; x_wconf 89' lang='lat'>,</span> 
     </span>
    </p>

    <p class='ocr_par' dir='ltr' id='par_1_5' title="bbox 423 3113 1353 3163">
     <span class='ocr_line' id='line_1_58' title="bbox 423 3113 1353 3163; baseline 0.002 -12"><span class='ocrx_word' id='word_1_430' title='bbox 423 3118 583 3161; x_wconf 87' lang='lat' dir='ltr'>omnique</span> <span class='ocrx_word' id='word_1_431' title='bbox 602 3113 662 3150; x_wconf 82' lang='lat' dir='ltr'>alia</span> <span class='ocrx_word' id='word_1_432' title='bbox 693 3114 901 3161; x_wconf 86' lang='lat' dir='ltr'>providentia</span> <span class='ocrx_word' id='word_1_433' title='bbox 918 3117 1106 3153; x_wconf 84' lang='lat' dir='ltr'>coecitatem</span> <span class='ocrx_word' id='word_1_434' title='bbox 1126 3126 1219 3152; x_wconf 84' lang='lat' dir='ltr'>curat</span> <span class='ocrx_word' id='word_1_435' title='bbox 1237 3141 1247 3155; x_wconf 92' lang='lat'>‚</span> <span class='ocrx_word' id='word_1_436' title='bbox 1282 3128 1353 3163; x_wconf 84' lang='lat' dir='ltr'>quo</span> 
     </span>
    </p>

    <p class='ocr_par' dir='ltr' id='par_1_6' title="bbox 422 3162 1354 3212">
     <span class='ocr_line' id='line_1_59' title="bbox 422 3162 1354 3212; baseline 0.002 -12"><span class='ocrx_word' id='word_1_437' title='bbox 422 3177 543 3201; x_wconf 90' lang='lat' dir='ltr'>certam</span> <span class='ocrx_word' id='word_1_438' title='bbox 563 3162 603 3199; x_wconf 84' lang='lat' dir='ltr'>ex</span> <span class='ocrx_word' id='word_1_439' title='bbox 626 3163 721 3199; x_wconf 83' lang='lat' dir='ltr'>rebus</span> <span class='ocrx_word' id='word_1_440' title='bbox 740 3164 841 3200; x_wconf 88' lang='lat' dir='ltr'>fidem</span> <span class='ocrx_word' id='word_1_441' title='bbox 860 3165 1039 3201; x_wconf 81' lang='lat' dir='ltr'>incredulis</span> <span class='ocrx_word' id='word_1_442' title='bbox 1056 3164 1150 3200; x_wconf 70' lang='lat' dir='ltr'>ficiat</span> <span class='ocrx_word' id='word_1_443' title='bbox 1170 3191 1177 3199; x_wconf 95' lang='lat'><strong><em>.</em></strong></span> <span class='ocrx_word' id='word_1_444' title='bbox 1205 3168 1299 3212; x_wconf 84' lang='lat' dir='ltr'>Spuit</span> <span class='ocrx_word' id='word_1_445' title='bbox 1318 3169 1354 3202; x_wconf 85' lang='lat' dir='ltr'>in</span> 
     </span>
    </p>

    <p class='ocr_par' dir='ltr' id='par_1_7' title="bbox 239 3213 1356 3270">
     <span class='ocr_line' id='line_1_60' title="bbox 239 3213 1356 3270; baseline 0.001 -19"><span class='ocrx_word' id='word_1_446' title='bbox 239 3234 411 3270; x_wconf 76' lang='lat' dir='ltr'>Joaen‚9.v.(=.</span> <span class='ocrx_word' id='word_1_447' title='bbox 424 3227 542 3252; x_wconf 86' lang='lat' dir='ltr'>terram</span> <span class='ocrx_word' id='word_1_448' title='bbox 555 3239 565 3255; x_wconf 90' lang='lat'><strong>‚</strong></span> <span class='ocrx_word' id='word_1_449' title='bbox 592 3227 698 3261; x_wconf 88' lang='lat' dir='ltr'>exque</span> <span class='ocrx_word' id='word_1_450' title='bbox 708 3213 807 3260; x_wconf 90' lang='lat' dir='ltr'>sputo</span> <span class='ocrx_word' id='word_1_451' title='bbox 817 3214 924 3250; x_wconf 87' lang='lat' dir='ltr'>lutum</span> <span class='ocrx_word' id='word_1_452' title='bbox 945 3215 1041 3257; x_wconf 87' lang='lat' dir='ltr'>facit,</span> <span class='ocrx_word' id='word_1_453' title='bbox 1068 3217 1241 3252; x_wconf 82' lang='lat' dir='ltr'>Nimirum</span> <span class='ocrx_word' id='word_1_454' title='bbox 1259 3216 1356 3253; x_wconf 86' lang='lat' dir='ltr'>idcir·</span> 
     </span>
    </p>

    <p class='ocr_par' dir='ltr' id='par_1_8' title="bbox 243 3263 1356 3311">
     <span class='ocr_line' id='line_1_61' title="bbox 243 3263 1356 3311; baseline 0 -9"><span class='ocrx_word' id='word_1_455' title='bbox 243 3274 301 3302; x_wconf 76' lang='lat' dir='ltr'>Cur</span> <span class='ocrx_word' id='word_1_456' title='bbox 325 3275 409 3303; x_wconf 69' lang='lat' dir='ltr'>saliva</span> <span class='ocrx_word' id='word_1_457' title='bbox 425 3278 466 3301; x_wconf 90' lang='lat' dir='ltr'>co</span> <span class='ocrx_word' id='word_1_458' title='bbox 477 3266 514 3300; x_wconf 83' lang='lat' dir='ltr'>ad</span> <span class='ocrx_word' id='word_1_459' title='bbox 527 3265 705 3300; x_wconf 87' lang='lat' dir='ltr'>curandum</span> <span class='ocrx_word' id='word_1_460' title='bbox 715 3275 837 3300; x_wconf 81' lang='lat' dir='ltr'>terram</span> <span class='ocrx_word' id='word_1_461' title='bbox 848 3263 1024 3307; x_wconf 80' lang='lat' dir='ltr'>adhibens,</span> <span class='ocrx_word' id='word_1_462' title='bbox 1042 3277 1113 3311; x_wconf 91' lang='lat' dir='ltr'>quo</span> <span class='ocrx_word' id='word_1_463' title='bbox 1122 3263 1290 3308; x_wconf 81' lang='lat' dir='ltr'>ostendat,</span> <span class='ocrx_word' id='word_1_464' title='bbox 1315 3278 1356 3304; x_wconf 76' lang='lat' dir='ltr'>ex</span> 
     </span>
    </p>

    <p class='ocr_par' dir='ltr' id='par_1_9' title="bbox 243 3314 1355 3361">
     <span class='ocr_line' id='line_1_62' title="bbox 243 3314 1355 3361; baseline 0.002 -11"><span class='ocrx_word' id='word_1_465' title='bbox 243 3323 275 3358; x_wconf 56' lang='grc' dir='ltr'>,ΞΕ</span> <span class='ocrx_word' id='word_1_466' title='bbox 293 3314 383 3359; x_wconf 63' lang='grc' dir='ltr'><strong>Ιυῖψττ</strong></span> <span class='ocrx_word' id='word_1_467' title='bbox 426 3316 542 3351; x_wconf 88' lang='lat' dir='ltr'>eodem</span> <span class='ocrx_word' id='word_1_468' title='bbox 565 3315 595 3350; x_wconf 86' lang='lat' dir='ltr'>se</span> <span class='ocrx_word' id='word_1_469' title='bbox 605 3314 700 3357; x_wconf 89' lang='lat' dir='ltr'>luto,</span> <span class='ocrx_word' id='word_1_470' title='bbox 724 3327 763 3350; x_wconf 89' lang='lat' dir='ltr'>ex</span> <span class='ocrx_word' id='word_1_471' title='bbox 773 3327 843 3361; x_wconf 89' lang='lat' dir='ltr'>quo</span> <span class='ocrx_word' id='word_1_472' title='bbox 855 3317 1007 3361; x_wconf 83' lang='lat' dir='ltr'>primitus</span> <span class='ocrx_word' id='word_1_473' title='bbox 1028 3325 1140 3351; x_wconf 82' lang='lat' dir='ltr'>totum</span> <span class='ocrx_word' id='word_1_474' title='bbox 1157 3316 1277 3352; x_wconf 84' lang='lat' dir='ltr'>animal</span> <span class='ocrx_word' id='word_1_475' title='bbox 1287 3315 1355 3352; x_wconf 72' lang='lat' dir='ltr'>for-</span> 
     </span>
    </p>

    <p class='ocr_par' dir='ltr' id='par_1_10' title="bbox 244 3353 1356 3414">
     <span class='ocr_line' id='line_1_63' title="bbox 244 3353 1356 3414; baseline 0.002 -13"><span class='ocrx_word' id='word_1_476' title='bbox 244 3353 412 3397; x_wconf 62' lang='lat' dir='ltr'>²⁰Coe⁶¹⁶”‘</span> <span class='ocrx_word' id='word_1_477' title='bbox 428 3377 552 3401; x_wconf 81' lang='lat' dir='ltr'>matum</span> <span class='ocrx_word' id='word_1_478' title='bbox 588 3363 691 3401; x_wconf 82' lang='lat' dir='ltr'>fuisset</span> <span class='ocrx_word' id='word_1_479' title='bbox 710 3389 722 3407; x_wconf 91' lang='lat'>,</span> <span class='ocrx_word' id='word_1_480' title='bbox 761 3377 847 3400; x_wconf 91' lang='lat' dir='ltr'>nunc</span> <span class='ocrx_word' id='word_1_481' title='bbox 881 3377 1016 3414; x_wconf 80' lang='lat' dir='ltr'>quoqu-e</span> <span class='ocrx_word' id='word_1_482' title='bbox 1052 3364 1215 3412; x_wconf 87' lang='lat' dir='ltr'>reliquum</span> <span class='ocrx_word' id='word_1_483' title='bbox 1252 3378 1356 3403; x_wconf 86' lang='lat' dir='ltr'>mem·</span> 
     </span>
    </p>

    <p class='ocr_par' dir='ltr' id='par_1_11' title="bbox 246 3400 1357 3457">
     <span class='ocr_line' id='line_1_64' title="bbox 246 3400 1357 3457; baseline 0.001 -5"><span class='ocrx_word' id='word_1_484' title='bbox 246 3400 375 3424; x_wconf 76' lang='lat' dir='ltr'>tatione.</span> <span class='ocrx_word' id='word_1_485' title='bbox 426 3414 523 3452; x_wconf 83' lang='lat' dir='ltr'>hrum</span> <span class='ocrx_word' id='word_1_486' title='bbox 551 3417 712 3451; x_wconf 85' lang='lat' dir='ltr'>condere.</span> <span class='ocrx_word' id='word_1_487' title='bbox 739 3414 844 3450; x_wconf 85' lang='lat' dir='ltr'>Saliva</span> <span class='ocrx_word' id='word_1_488' title='bbox 863 3426 972 3451; x_wconf 82' lang='lat' dir='ltr'>autem</span> <span class='ocrx_word' id='word_1_489' title='bbox 998 3413 1082 3451; x_wconf 76' lang='lat' dir='ltr'>illud</span> <span class='ocrx_word' id='word_1_490' title='bbox 1108 3414 1221 3457; x_wconf 70' lang='lat' dir='ltr'>sarcit,</span> <span class='ocrx_word' id='word_1_491' title='bbox 1246 3428 1282 3452; x_wconf 86' lang='lat' dir='ltr'>ac</span> <span class='ocrx_word' id='word_1_492' title='bbox 1293 3415 1357 3453; x_wconf 68' lang='lat' dir='ltr'>dis»</span> 
     </span>
    </p>

    <p class='ocr_par' dir='ltr' id='par_1_12' title="bbox 427 3464 1358 3512">
     <span class='ocr_line' id='line_1_65' title="bbox 427 3464 1358 3512; baseline 0.002 -12"><span class='ocrx_word' id='word_1_493' title='bbox 427 3465 566 3512; x_wconf 84' lang='lat' dir='ltr'>fipatum</span> <span class='ocrx_word' id='word_1_494' title='bbox 593 3464 771 3512; x_wconf 80' lang='lat' dir='ltr'>expersque</span> <span class='ocrx_word' id='word_1_495' title='bbox 804 3464 938 3510; x_wconf 82' lang='lat' dir='ltr'>glutinis</span> <span class='ocrx_word' id='word_1_496' title='bbox 963 3468 1112 3502; x_wconf 78' lang='lat' dir='ltr'>continet</span> <span class='ocrx_word' id='word_1_497' title='bbox 1149 3465 1320 3512; x_wconf 81' lang='lat' dir='ltr'>pulverem</span> <span class='ocrx_word' id='word_1_498' title='bbox 1348 3490 1358 3508; x_wconf 94' lang='lat'>,</span> 
     </span>
    </p>

    <p class='ocr_par' dir='ltr' id='par_1_13' title="bbox 428 3514 1357 3562">
     <span class='ocr_line' id='line_1_66' title="bbox 428 3514 1357 3562; baseline 0.002 -11"><span class='ocrx_word' id='word_1_499' title='bbox 428 3527 499 3562; x_wconf 91' lang='lat' dir='ltr'>quo</span> <span class='ocrx_word' id='word_1_500' title='bbox 523 3514 616 3551; x_wconf 87' lang='lat' dir='ltr'>nobis</span> <span class='ocrx_word' id='word_1_501' title='bbox 652 3514 821 3561; x_wconf 88' lang='lat' dir='ltr'>perspicue</span> <span class='ocrx_word' id='word_1_502' title='bbox 853 3514 1002 3551; x_wconf 86' lang='lat' dir='ltr'>ostendat</span> <span class='ocrx_word' id='word_1_503' title='bbox 1019 3541 1031 3557; x_wconf 90' lang='lat'>‚</span> <span class='ocrx_word' id='word_1_504' title='bbox 1065 3519 1180 3551; x_wconf 85' lang='lat' dir='ltr'>omnia</span> <span class='ocrx_word' id='word_1_505' title='bbox 1204 3515 1357 3553; x_wconf 85' lang='lat' dir='ltr'>Verbum</span> 
     </span>
    </p>

    <p class='ocr_par' dir='ltr' id='par_1_14' title="bbox 253 3562 1357 3627">
     <span class='ocr_line' id='line_1_67' title="bbox 253 3562 1357 3627; baseline 0.003 -29"><span class='ocrx_word' id='word_1_506' title='bbox 253 3589 335 3627; x_wconf 85' lang='lat' dir='ltr'><em>PJ·3²</em></span> <span class='ocrx_word' id='word_1_507' title='bbox 355 3602 376 3619; x_wconf 80' lang='lat' dir='ltr'><em>v</em></span> <span class='ocrx_word' id='word_1_508' title='bbox 390 3592 405 3620; x_wconf 71' lang='grc'>6</span> <span class='ocrx_word' id='word_1_509' title='bbox 428 3568 548 3601; x_wconf 86' lang='lat' dir='ltr'>virtute</span> <span class='ocrx_word' id='word_1_510' title='bbox 575 3568 641 3600; x_wconf 85' lang='lat' dir='ltr'>oris</span> <span class='ocrx_word' id='word_1_511' title='bbox 668 3564 713 3601; x_wconf 85' lang='lat' dir='ltr'>sui</span> <span class='ocrx_word' id='word_1_512' title='bbox 751 3562 904 3611; x_wconf 75' lang='lat' dir='ltr'>peregisse</span> <span class='ocrx_word' id='word_1_513' title='bbox 923 3580 935 3600; x_wconf 87' lang='grc'>.·</span> <span class='ocrx_word' id='word_1_514' title='bbox 970 3577 1071 3601; x_wconf 9' lang='lat' dir='ltr'>nami:</span> <span class='ocrx_word' id='word_1_515' title='bbox 1105 3564 1205 3598; x_wconf 80' lang='lat' dir='ltr'>Verbo</span> <span class='ocrx_word' id='word_1_516' title='bbox 1243 3566 1357 3602; x_wconf 71' lang='lat' dir='ltr'>Domi.-</span> 
     </span>
    </p>

    <p class='ocr_par' dir='ltr' id='par_1_15' title="bbox 339 3610 1356 3697">
     <span class='ocr_line' id='line_1_68' title="bbox 339 3610 1356 3660; baseline 0.006 -16"><span class='ocrx_word' id='word_1_517' title='bbox 339 3611 346 3620; x_wconf 78' lang='lat'><strong>⁴</strong></span> <span class='ocrx_word' id='word_1_518' title='bbox 379 3610 386 3619; x_wconf 72' lang='lat'><strong>⁴</strong></span> <span class='ocrx_word' id='word_1_519' title='bbox 411 3613 463 3644; x_wconf 80' lang='lat' dir='ltr'>&#39;m&#39;</span> <span class='ocrx_word' id='word_1_520' title='bbox 490 3614 558 3646; x_wconf 79' lang='lat' dir='ltr'>carli</span> <span class='ocrx_word' id='word_1_521' title='bbox 578 3613 705 3657; x_wconf 74' lang='lat' dir='ltr'>firmati</span> <span class='ocrx_word' id='word_1_522' title='bbox 724 3613 804 3659; x_wconf 78' lang='lat' dir='ltr'>sunt</span> <span class='ocrx_word' id='word_1_523' title='bbox 825 3640 836 3657; x_wconf 87' lang='lat'>,</span> <span class='ocrx_word' id='word_1_524' title='bbox 862 3614 904 3648; x_wconf 72' lang='lat'>&amp;⁶</span> <span class='ocrx_word' id='word_1_525' title='bbox 924 3613 1047 3660; x_wconf 81' lang='lat' dir='ltr'>spiritu</span> <span class='ocrx_word' id='word_1_526' title='bbox 1073 3614 1137 3648; x_wconf 72' lang='lat' dir='ltr'>oris</span> <span class='ocrx_word' id='word_1_527' title='bbox 1161 3615 1232 3658; x_wconf 77' lang='lat' dir='ltr'>ejus</span> <span class='ocrx_word' id='word_1_528' title='bbox 1257 3613 1356 3650; x_wconf 82' lang='lat' dir='ltr'>omnis</span> 
     </span>
     <span class='ocr_line' id='line_1_69' title="bbox 431 3671 692 3697; baseline 0.015 -4"><span class='ocrx_word' id='word_1_529' title='bbox 431 3671 541 3694; x_wconf 78' lang='lat' dir='ltr'>vtrtus</span> <span class='ocrx_word' id='word_1_530' title='bbox 567 3675 692 3697; x_wconf 68' lang='lat' dir='ltr'>eorum-</span> 
     </span>
    </p>

    <p class='ocr_par' dir='ltr' id='par_1_16' title="bbox 430 3714 1359 3855">
     <span class='ocr_line' id='line_1_70' title="bbox 481 3714 1357 3764; baseline 0.008 -19"><span class='ocrx_word' id='word_1_531' title='bbox 481 3714 578 3746; x_wconf 89' lang='lat' dir='ltr'>Forte</span> <span class='ocrx_word' id='word_1_532' title='bbox 595 3724 704 3749; x_wconf 86' lang='lat' dir='ltr'>autem</span> <span class='ocrx_word' id='word_1_533' title='bbox 730 3714 855 3751; x_wconf 89' lang='lat' dir='ltr'>idcirco</span> <span class='ocrx_word' id='word_1_534' title='bbox 873 3717 971 3751; x_wconf 85' lang='lat' dir='ltr'>etiam</span> <span class='ocrx_word' id='word_1_535' title='bbox 983 3714 1131 3762; x_wconf 86' lang='lat' dir='ltr'>spuendo</span> <span class='ocrx_word' id='word_1_536' title='bbox 1148 3726 1264 3757; x_wconf 69' lang='lat' dir='ltr'>curat,v</span> <span class='ocrx_word' id='word_1_537' title='bbox 1285 3727 1357 3764; x_wconf 84' lang='lat' dir='ltr'>quo</span> 
     </span>
     <span class='ocr_line' id='line_1_71' title="bbox 431 3760 1355 3813; baseline 0.005 -16"><span class='ocrx_word' id='word_1_538' title='bbox 431 3774 487 3797; x_wconf 85' lang='lat' dir='ltr'>eos</span> <span class='ocrx_word' id='word_1_539' title='bbox 496 3760 535 3796; x_wconf 88' lang='lat' dir='ltr'>ad</span> <span class='ocrx_word' id='word_1_540' title='bbox 547 3772 675 3797; x_wconf 85' lang='lat' dir='ltr'>metum</span> <span class='ocrx_word' id='word_1_541' title='bbox 685 3776 884 3811; x_wconf 84' lang='lat' dir='ltr'>compungat</span> <span class='ocrx_word' id='word_1_542' title='bbox 894 3790 907 3807; x_wconf 88' lang='lat'>‚</span> <span class='ocrx_word' id='word_1_543' title='bbox 924 3769 981 3810; x_wconf 82' lang='lat' dir='ltr'>qui</span> <span class='ocrx_word' id='word_1_544' title='bbox 993 3765 1082 3802; x_wconf 84' lang='lat' dir='ltr'>brevi</span> <span class='ocrx_word' id='word_1_545' title='bbox 1094 3765 1169 3812; x_wconf 77' lang='lat' dir='ltr'>post</span> <span class='ocrx_word' id='word_1_546' title='bbox 1177 3766 1355 3813; x_wconf 73' lang='lat' dir='ltr'>expuendo</span> 
     </span>
     <span class='ocr_line' id='line_1_72' title="bbox 430 3809 1359 3855; baseline 0.006 -9"><span class='ocrx_word' id='word_1_547' title='bbox 430 3813 584 3855; x_wconf 80' lang='lat' dir='ltr'>injuriam</span> <span class='ocrx_word' id='word_1_548' title='bbox 608 3809 726 3848; x_wconf 66' lang='lat' dir='ltr'>facturi</span> <span class='ocrx_word' id='word_1_549' title='bbox 747 3825 840 3849; x_wconf 84' lang='lat' dir='ltr'>erant</span> <span class='ocrx_word' id='word_1_550' title='bbox 857 3837 867 3846; x_wconf 83' lang='lat'><strong>.</strong></span> <span class='ocrx_word' id='word_1_551' title='bbox 893 3818 968 3851; x_wconf 76' lang='lat' dir='ltr'>Nec</span> <span class='ocrx_word' id='word_1_552' title='bbox 987 3814 1030 3851; x_wconf 85' lang='lat' dir='ltr'>fic</span> <span class='ocrx_word' id='word_1_553' title='bbox 1049 3827 1156 3852; x_wconf 78' lang='lat' dir='ltr'>tamen</span> <span class='ocrx_word' id='word_1_554' title='bbox 1174 3815 1359 3852; x_wconf 80' lang='lat' dir='ltr'>furentium</span> 
     </span>
    </p>
   </div>
   <div class='ocr_carea' id='block_1_3' title="bbox 228 2254 396 2331">
    <p class='ocr_par' dir='ltr' id='par_1_17' title="bbox 228 2254 396 2331">
     <span class='ocr_line' id='line_1_73' title="bbox 228 2254 394 2284; baseline -0.006 -4"><span class='ocrx_word' id='word_1_555' title='bbox 228 2254 366 2284; x_wconf 55' lang='lat' dir='ltr'>Gemi-‘⁰3</span> <span class='ocrx_word' id='word_1_556' title='bbox 373 2256 394 2279; x_wconf 73' lang='lat'>1·</span> 
     </span>
     <span class='ocr_line' id='line_1_74' title="bbox 229 2290 396 2331; baseline 0 -11"><span class='ocrx_word' id='word_1_557' title='bbox 229 2294 304 2331; x_wconf 54' lang='lat' dir='ltr'>psal.</span> <span class='ocrx_word' id='word_1_558' title='bbox 325 2290 396 2323; x_wconf 51' lang='lat'>14⁸,</span> 
     </span>
    </p>
   </div>
   <div class='ocr_carea' id='block_1_4' title="bbox 245 3705 418 3781">
    <p class='ocr_par' dir='ltr' id='par_1_18' title="bbox 245 3705 418 3781">
     <span class='ocr_line' id='line_1_75' title="bbox 245 3705 418 3740; baseline 0.012 -2"><span class='ocrx_word' id='word_1_559' title='bbox 245 3705 339 3739; x_wconf 71' lang='lat' dir='ltr'>‘Ratio</span> <span class='ocrx_word' id='word_1_560' title='bbox 362 3709 418 3740; x_wconf 86' lang='lat' dir='ltr'>alia</span> 
     </span>
     <span class='ocr_line' id='line_1_76' title="bbox 250 3750 404 3781; baseline 0.006 -1"><span class='ocrx_word' id='word_1_561' title='bbox 250 3750 387 3780; x_wconf 85' lang='lat' dir='ltr'>moralior</span> <span class='ocrx_word' id='word_1_562' title='bbox 396 3772 404 3781; x_wconf 83' lang='lat'><strong>.</strong></span> 
     </span>
    </p>
   </div>
   <div class='ocr_carea' id='block_1_5' title="bbox 781 203 1961 267">
    <p class='ocr_par' dir='ltr' id='par_1_19' title="bbox 781 203 1961 267">
     <span class='ocr_line' id='line_1_77' title="bbox 781 203 1961 267; baseline -0.003 -1"><span class='ocrx_word' id='word_1_563' title='bbox 781 209 1094 267; x_wconf 77' lang='lat' dir='ltr'>SANCT1</span> <span class='ocrx_word' id='word_1_564' title='bbox 1153 203 1519 266; x_wconf 68' lang='lat' dir='ltr'>ASTER1‘1</span> <span class='ocrx_word' id='word_1_565' title='bbox 1580 207 1961 265; x_wconf 70' lang='lat' dir='ltr'>HoMi-LIA</span> 
     </span>
    </p>
   </div>
   <div class='ocr_carea' id='block_1_6' title="bbox 1413 299 2528 1307">
    <p class='ocr_par' dir='ltr' id='par_1_20' title="bbox 1413 299 2528 1307">
     <span class='ocr_line' id='line_1_78' title="bbox 1416 299 2344 348; baseline 0 -12"><span class='ocrx_word' id='word_1_566' title='bbox 1416 301 1545 340; x_wconf 78' lang='lat' dir='ltr'>inflexit</span> <span class='ocrx_word' id='word_1_567' title='bbox 1562 302 1730 342; x_wconf 80' lang='lat' dir='ltr'>audaciam</span> <span class='ocrx_word' id='word_1_568' title='bbox 1748 314 1769 339; x_wconf 63' lang='grc' dir='ltr'>ς,</span> <span class='ocrx_word' id='word_1_569' title='bbox 1782 301 1946 348; x_wconf 79' lang='lat' dir='ltr'>quinfuit</span> <span class='ocrx_word' id='word_1_570' title='bbox 1957 300 2069 338; x_wconf 86' lang='lat' dir='ltr'>multis</span> <span class='ocrx_word' id='word_1_571' title='bbox 2089 299 2214 338; x_wconf 84' lang='lat' dir='ltr'>oblitus</span> <span class='ocrx_word' id='word_1_572' title='bbox 2224 300 2344 348; x_wconf 63' lang='lat' dir='ltr'>sputis3</span> 
     </span>
     <span class='ocr_line' id='line_1_79' title="bbox 1415 349 2528 401; baseline 0.003 -13"><span class='ocrx_word' id='word_1_573' title='bbox 1415 356 1474 401; x_wconf 85' lang='lat' dir='ltr'>qui</span> <span class='ocrx_word' id='word_1_574' title='bbox 1499 352 1599 399; x_wconf 86' lang='lat' dir='ltr'>sputo</span> <span class='ocrx_word' id='word_1_575' title='bbox 1623 364 1694 390; x_wconf 83' lang='lat' dir='ltr'>rem</span> <span class='ocrx_word' id='word_1_576' title='bbox 1720 351 1880 396; x_wconf 80' lang='lat' dir='ltr'>ejusmodi</span> <span class='ocrx_word' id='word_1_577' title='bbox 1905 349 2040 399; x_wconf 68' lang='lat' dir='ltr'>gessisset</span> <span class='ocrx_word' id='word_1_578' title='bbox 2058 377 2067 386; x_wconf 86' lang='lat'><em>.</em></span> <span class='ocrx_word' id='word_1_579' title='bbox 2093 354 2192 392; x_wconf 81' lang='lat' dir='ltr'>Primi</span> <span class='ocrx_word' id='word_1_580' title='bbox 2217 351 2344 393; x_wconf 77' lang='lat' dir='ltr'>ordinis</span> <span class='ocrx_word' id='word_1_581' title='bbox 2359 358 2438 397; x_wconf 80' lang='lat' dir='ltr'>Quid</span> <span class='ocrx_word' id='word_1_582' title='bbox 2456 359 2528 392; x_wconf 82' lang='lat' dir='ltr'>velit</span> 
     </span>
     <span class='ocr_line' id='line_1_80' title="bbox 1414 400 2510 446; baseline -0.008 -7"><span class='ocrx_word' id='word_1_583' title='bbox 1414 406 1608 439; x_wconf 83' lang='lat' dir='ltr'>creatricem</span> <span class='ocrx_word' id='word_1_584' title='bbox 1628 405 1784 438; x_wconf 65' lang='lat' dir='ltr'>virtutem</span> <span class='ocrx_word' id='word_1_585' title='bbox 1804 406 1836 437; x_wconf 86' lang='lat' dir='ltr'>in</span> <span class='ocrx_word' id='word_1_586' title='bbox 1847 415 1923 439; x_wconf 82' lang='lat' dir='ltr'>eum</span> <span class='ocrx_word' id='word_1_587' title='bbox 1949 403 2090 443; x_wconf 82' lang='lat' dir='ltr'>modum</span> <span class='ocrx_word' id='word_1_588' title='bbox 2101 401 2260 441; x_wconf 77' lang='lat' dir='ltr'>ostendit·</span> <span class='ocrx_word' id='word_1_589' title='bbox 2289 406 2343 442; x_wconf 84' lang='lat' dir='ltr'>Ae</span> <span class='ocrx_word' id='word_1_590' title='bbox 2359 400 2510 446; x_wconf 71' lang='lat' dir='ltr'>imperata¹</span> 
     </span>
     <span class='ocr_line' id='line_1_81' title="bbox 1415 439 2526 511; baseline -0.003 -22"><span class='ocrx_word' id='word_1_591' title='bbox 1415 453 1549 500; x_wconf 83' lang='lat' dir='ltr'>quidem</span> <span class='ocrx_word' id='word_1_592' title='bbox 1570 451 1718 497; x_wconf 73' lang='lat' dir='ltr'>jubendo</span> <span class='ocrx_word' id='word_1_593' title='bbox 1743 451 1840 489; x_wconf 81' lang='lat' dir='ltr'>lavari</span> <span class='ocrx_word' id='word_1_594' title='bbox 1860 456 1892 489; x_wconf 85' lang='lat' dir='ltr'>in</span> <span class='ocrx_word' id='word_1_595' title='bbox 1911 451 2036 501; x_wconf 79' lang='lat' dir='ltr'>piscina</span> <span class='ocrx_word' id='word_1_596' title='bbox 2053 453 2145 489; x_wconf 77' lang='lat' dir='ltr'>Siloe</span> <span class='ocrx_word' id='word_1_597' title='bbox 2160 475 2173 495; x_wconf 88' lang='lat'>,</span> <span class='ocrx_word' id='word_1_598' title='bbox 2198 450 2343 492; x_wconf 74' lang='lat' dir='ltr'>futuram</span> <span class='ocrx_word' id='word_1_599' title='bbox 2358 439 2471 511; x_wconf 58' lang='lat' dir='ltr'>}0‘¹Q¹¹¹</span> <span class='ocrx_word' id='word_1_600' title='bbox 2482 442 2526 471; x_wconf 76' lang='lat'>3¹·</span> 
     </span>
     <span class='ocr_line' id='line_1_82' title="bbox 1416 489 2424 550; baseline 0.003 -11"><span class='ocrx_word' id='word_1_601' title='bbox 1416 502 1514 540; x_wconf 85' lang='lat' dir='ltr'>nobis</span> <span class='ocrx_word' id='word_1_602' title='bbox 1529 502 1662 545; x_wconf 84' lang='lat' dir='ltr'>salutem</span> <span class='ocrx_word' id='word_1_603' title='bbox 1683 515 1740 549; x_wconf 84' lang='lat' dir='ltr'>per</span> <span class='ocrx_word' id='word_1_604' title='bbox 1758 515 1875 550; x_wconf 84' lang='lat' dir='ltr'>aquam</span> <span class='ocrx_word' id='word_1_605' title='bbox 1895 506 2023 546; x_wconf 83' lang='lat' dir='ltr'>innuit,</span> <span class='ocrx_word' id='word_1_606' title='bbox 2046 499 2280 550; x_wconf 69' lang='lat' dir='ltr'>quam-Mitius</span> <span class='ocrx_word' id='word_1_607' title='bbox 2297 505 2346 542; x_wconf 58' lang='lat' dir='ltr'>Si*</span> <span class='ocrx_word' id='word_1_608' title='bbox 2370 489 2424 514; x_wconf 47' lang='grc' dir='ltr'>οβ’</span> 
     </span>
     <span class='ocr_line' id='line_1_83' title="bbox 1415 552 2345 595; baseline 0 -6"><span class='ocrx_word' id='word_1_609' title='bbox 1415 553 1469 590; x_wconf 86' lang='lat' dir='ltr'>loe</span> <span class='ocrx_word' id='word_1_610' title='bbox 1479 552 1637 592; x_wconf 72' lang='lat' dir='ltr'>universus</span> <span class='ocrx_word' id='word_1_611' title='bbox 1652 554 1806 590; x_wconf 84' lang='lat' dir='ltr'>conceflit</span> <span class='ocrx_word' id='word_1_612' title='bbox 1818 578 1826 587; x_wconf 91' lang='lat'><strong>.</strong></span> <span class='ocrx_word' id='word_1_613' title='bbox 1853 555 1953 592; x_wconf 80' lang='lat' dir='ltr'>Tunc</span> <span class='ocrx_word' id='word_1_614' title='bbox 1964 557 2050 590; x_wconf 83' lang='lat' dir='ltr'>enim</span> <span class='ocrx_word' id='word_1_615' title='bbox 2061 554 2143 591; x_wconf 82' lang='lat' dir='ltr'>bene</span> <span class='ocrx_word' id='word_1_616' title='bbox 2162 553 2314 593; x_wconf 67' lang='lat' dir='ltr'>videmus</span> <span class='ocrx_word' id='word_1_617' title='bbox 2331 577 2345 595; x_wconf 88' lang='lat'>,</span> 
     </span>
     <span class='ocr_line' id='line_1_84' title="bbox 1415 600 2345 650; baseline 0.002 -11"><span class='ocrx_word' id='word_1_618' title='bbox 1415 616 1491 640; x_wconf 89' lang='lat' dir='ltr'>cum</span> <span class='ocrx_word' id='word_1_619' title='bbox 1509 615 1592 648; x_wconf 88' lang='lat' dir='ltr'>aqua</span> <span class='ocrx_word' id='word_1_620' title='bbox 1612 600 1751 650; x_wconf 86' lang='lat' dir='ltr'>mystica</span> <span class='ocrx_word' id='word_1_621' title='bbox 1774 604 1921 640; x_wconf 84' lang='lat' dir='ltr'>mundati</span> <span class='ocrx_word' id='word_1_622' title='bbox 1941 603 2098 641; x_wconf 77' lang='lat' dir='ltr'>fuerimus</span> <span class='ocrx_word' id='word_1_623' title='bbox 2119 630 2138 640; x_wconf 37' lang='grc'>.«</span> <span class='ocrx_word' id='word_1_624' title='bbox 2164 605 2264 644; x_wconf 80' lang='lat' dir='ltr'>Tunc</span> <span class='ocrx_word' id='word_1_625' title='bbox 2286 615 2345 643; x_wconf 73' lang='lat' dir='ltr'>nos</span> 
     </span>
     <span class='ocr_line' id='line_1_85' title="bbox 1414 652 2347 702; baseline 0 -14"><span class='ocrx_word' id='word_1_626' title='bbox 1414 656 1523 700; x_wconf 83' lang='lat' dir='ltr'>gratiae</span> <span class='ocrx_word' id='word_1_627' title='bbox 1549 652 1660 689; x_wconf 87' lang='lat' dir='ltr'>lumen</span> <span class='ocrx_word' id='word_1_628' title='bbox 1680 654 1915 700; x_wconf 78' lang='lat' dir='ltr'>circumfulget</span> <span class='ocrx_word' id='word_1_629' title='bbox 1933 679 1946 696; x_wconf 90' lang='lat'>,</span> <span class='ocrx_word' id='word_1_630' title='bbox 1970 667 2046 690; x_wconf 90' lang='lat' dir='ltr'>cum</span> <span class='ocrx_word' id='word_1_631' title='bbox 2059 653 2218 702; x_wconf 86' lang='lat' dir='ltr'>Baptismi</span> <span class='ocrx_word' id='word_1_632' title='bbox 2243 655 2347 689; x_wconf 86' lang='lat' dir='ltr'>virtus</span> 
     </span>
     <span class='ocr_line' id='line_1_86' title="bbox 1414 702 2347 752; baseline 0 -14"><span class='ocrx_word' id='word_1_633' title='bbox 1414 714 1626 751; x_wconf 86' lang='lat' dir='ltr'>peccatorum</span> <span class='ocrx_word' id='word_1_634' title='bbox 1647 702 1758 739; x_wconf 87' lang='lat' dir='ltr'>sordes</span> <span class='ocrx_word' id='word_1_635' title='bbox 1777 704 1983 752; x_wconf 81' lang='lat' dir='ltr'>maculasque</span> <span class='ocrx_word' id='word_1_636' title='bbox 2002 704 2136 740; x_wconf 87' lang='lat' dir='ltr'>eluerit.</span> <span class='ocrx_word' id='word_1_637' title='bbox 2163 707 2347 752; x_wconf 86' lang='lat' dir='ltr'>Quotquot</span> 
     </span>
     <span class='ocr_line' id='line_1_87' title="bbox 1417 752 2347 801; baseline 0.001 -13"><span class='ocrx_word' id='word_1_638' title='bbox 1417 767 1498 788; x_wconf 89' lang='lat' dir='ltr'>vero</span> <span class='ocrx_word' id='word_1_639' title='bbox 1518 752 1648 799; x_wconf 84' lang='lat' dir='ltr'>jubente</span> <span class='ocrx_word' id='word_1_640' title='bbox 1667 752 1754 789; x_wconf 87' lang='lat' dir='ltr'>Siloe</span> <span class='ocrx_word' id='word_1_641' title='bbox 1771 754 1938 797; x_wconf 80' lang='lat' dir='ltr'>lavamur,</span> <span class='ocrx_word' id='word_1_642' title='bbox 1963 754 2104 801; x_wconf 78' lang='lat' dir='ltr'>spiritale</span> <span class='ocrx_word' id='word_1_643' title='bbox 2124 755 2272 794; x_wconf 74' lang='lat' dir='ltr'>videmus</span> <span class='ocrx_word' id='word_1_644' title='bbox 2295 753 2347 789; x_wconf 92' lang='lat' dir='ltr'>lu—</span> 
     </span>
     <span class='ocr_line' id='line_1_88' title="bbox 1417 802 2347 849; baseline 0.002 -11"><span class='ocrx_word' id='word_1_645' title='bbox 1417 817 1492 840; x_wconf 83' lang='lat' dir='ltr'>men</span> <span class='ocrx_word' id='word_1_646' title='bbox 1506 830 1517 846; x_wconf 91' lang='lat'>‚</span> <span class='ocrx_word' id='word_1_647' title='bbox 1543 803 1634 849; x_wconf 89' lang='lat' dir='ltr'>quod</span> <span class='ocrx_word' id='word_1_648' title='bbox 1645 802 1806 840; x_wconf 87' lang='lat' dir='ltr'>illuminat</span> <span class='ocrx_word' id='word_1_649' title='bbox 1817 817 1953 843; x_wconf 89' lang='lat' dir='ltr'>omnem</span> <span class='ocrx_word' id='word_1_650' title='bbox 1971 802 2141 842; x_wconf 84' lang='lat' dir='ltr'>hominem</span> <span class='ocrx_word' id='word_1_651' title='bbox 2159 807 2347 841; x_wconf 87' lang='lat' dir='ltr'>venientem</span> 
     </span>
     <span class='ocr_line' id='line_1_89' title="bbox 1416 836 2527 902; baseline 0.001 -13"><span class='ocrx_word' id='word_1_652' title='bbox 1416 857 1449 889; x_wconf 85' lang='lat' dir='ltr'>in</span> <span class='ocrx_word' id='word_1_653' title='bbox 1463 854 1624 890; x_wconf 88' lang='lat' dir='ltr'>mundum</span> <span class='ocrx_word' id='word_1_654' title='bbox 1634 881 1641 888; x_wconf 94' lang='lat'><strong><em>.</em></strong></span> <span class='ocrx_word' id='word_1_655' title='bbox 1667 856 1703 889; x_wconf 85' lang='lat' dir='ltr'>O</span> <span class='ocrx_word' id='word_1_656' title='bbox 1716 854 1912 893; x_wconf 85' lang='lat' dir='ltr'>miraculum</span> <span class='ocrx_word' id='word_1_657' title='bbox 1924 881 1932 895; x_wconf 89' lang='lat'>,</span> <span class='ocrx_word' id='word_1_658' title='bbox 1953 867 1990 890; x_wconf 89' lang='lat' dir='ltr'>ac</span> <span class='ocrx_word' id='word_1_659' title='bbox 1999 858 2068 890; x_wconf 87' lang='lat' dir='ltr'>vim</span> <span class='ocrx_word' id='word_1_660' title='bbox 2079 866 2228 902; x_wconf 83' lang='lat' dir='ltr'>magnam</span> <span class='ocrx_word' id='word_1_661' title='bbox 2249 855 2258 891; x_wconf 87' lang='lat'>!</span> <span class='ocrx_word' id='word_1_662' title='bbox 2286 856 2347 891; x_wconf 77' lang='lat' dir='ltr'>Di·</span> <span class='ocrx_word' id='word_1_663' title='bbox 2357 836 2527 896; x_wconf 44' lang='lat' dir='ltr'>J⁰¹m⁶²¹¹³⁸3</span> 
     </span>
     <span class='ocr_line' id='line_1_90' title="bbox 1416 903 2348 952; baseline 0 -11"><span class='ocrx_word' id='word_1_664' title='bbox 1416 904 1518 943; x_wconf 76' lang='lat' dir='ltr'>scessit</span> <span class='ocrx_word' id='word_1_665' title='bbox 1539 916 1559 941; x_wconf 81' lang='lat' dir='ltr'>e</span> <span class='ocrx_word' id='word_1_666' title='bbox 1579 903 1698 951; x_wconf 82' lang='lat' dir='ltr'>piscina</span> <span class='ocrx_word' id='word_1_667' title='bbox 1715 907 1772 952; x_wconf 90' lang='lat' dir='ltr'>qui</span> <span class='ocrx_word' id='word_1_668' title='bbox 1796 904 1896 952; x_wconf 81' lang='lat' dir='ltr'>paulo</span> <span class='ocrx_word' id='word_1_669' title='bbox 1914 916 1989 941; x_wconf 86' lang='lat' dir='ltr'>ante</span> <span class='ocrx_word' id='word_1_670' title='bbox 2000 916 2206 946; x_wconf 60' lang='lat' dir='ltr'>commetat,</span> <span class='ocrx_word' id='word_1_671' title='bbox 2230 916 2348 947; x_wconf 69' lang='lat' dir='ltr'>oruata</span> 
     </span>
     <span class='ocr_line' id='line_1_91' title="bbox 1415 953 2349 1002; baseline -0.002 -10"><span class='ocrx_word' id='word_1_672' title='bbox 1415 954 1496 992; x_wconf 81' lang='lat' dir='ltr'>facie</span> <span class='ocrx_word' id='word_1_673' title='bbox 1521 953 1699 991; x_wconf 85' lang='lat' dir='ltr'>oculorum</span> <span class='ocrx_word' id='word_1_674' title='bbox 1725 956 1892 995; x_wconf 68' lang='lat' dir='ltr'>auctario,</span> <span class='ocrx_word' id='word_1_675' title='bbox 1917 954 1998 992; x_wconf 86' lang='lat' dir='ltr'>Solis</span> <span class='ocrx_word' id='word_1_676' title='bbox 2027 954 2132 1002; x_wconf 87' lang='lat' dir='ltr'>probe</span> <span class='ocrx_word' id='word_1_677' title='bbox 2153 955 2280 994; x_wconf 78' lang='lat' dir='ltr'>radium</span> <span class='ocrx_word' id='word_1_678' title='bbox 2299 958 2349 990; x_wconf 76' lang='lat' dir='ltr'>vi-</span> 
     </span>
     <span class='ocr_line' id='line_1_92' title="bbox 1416 1005 2348 1054; baseline 0 -14"><span class='ocrx_word' id='word_1_679' title='bbox 1416 1005 1514 1042; x_wconf 73' lang='lat' dir='ltr'>dens.</span> <span class='ocrx_word' id='word_1_680' title='bbox 1542 1007 1683 1045; x_wconf 79' lang='lat' dir='ltr'>Vicinos</span> <span class='ocrx_word' id='word_1_681' title='bbox 1699 1017 1735 1041; x_wconf 92' lang='lat' dir='ltr'>ac</span> <span class='ocrx_word' id='word_1_682' title='bbox 1757 1017 1857 1041; x_wconf 85' lang='lat' dir='ltr'>notos</span> <span class='ocrx_word' id='word_1_683' title='bbox 1868 1018 1917 1042; x_wconf 88' lang='lat' dir='ltr'>res</span> <span class='ocrx_word' id='word_1_684' title='bbox 1935 1008 2066 1044; x_wconf 85' lang='lat' dir='ltr'>tantain</span> <span class='ocrx_word' id='word_1_685' title='bbox 2089 1005 2258 1054; x_wconf 75' lang='lat' dir='ltr'>stuporem</span> <span class='ocrx_word' id='word_1_686' title='bbox 2277 1018 2348 1041; x_wconf 84' lang='lat' dir='ltr'>ver·</span> 
     </span>
     <span class='ocr_line' id='line_1_93' title="bbox 1417 1054 2351 1099; baseline 0 -7"><span class='ocrx_word' id='word_1_687' title='bbox 1417 1055 1504 1094; x_wconf 68' lang='lat' dir='ltr'>tebet</span> <span class='ocrx_word' id='word_1_688' title='bbox 1515 1069 1525 1095; x_wconf 70' lang='lat'>5</span> <span class='ocrx_word' id='word_1_689' title='bbox 1551 1054 1702 1097; x_wconf 82' lang='lat' dir='ltr'>turbabat</span> <span class='ocrx_word' id='word_1_690' title='bbox 1722 1055 1793 1093; x_wconf 88' lang='lat' dir='ltr'>sane</span> <span class='ocrx_word' id='word_1_691' title='bbox 1812 1058 2087 1098; x_wconf 66' lang='lat' dir='ltr'>novatur-ationis</span> <span class='ocrx_word' id='word_1_692' title='bbox 2097 1058 2351 1099; x_wconf 41' lang='lat' dir='ltr'>fatidicum&amp;-</span> 
     </span>
     <span class='ocr_line' id='line_1_94' title="bbox 1415 1104 2351 1154; baseline 0.002 -12"><span class='ocrx_word' id='word_1_693' title='bbox 1415 1105 1471 1142; x_wconf 86' lang='lat' dir='ltr'>bat</span> <span class='ocrx_word' id='word_1_694' title='bbox 1491 1106 1608 1143; x_wconf 86' lang='lat' dir='ltr'>urbem</span> <span class='ocrx_word' id='word_1_695' title='bbox 1628 1104 1735 1143; x_wconf 83' lang='lat' dir='ltr'>homo</span> <span class='ocrx_word' id='word_1_696' title='bbox 1754 1106 1896 1151; x_wconf 65' lang='lat' dir='ltr'>videns,</span> <span class='ocrx_word' id='word_1_697' title='bbox 1913 1119 1984 1154; x_wconf 80' lang='lat' dir='ltr'>quo</span> <span class='ocrx_word' id='word_1_698' title='bbox 2003 1119 2184 1150; x_wconf 74' lang='lat' dir='ltr'>novumac</span> <span class='ocrx_word' id='word_1_699' title='bbox 2202 1104 2351 1150; x_wconf 70' lang='lat' dir='ltr'>mirabile</span> 
     </span>
     <span class='ocr_line' id='line_1_95' title="bbox 1415 1154 2354 1205; baseline 0 -13"><span class='ocrx_word' id='word_1_700' title='bbox 1415 1157 1539 1193; x_wconf 58' lang='lat' dir='ltr'>factum</span> <span class='ocrx_word' id='word_1_701' title='bbox 1559 1169 1646 1205; x_wconf 73' lang='lat' dir='ltr'>opus</span> <span class='ocrx_word' id='word_1_702' title='bbox 1663 1168 1777 1198; x_wconf 74' lang='lat' dir='ltr'>omues</span> <span class='ocrx_word' id='word_1_703' title='bbox 1796 1157 1968 1200; x_wconf 75' lang='lat' dir='ltr'>viderent,</span> <span class='ocrx_word' id='word_1_704' title='bbox 1991 1170 2009 1199; x_wconf 82' lang='lat' dir='ltr'>a</span> <span class='ocrx_word' id='word_1_705' title='bbox 2025 1157 2098 1200; x_wconf 83' lang='lat' dir='ltr'>Jesu</span> <span class='ocrx_word' id='word_1_706' title='bbox 2109 1167 2188 1197; x_wconf 75' lang='lat' dir='ltr'>nato</span> <span class='ocrx_word' id='word_1_707' title='bbox 2199 1160 2232 1198; x_wconf 82' lang='lat' dir='ltr'>in</span> <span class='ocrx_word' id='word_1_708' title='bbox 2249 1154 2354 1198; x_wconf 84' lang='lat' dir='ltr'>Beth-</span> 
     </span>
     <span class='ocr_line' id='line_1_96' title="bbox 1414 1205 2353 1256; baseline 0.001 -14"><span class='ocrx_word' id='word_1_709' title='bbox 1414 1206 1520 1248; x_wconf 67' lang='lat' dir='ltr'>leemt</span> <span class='ocrx_word' id='word_1_710' title='bbox 1539 1220 1556 1243; x_wconf 86' lang='lat' dir='ltr'>a</span> <span class='ocrx_word' id='word_1_711' title='bbox 1569 1205 1687 1254; x_wconf 74' lang='lat' dir='ltr'>pusillo</span> <span class='ocrx_word' id='word_1_712' title='bbox 1697 1206 1889 1247; x_wconf 81' lang='lat' dir='ltr'>illoinsante</span> <span class='ocrx_word' id='word_1_713' title='bbox 1899 1232 1912 1250; x_wconf 92' lang='lat'>,</span> <span class='ocrx_word' id='word_1_714' title='bbox 1930 1211 2050 1256; x_wconf 41' lang='lat' dir='ltr'>,pannis</span> <span class='ocrx_word' id='word_1_715' title='bbox 2061 1206 2260 1250; x_wconf 66' lang='lat' dir='ltr'>mvolutoin</span> <span class='ocrx_word' id='word_1_716' title='bbox 2268 1219 2353 1254; x_wconf 56' lang='lat' dir='ltr'>praa·</span> 
     </span>
     <span class='ocr_line' id='line_1_97' title="bbox 1413 1256 2528 1307; baseline 0.001 -14"><span class='ocrx_word' id='word_1_717' title='bbox 1413 1257 1525 1304; x_wconf 76' lang='lat' dir='ltr'>sepio.</span> <span class='ocrx_word' id='word_1_718' title='bbox 1554 1259 1636 1299; x_wconf 59' lang='lat' dir='ltr'>Haec</span> <span class='ocrx_word' id='word_1_719' title='bbox 1645 1260 1736 1299; x_wconf 78' lang='lat' dir='ltr'>enim</span> <span class='ocrx_word' id='word_1_720' title='bbox 1755 1258 1888 1307; x_wconf 70' lang='lat' dir='ltr'>Judaeos</span> <span class='ocrx_word' id='word_1_721' title='bbox 1899 1256 2137 1301; x_wconf 58' lang='lat' dir='ltr'>morabantur„</span> <span class='ocrx_word' id='word_1_722' title='bbox 2161 1268 2251 1298; x_wconf 84' lang='lat' dir='ltr'>utne</span> <span class='ocrx_word' id='word_1_723' title='bbox 2270 1259 2354 1297; x_wconf 76' lang='lat' dir='ltr'>Dci-</span> <span class='ocrx_word' id='word_1_724' title='bbox 2489 1278 2491 1280; x_wconf 89' lang='lat'><em>-</em></span> <span class='ocrx_word' id='word_1_725' title='bbox 2507 1264 2528 1281; x_wconf 58' lang='lat'><em>³</em></span> 
     </span>
    </p>
   </div>
   <div class='ocr_carea' id='block_1_7' title="bbox 1394 1307 1688 1349">
    <p class='ocr_par' dir='ltr' id='par_1_21' title="bbox 1394 1307 1688 1349">
     <span class='ocr_line' id='line_1_98' title="bbox 1394 1307 1688 1349; baseline -0.003 -5"><span class='ocrx_word' id='word_1_726' title='bbox 1394 1332 1398 1335; x_wconf 60' lang='grc'><strong>»</strong></span> <span class='ocrx_word' id='word_1_727' title='bbox 1414 1310 1471 1349; x_wconf 79' lang='lat' dir='ltr'>tati</span> <span class='ocrx_word' id='word_1_728' title='bbox 1494 1307 1668 1346; x_wconf 85' lang='lat' dir='ltr'>crederent</span> <span class='ocrx_word' id='word_1_729' title='bbox 1678 1334 1688 1346; x_wconf 83' lang='grc'>,</span> 
     </span>
    </p>
   </div>
   <div class='ocr_carea' id='block_1_8' title="bbox 1410 1356 2539 3899">
    <p class='ocr_par' dir='ltr' id='par_1_22' title="bbox 1412 1356 2539 1859">
     <span class='ocr_line' id='line_1_99' title="bbox 1465 1356 2351 1404; baseline 0.005 -10"><span class='ocrx_word' id='word_1_730' title='bbox 1465 1359 1561 1404; x_wconf 84' lang='lat' dir='ltr'>Ergo</span> <span class='ocrx_word' id='word_1_731' title='bbox 1578 1356 1670 1397; x_wconf 85' lang='lat' dir='ltr'>stulti</span> <span class='ocrx_word' id='word_1_732' title='bbox 1696 1370 1732 1397; x_wconf 84' lang='lat' dir='ltr'>ac</span> <span class='ocrx_word' id='word_1_733' title='bbox 1749 1358 1832 1400; x_wconf 78' lang='lat' dir='ltr'>tradi</span> <span class='ocrx_word' id='word_1_734' title='bbox 1860 1359 1962 1398; x_wconf 86' lang='lat' dir='ltr'>corde</span> <span class='ocrx_word' id='word_1_735' title='bbox 1983 1361 1991 1400; x_wconf 76' lang='grc' dir='ltr'><strong>Ξ</strong></span> <span class='ocrx_word' id='word_1_736' title='bbox 2019 1358 2224 1401; x_wconf 58' lang='lat' dir='ltr'>considerate</span> <span class='ocrx_word' id='word_1_737' title='bbox 2239 1360 2351 1400; x_wconf 69' lang='lat' dir='ltr'>animo</span> 
     </span>
     <span class='ocr_line' id='line_1_100' title="bbox 1413 1407 2351 1456; baseline 0.001 -13"><span class='ocrx_word' id='word_1_738' title='bbox 1413 1407 1743 1455; x_wconf 73' lang='lat' dir='ltr'>quotquotasaeculo</span> <span class='ocrx_word' id='word_1_739' title='bbox 1753 1407 1885 1450; x_wconf 66' lang='lat' dir='ltr'>fuerunt,</span> <span class='ocrx_word' id='word_1_740' title='bbox 1894 1409 2050 1450; x_wconf 80' lang='lat' dir='ltr'>homines</span> <span class='ocrx_word' id='word_1_741' title='bbox 2067 1423 2077 1451; x_wconf 68' lang='grc' dir='ltr'><strong>ς</strong></span> <span class='ocrx_word' id='word_1_742' title='bbox 2102 1412 2295 1456; x_wconf 69' lang='lat' dir='ltr'>incipientes</span> <span class='ocrx_word' id='word_1_743' title='bbox 2310 1407 2351 1452; x_wconf 63' lang='lat' dir='ltr'>ab</span> 
     </span>
     <span class='ocr_line' id='line_1_101' title="bbox 1415 1457 2350 1508; baseline 0.004 -14"><span class='ocrx_word' id='word_1_744' title='bbox 1415 1459 1547 1498; x_wconf 66' lang='lat' dir='ltr'>Adanu</span> <span class='ocrx_word' id='word_1_745' title='bbox 1566 1470 1693 1499; x_wconf 66' lang='lat' dir='ltr'>‚omnes</span> <span class='ocrx_word' id='word_1_746' title='bbox 1712 1457 1869 1506; x_wconf 75' lang='lat' dir='ltr'>deinceps</span> <span class='ocrx_word' id='word_1_747' title='bbox 1893 1460 2083 1508; x_wconf 76' lang='lat' dir='ltr'>investigate</span> <span class='ocrx_word' id='word_1_748' title='bbox 2101 1484 2114 1503; x_wconf 93' lang='lat'>,</span> <span class='ocrx_word' id='word_1_749' title='bbox 2149 1468 2230 1501; x_wconf 81' lang='lat' dir='ltr'>num</span> <span class='ocrx_word' id='word_1_750' title='bbox 2254 1458 2350 1507; x_wconf 72' lang='lat' dir='ltr'>quod</span> 
     </span>
     <span class='ocr_line' id='line_1_102' title="bbox 1415 1507 2350 1558; baseline 0.006 -14"><span class='ocrx_word' id='word_1_751' title='bbox 1415 1508 1524 1549; x_wconf 86' lang='lat' dir='ltr'>modo</span> <span class='ocrx_word' id='word_1_752' title='bbox 1542 1508 1664 1545; x_wconf 64' lang='lat' dir='ltr'>{aestum</span> <span class='ocrx_word' id='word_1_753' title='bbox 1688 1507 1735 1544; x_wconf 81' lang='lat' dir='ltr'>est</span> <span class='ocrx_word' id='word_1_754' title='bbox 1754 1534 1767 1551; x_wconf 92' lang='lat'>,</span> <span class='ocrx_word' id='word_1_755' title='bbox 1794 1509 1854 1548; x_wconf 93' lang='lat' dir='ltr'>sub</span> <span class='ocrx_word' id='word_1_756' title='bbox 1872 1510 1940 1551; x_wconf 80' lang='lat' dir='ltr'>aliis</span> <span class='ocrx_word' id='word_1_757' title='bbox 1958 1523 2095 1558; x_wconf 83' lang='lat' dir='ltr'>quoque</span> <span class='ocrx_word' id='word_1_758' title='bbox 2115 1509 2238 1551; x_wconf 52' lang='lat' dir='ltr'>fiissu&#39;m</span> <span class='ocrx_word' id='word_1_759' title='bbox 2257 1521 2350 1557; x_wconf 75' lang='lat' dir='ltr'>tepe-</span> 
     </span>
     <span class='ocr_line' id='line_1_103' title="bbox 1413 1559 2352 1607; baseline 0.001 -12"><span class='ocrx_word' id='word_1_760' title='bbox 1413 1562 1522 1601; x_wconf 79' lang='lat' dir='ltr'>riatis;</span> <span class='ocrx_word' id='word_1_761' title='bbox 1542 1572 1624 1596; x_wconf 88' lang='lat' dir='ltr'>num</span> <span class='ocrx_word' id='word_1_762' title='bbox 1636 1559 1815 1603; x_wconf 64' lang='lat' dir='ltr'>saeculum,</span> <span class='ocrx_word' id='word_1_763' title='bbox 1839 1560 2183 1607; x_wconf 72' lang='lat' dir='ltr'>eutationiaejusmodi</span> <span class='ocrx_word' id='word_1_764' title='bbox 2194 1559 2352 1606; x_wconf 78' lang='lat' dir='ltr'>exemplo</span> 
     </span>
     <span class='ocr_line' id='line_1_104' title="bbox 1412 1595 2539 1669; baseline 0.003 -23"><span class='ocrx_word' id='word_1_765' title='bbox 1412 1609 1542 1646; x_wconf 85' lang='lat' dir='ltr'>illustre</span> <span class='ocrx_word' id='word_1_766' title='bbox 1568 1621 1720 1649; x_wconf 78' lang='lat' dir='ltr'>occurrat</span> <span class='ocrx_word' id='word_1_767' title='bbox 1739 1610 1752 1649; x_wconf 76' lang='grc' dir='ltr'>ἓ</span> <span class='ocrx_word' id='word_1_768' title='bbox 1788 1609 1984 1659; x_wconf 69' lang='lat' dir='ltr'>rursumque</span> <span class='ocrx_word' id='word_1_769' title='bbox 2002 1611 2045 1652; x_wconf 81' lang='lat' dir='ltr'>ad</span> <span class='ocrx_word' id='word_1_770' title='bbox 2064 1610 2251 1649; x_wconf 62' lang='lat' dir='ltr'>irrisionem</span> <span class='ocrx_word' id='word_1_771' title='bbox 2272 1613 2353 1653; x_wconf 57' lang='lat' dir='ltr'>&amp;Dor</span> <span class='ocrx_word' id='word_1_772' title='bbox 2365 1595 2539 1669; x_wconf 33' lang='lat' dir='ltr'>ymni&amp;</span> 
     </span>
     <span class='ocr_line' id='line_1_105' title="bbox 1413 1645 2524 1707; baseline 0.002 -12"><span class='ocrx_word' id='word_1_773' title='bbox 1413 1663 1496 1702; x_wconf 83' lang='lat' dir='ltr'>mini</span> <span class='ocrx_word' id='word_1_774' title='bbox 1508 1664 1596 1703; x_wconf 80' lang='lat' dir='ltr'>mei,</span> <span class='ocrx_word' id='word_1_775' title='bbox 1622 1658 1768 1707; x_wconf 67' lang='lat' dir='ltr'>proferte</span> <span class='ocrx_word' id='word_1_776' title='bbox 1779 1660 1860 1697; x_wconf 88' lang='lat' dir='ltr'>fabri</span> <span class='ocrx_word' id='word_1_777' title='bbox 1881 1659 2004 1703; x_wconf 75' lang='lat' dir='ltr'>Filium</span> <span class='ocrx_word' id='word_1_778' title='bbox 2017 1688 2030 1705; x_wconf 87' lang='lat'>,</span> <span class='ocrx_word' id='word_1_779' title='bbox 2054 1663 2147 1707; x_wconf 89' lang='lat' dir='ltr'>cujus</span> <span class='ocrx_word' id='word_1_780' title='bbox 2168 1660 2272 1703; x_wconf 76' lang='lat' dir='ltr'>sciatis</span> <span class='ocrx_word' id='word_1_781' title='bbox 2286 1659 2353 1703; x_wconf 73' lang='lat' dir='ltr'>fra,-</span> <span class='ocrx_word' id='word_1_782' title='bbox 2390 1645 2458 1676; x_wconf 72' lang='lat'>’5⁵&#39;</span> <span class='ocrx_word' id='word_1_783' title='bbox 2519 1664 2524 1670; x_wconf 90' lang='lat'>&#39;</span> 
     </span>
     <span class='ocr_line' id='line_1_106' title="bbox 1420 1710 2354 1756; baseline 0.004 -10"><span class='ocrx_word' id='word_1_784' title='bbox 1420 1722 1486 1748; x_wconf 89' lang='lat' dir='ltr'>tres</span> <span class='ocrx_word' id='word_1_785' title='bbox 1506 1737 1519 1755; x_wconf 93' lang='lat'>,</span> <span class='ocrx_word' id='word_1_786' title='bbox 1553 1712 1646 1756; x_wconf 84' lang='lat' dir='ltr'>cujus</span> <span class='ocrx_word' id='word_1_787' title='bbox 1670 1710 1811 1754; x_wconf 85' lang='lat' dir='ltr'>domum</span> <span class='ocrx_word' id='word_1_788' title='bbox 1830 1724 1867 1748; x_wconf 85' lang='lat' dir='ltr'>ac</span> <span class='ocrx_word' id='word_1_789' title='bbox 1887 1711 2045 1753; x_wconf 63' lang='lat' dir='ltr'>Familiam</span> <span class='ocrx_word' id='word_1_790' title='bbox 2068 1713 2258 1753; x_wconf 56' lang='lat' dir='ltr'>noveritisa</span> <span class='ocrx_word' id='word_1_791' title='bbox 2279 1713 2354 1754; x_wconf 64' lang='lat' dir='ltr'>Stat</span> 
     </span>
     <span class='ocr_line' id='line_1_107' title="bbox 1419 1759 2355 1809; baseline 0 -12"><span class='ocrx_word' id='word_1_792' title='bbox 1419 1761 1535 1798; x_wconf 87' lang='lat' dir='ltr'>dentes</span> <span class='ocrx_word' id='word_1_793' title='bbox 1556 1760 1696 1804; x_wconf 77' lang='lat' dir='ltr'>humilia</span> <span class='ocrx_word' id='word_1_794' title='bbox 1705 1764 1818 1797; x_wconf 90' lang='lat' dir='ltr'>omnia</span> <span class='ocrx_word' id='word_1_795' title='bbox 1830 1761 2038 1809; x_wconf 82' lang='lat' dir='ltr'>percensere,</span> <span class='ocrx_word' id='word_1_796' title='bbox 2064 1761 2206 1803; x_wconf 66' lang='lat' dir='ltr'>multam</span> <span class='ocrx_word' id='word_1_797' title='bbox 2215 1759 2355 1806; x_wconf 61' lang='lat' dir='ltr'>vestram</span> 
     </span>
     <span class='ocr_line' id='line_1_108' title="bbox 1421 1810 2358 1859; baseline 0.001 -12"><span class='ocrx_word' id='word_1_798' title='bbox 1421 1811 1614 1859; x_wconf 79' lang='lat' dir='ltr'>profundite</span> <span class='ocrx_word' id='word_1_799' title='bbox 1634 1811 1900 1853; x_wconf 72' lang='lat' dir='ltr'>incredulitatem</span> <span class='ocrx_word' id='word_1_800' title='bbox 1921 1836 1929 1846; x_wconf 93' lang='lat'>.</span> <span class='ocrx_word' id='word_1_801' title='bbox 1959 1812 2066 1857; x_wconf 84' lang='lat' dir='ltr'>Quod</span> <span class='ocrx_word' id='word_1_802' title='bbox 2086 1811 2198 1852; x_wconf 63' lang='lat' dir='ltr'>{irem</span> <span class='ocrx_word' id='word_1_803' title='bbox 2219 1810 2358 1858; x_wconf 66' lang='lat' dir='ltr'>eiusmof·</span> 
     </span>
    </p>

    <p class='ocr_par' dir='ltr' id='par_1_23' title="bbox 1421 1860 2400 2166">
     <span class='ocr_line' id='line_1_109' title="bbox 1421 1860 2359 1910; baseline 0.006 -13"><span class='ocrx_word' id='word_1_804' title='bbox 1421 1862 1456 1897; x_wconf 90' lang='lat' dir='ltr'>di</span> <span class='ocrx_word' id='word_1_805' title='bbox 1478 1874 1539 1904; x_wconf 87' lang='lat' dir='ltr'>nec</span> <span class='ocrx_word' id='word_1_806' title='bbox 1558 1861 1732 1910; x_wconf 78' lang='lat' dir='ltr'>quisquam</span> <span class='ocrx_word' id='word_1_807' title='bbox 1753 1866 1894 1910; x_wconf 80' lang='lat' dir='ltr'>patravit</span> <span class='ocrx_word' id='word_1_808' title='bbox 1913 1861 2022 1903; x_wconf 79' lang='lat' dir='ltr'>homo</span> <span class='ocrx_word' id='word_1_809' title='bbox 2042 1887 2055 1904; x_wconf 91' lang='lat'>‚</span> <span class='ocrx_word' id='word_1_810' title='bbox 2081 1874 2189 1910; x_wconf 75' lang='lat' dir='ltr'>neque</span> <span class='ocrx_word' id='word_1_811' title='bbox 2198 1873 2276 1901; x_wconf 73' lang='lat' dir='ltr'>aetas</span> <span class='ocrx_word' id='word_1_812' title='bbox 2291 1860 2359 1903; x_wconf 59' lang='lat' dir='ltr'>ulla</span> 
     </span>
     <span class='ocr_line' id='line_1_110' title="bbox 1422 1911 2359 1960; baseline 0.004 -12"><span class='ocrx_word' id='word_1_813' title='bbox 1422 1911 1486 1948; x_wconf 88' lang='lat' dir='ltr'>tale</span> <span class='ocrx_word' id='word_1_814' title='bbox 1508 1912 1591 1960; x_wconf 86' lang='lat' dir='ltr'>quid</span> <span class='ocrx_word' id='word_1_815' title='bbox 1611 1921 1777 1954; x_wconf 61' lang='lat' dir='ltr'>narratum</span> <span class='ocrx_word' id='word_1_816' title='bbox 1794 1913 1943 1956; x_wconf 76' lang='lat' dir='ltr'>audivit,</span> <span class='ocrx_word' id='word_1_817' title='bbox 1956 1911 2108 1954; x_wconf 18' lang='lat' dir='ltr'>,vestram</span> <span class='ocrx_word' id='word_1_818' title='bbox 2127 1912 2185 1959; x_wconf 77' lang='lat' dir='ltr'>ipsi</span> <span class='ocrx_word' id='word_1_819' title='bbox 2203 1913 2359 1956; x_wconf 72' lang='lat' dir='ltr'>damnan-</span> 
     </span>
     <span class='ocr_line' id='line_1_111' title="bbox 1421 1961 2400 2011; baseline 0.002 -12"><span class='ocrx_word' id='word_1_820' title='bbox 1421 1962 1661 2007; x_wconf 83' lang='lat' dir='ltr'>tesinscitiam,</span> <span class='ocrx_word' id='word_1_821' title='bbox 1685 1961 1726 1998; x_wconf 87' lang='lat' dir='ltr'>ad</span> <span class='ocrx_word' id='word_1_822' title='bbox 1738 1966 1910 2006; x_wconf 85' lang='lat' dir='ltr'>veritatem</span> <span class='ocrx_word' id='word_1_823' title='bbox 1919 1964 2075 2011; x_wconf 82' lang='lat' dir='ltr'>deinceps</span> <span class='ocrx_word' id='word_1_824' title='bbox 2086 1962 2259 2010; x_wconf 79' lang='lat' dir='ltr'>respicite.</span> <span class='ocrx_word' id='word_1_825' title='bbox 2284 1965 2359 2001; x_wconf 74' lang='lat' dir='ltr'>Vos</span> <span class='ocrx_word' id='word_1_826' title='bbox 2396 1975 2400 1978; x_wconf 67' lang='grc'><em>’</em></span> 
     </span>
     <span class='ocr_line' id='line_1_112' title="bbox 1421 2012 2362 2064; baseline 0 -12"><span class='ocrx_word' id='word_1_827' title='bbox 1421 2026 1560 2064; x_wconf 83' lang='lat' dir='ltr'>quoque</span> <span class='ocrx_word' id='word_1_828' title='bbox 1577 2013 1735 2058; x_wconf 73' lang='lat' dir='ltr'>lavamini</span> <span class='ocrx_word' id='word_1_829' title='bbox 1750 2017 1784 2051; x_wconf 91' lang='lat' dir='ltr'>in</span> <span class='ocrx_word' id='word_1_830' title='bbox 1805 2013 1924 2063; x_wconf 75' lang='lat' dir='ltr'>siloe,</span> <span class='ocrx_word' id='word_1_831' title='bbox 1937 2024 1987 2056; x_wconf 69' lang='lat' dir='ltr'>,ut</span> <span class='ocrx_word' id='word_1_832' title='bbox 2006 2026 2047 2055; x_wconf 87' lang='lat' dir='ltr'>ne</span> <span class='ocrx_word' id='word_1_833' title='bbox 2066 2016 2102 2050; x_wconf 76' lang='lat' dir='ltr'>in</span> <span class='ocrx_word' id='word_1_834' title='bbox 2119 2012 2225 2055; x_wconf 76' lang='lat' dir='ltr'>vestra</span> <span class='ocrx_word' id='word_1_835' title='bbox 2242 2014 2362 2052; x_wconf 72' lang='lat' dir='ltr'>moria-</span> 
     </span>
     <span class='ocr_line' id='line_1_113' title="bbox 1423 2069 1696 2106; baseline 0.006 -5"><span class='ocrx_word' id='word_1_836' title='bbox 1423 2069 1507 2106; x_wconf 81' lang='lat' dir='ltr'>mini</span> <span class='ocrx_word' id='word_1_837' title='bbox 1527 2070 1696 2106; x_wconf 77' lang='lat' dir='ltr'>coecitate.</span> 
     </span>
     <span class='ocr_line' id='line_1_114' title="bbox 1429 2111 2370 2166; baseline -0.003 -11"><span class='ocrx_word' id='word_1_838' title='bbox 1429 2133 1433 2135; x_wconf 92' lang='lat'>·</span> <span class='ocrx_word' id='word_1_839' title='bbox 1473 2119 1660 2158; x_wconf 85' lang='lat' dir='ltr'>Enimvero</span> <span class='ocrx_word' id='word_1_840' title='bbox 1685 2118 1771 2157; x_wconf 85' lang='lat' dir='ltr'>nihil</span> <span class='ocrx_word' id='word_1_841' title='bbox 1794 2117 1843 2158; x_wconf 86' lang='lat' dir='ltr'>illi</span> <span class='ocrx_word' id='word_1_842' title='bbox 1872 2117 1967 2166; x_wconf 85' lang='lat' dir='ltr'>quod</span> <span class='ocrx_word' id='word_1_843' title='bbox 1991 2118 2253 2164; x_wconf 64' lang='lat' dir='ltr'>opempretium</span> <span class='ocrx_word' id='word_1_844' title='bbox 2267 2111 2370 2160; x_wconf 55' lang='lat' dir='ltr'>essee„</span> 
     </span>
    </p>

    <p class='ocr_par' dir='ltr' id='par_1_24' title="bbox 1410 2164 2534 2661">
     <span class='ocr_line' id='line_1_115' title="bbox 1410 2164 2360 2208; baseline -0.005 -4"><span class='ocrx_word' id='word_1_845' title='bbox 1410 2203 1411 2206; x_wconf 73' lang='grc'>,</span> <span class='ocrx_word' id='word_1_846' title='bbox 1422 2172 1504 2207; x_wconf 91' lang='lat' dir='ltr'>Non</span> <span class='ocrx_word' id='word_1_847' title='bbox 1516 2169 1623 2208; x_wconf 85' lang='lat' dir='ltr'>sermo</span> <span class='ocrx_word' id='word_1_848' title='bbox 1631 2169 1812 2208; x_wconf 60' lang='lat' dir='ltr'>audiebam</span> <span class='ocrx_word' id='word_1_849' title='bbox 1820 2183 1833 2204; x_wconf 83' lang='lat'>=</span> <span class='ocrx_word' id='word_1_850' title='bbox 1854 2164 2078 2202; x_wconf 75' lang='lat' dir='ltr'>non-docebat</span> <span class='ocrx_word' id='word_1_851' title='bbox 2087 2165 2196 2199; x_wconf 60' lang='lat' dir='ltr'>aetio:</span> <span class='ocrx_word' id='word_1_852' title='bbox 2221 2175 2289 2198; x_wconf 85' lang='lat' dir='ltr'>non</span> <span class='ocrx_word' id='word_1_853' title='bbox 2299 2166 2360 2199; x_wconf 74' lang='lat' dir='ltr'>mi-</span> 
     </span>
     <span class='ocr_line' id='line_1_116' title="bbox 1421 2211 2360 2258; baseline -0.003 -6"><span class='ocrx_word' id='word_1_854' title='bbox 1421 2218 1734 2255; x_wconf 60' lang='lat' dir='ltr'>mulomaevmus</span> <span class='ocrx_word' id='word_1_855' title='bbox 1748 2211 1928 2249; x_wconf 73' lang='lat' dir='ltr'>fleetebar:</span> <span class='ocrx_word' id='word_1_856' title='bbox 1952 2222 2070 2247; x_wconf 84' lang='lat' dir='ltr'>contra</span> <span class='ocrx_word' id='word_1_857' title='bbox 2079 2223 2194 2251; x_wconf 72' lang='lat' dir='ltr'>autem</span> <span class='ocrx_word' id='word_1_858' title='bbox 2214 2225 2272 2258; x_wconf 81' lang='lat' dir='ltr'>pei·</span> <span class='ocrx_word' id='word_1_859' title='bbox 2297 2215 2360 2248; x_wconf 74' lang='lat' dir='ltr'>im⁴</span> 
     </span>
     <span class='ocr_line' id='line_1_117' title="bbox 1418 2260 2360 2309; baseline 0 -13"><span class='ocrx_word' id='word_1_860' title='bbox 1418 2261 1561 2308; x_wconf 85' lang='lat' dir='ltr'>probam</span> <span class='ocrx_word' id='word_1_861' title='bbox 1579 2265 1801 2309; x_wconf 81' lang='lat' dir='ltr'>arrogantiam</span> <span class='ocrx_word' id='word_1_862' title='bbox 1811 2261 1971 2299; x_wconf 82' lang='lat' dir='ltr'>sexcentis</span> <span class='ocrx_word' id='word_1_863' title='bbox 1983 2260 2092 2296; x_wconf 85' lang='lat' dir='ltr'>modis</span> <span class='ocrx_word' id='word_1_864' title='bbox 2102 2260 2278 2297; x_wconf 83' lang='lat' dir='ltr'>obscurare</span> <span class='ocrx_word' id='word_1_865' title='bbox 2287 2273 2360 2296; x_wconf 84' lang='lat' dir='ltr'>om-</span> 
     </span>
     <span class='ocr_line' id='line_1_118' title="bbox 1416 2309 2359 2348; baseline 0 -1"><span class='ocrx_word' id='word_1_866' title='bbox 1416 2314 1471 2348; x_wconf 86' lang='lat' dir='ltr'>nia</span> <span class='ocrx_word' id='word_1_867' title='bbox 1479 2324 1516 2346; x_wconf 88' lang='lat' dir='ltr'>ac</span> <span class='ocrx_word' id='word_1_868' title='bbox 1535 2311 1671 2346; x_wconf 85' lang='lat' dir='ltr'>irridere</span> <span class='ocrx_word' id='word_1_869' title='bbox 1690 2309 1879 2346; x_wconf 75' lang='lat' dir='ltr'>tentabant-</span> <span class='ocrx_word' id='word_1_870' title='bbox 1905 2312 2016 2346; x_wconf 86' lang='lat' dir='ltr'>Porro</span> <span class='ocrx_word' id='word_1_871' title='bbox 2033 2310 2078 2344; x_wconf 84' lang='lat' dir='ltr'>eis</span> <span class='ocrx_word' id='word_1_872' title='bbox 2099 2312 2134 2344; x_wconf 84' lang='lat' dir='ltr'>&#39;m</span> <span class='ocrx_word' id='word_1_873' title='bbox 2153 2312 2359 2347; x_wconf 80' lang='lat' dir='ltr'>contrarium</span> 
     </span>
     <span class='ocr_line' id='line_1_119' title="bbox 1416 2359 2400 2404; baseline 0.002 -11"><span class='ocrx_word' id='word_1_874' title='bbox 1416 2359 1556 2394; x_wconf 83' lang='lat' dir='ltr'>versutia</span> <span class='ocrx_word' id='word_1_875' title='bbox 1574 2359 1729 2398; x_wconf 79' lang='lat' dir='ltr'>cedebat.</span> <span class='ocrx_word' id='word_1_876' title='bbox 1755 2361 1839 2402; x_wconf 87' lang='lat' dir='ltr'>Quo</span> <span class='ocrx_word' id='word_1_877' title='bbox 1849 2360 1937 2394; x_wconf 83' lang='lat' dir='ltr'>enim</span> <span class='ocrx_word' id='word_1_878' title='bbox 1955 2359 2357 2404; x_wconf 72' lang='lat' dir='ltr'>magiserantjncreduli,</span> <span class='ocrx_word' id='word_1_879' title='bbox 2398 2386 2400 2389; x_wconf 37' lang='lat'><strong>⁴</strong></span> 
     </span>
     <span class='ocr_line' id='line_1_120' title="bbox 1413 2406 2356 2456; baseline 0.002 -13"><span class='ocrx_word' id='word_1_880' title='bbox 1413 2407 1549 2454; x_wconf 87' lang='lat' dir='ltr'>aliisque</span> <span class='ocrx_word' id='word_1_881' title='bbox 1568 2420 1604 2447; x_wconf 83' lang='lat' dir='ltr'>ac</span> <span class='ocrx_word' id='word_1_882' title='bbox 1613 2408 1683 2446; x_wconf 82' lang='lat' dir='ltr'>aliis</span> <span class='ocrx_word' id='word_1_883' title='bbox 1701 2406 2014 2456; x_wconf 78' lang='lat' dir='ltr'>interrogationibus</span> <span class='ocrx_word' id='word_1_884' title='bbox 2034 2421 2108 2445; x_wconf 85' lang='lat' dir='ltr'>rem</span> <span class='ocrx_word' id='word_1_885' title='bbox 2117 2409 2273 2448; x_wconf 81' lang='lat' dir='ltr'>demoliri</span> <span class='ocrx_word' id='word_1_886' title='bbox 2289 2408 2356 2448; x_wconf 69' lang='lat' dir='ltr'>stur·</span> 
     </span>
     <span class='ocr_line' id='line_1_121' title="bbox 1412 2456 2352 2506; baseline 0.003 -13"><span class='ocrx_word' id='word_1_887' title='bbox 1412 2456 1555 2501; x_wconf 90' lang='lat' dir='ltr'>debant,</span> <span class='ocrx_word' id='word_1_888' title='bbox 1581 2460 1774 2506; x_wconf 77' lang='lat' dir='ltr'>eoamplius</span> <span class='ocrx_word' id='word_1_889' title='bbox 1795 2462 1913 2494; x_wconf 80' lang='lat' dir='ltr'>veritas</span> <span class='ocrx_word' id='word_1_890' title='bbox 1932 2457 2192 2495; x_wconf 79' lang='lat' dir='ltr'>confirmabatur</span> <span class='ocrx_word' id='word_1_891' title='bbox 2211 2474 2224 2497; x_wconf 71' lang='grc' dir='ltr'>ε.</span> <span class='ocrx_word' id='word_1_892' title='bbox 2246 2460 2352 2499; x_wconf 51' lang='lat' dir='ltr'>idem*</span> 
     </span>
     <span class='ocr_line' id='line_1_122' title="bbox 1412 2508 2412 2558; baseline 0.004 -14"><span class='ocrx_word' id='word_1_893' title='bbox 1412 2521 1477 2556; x_wconf 86' lang='lat' dir='ltr'>que</span> <span class='ocrx_word' id='word_1_894' title='bbox 1488 2511 1533 2544; x_wconf 89' lang='lat' dir='ltr'>eis</span> <span class='ocrx_word' id='word_1_895' title='bbox 1551 2519 1649 2557; x_wconf 83' lang='lat' dir='ltr'>atque</span> <span class='ocrx_word' id='word_1_896' title='bbox 1668 2509 1777 2550; x_wconf 80' lang='lat' dir='ltr'>bestiis</span> <span class='ocrx_word' id='word_1_897' title='bbox 1787 2508 1853 2548; x_wconf 79' lang='lat' dir='ltr'>illis</span> <span class='ocrx_word' id='word_1_898' title='bbox 1871 2508 2061 2551; x_wconf 70' lang='lat' dir='ltr'>accidebat,</span> <span class='ocrx_word' id='word_1_899' title='bbox 2087 2522 2160 2557; x_wconf 78' lang='lat' dir='ltr'>quae</span> <span class='ocrx_word' id='word_1_900' title='bbox 2176 2508 2218 2548; x_wconf 81' lang='lat' dir='ltr'>ab</span> <span class='ocrx_word' id='word_1_901' title='bbox 2235 2508 2351 2558; x_wconf 78' lang='lat' dir='ltr'>aliquo</span> <span class='ocrx_word' id='word_1_902' title='bbox 2404 2550 2412 2557; x_wconf 65' lang='grc'><strong>,</strong></span> 
     </span>
     <span class='ocr_line' id='line_1_123' title="bbox 1411 2551 2534 2607; baseline 0.003 -12"><span class='ocrx_word' id='word_1_903' title='bbox 1411 2558 1592 2598; x_wconf 67' lang='lat' dir='ltr'>vulnerata</span> <span class='ocrx_word' id='word_1_904' title='bbox 1601 2572 1662 2596; x_wconf 86' lang='lat' dir='ltr'>nec</span> <span class='ocrx_word' id='word_1_905' title='bbox 1681 2560 1832 2607; x_wconf 69' lang='lat' dir='ltr'>dumqiue</span> <span class='ocrx_word' id='word_1_906' title='bbox 1852 2570 1923 2596; x_wconf 81' lang='lat' dir='ltr'>tota</span> <span class='ocrx_word' id='word_1_907' title='bbox 1941 2558 2075 2607; x_wconf 71' lang='lat' dir='ltr'>cuspide</span> <span class='ocrx_word' id='word_1_908' title='bbox 2093 2562 2199 2596; x_wconf 70' lang='lat' dir='ltr'>ventri</span> <span class='ocrx_word' id='word_1_909' title='bbox 2216 2561 2316 2598; x_wconf 80' lang='lat' dir='ltr'>infixa</span> <span class='ocrx_word' id='word_1_910' title='bbox 2334 2565 2348 2604; x_wconf 69' lang='lat' dir='ltr'>-j</span> <span class='ocrx_word' id='word_1_911' title='bbox 2365 2551 2479 2598; x_wconf 51' lang='lat' dir='ltr'>smum</span> <span class='ocrx_word' id='word_1_912' title='bbox 2499 2553 2534 2586; x_wconf 71' lang='lat' dir='ltr'>fi·</span> 
     </span>
     <span class='ocr_line' id='line_1_124' title="bbox 1415 2592 2452 2661; baseline 0.004 -17"><span class='ocrx_word' id='word_1_913' title='bbox 1415 2622 1485 2657; x_wconf 87' lang='lat' dir='ltr'>quo</span> <span class='ocrx_word' id='word_1_914' title='bbox 1506 2613 1538 2646; x_wconf 87' lang='lat' dir='ltr'>in</span> <span class='ocrx_word' id='word_1_915' title='bbox 1561 2608 1878 2651; x_wconf 81' lang='lat' dir='ltr'>hominemirruunt</span> <span class='ocrx_word' id='word_1_916' title='bbox 1888 2613 2039 2661; x_wconf 76' lang='lat' dir='ltr'>impetu,</span> <span class='ocrx_word' id='word_1_917' title='bbox 2061 2608 2126 2651; x_wconf 84' lang='lat' dir='ltr'>fibi</span> <span class='ocrx_word' id='word_1_918' title='bbox 2142 2609 2218 2661; x_wconf 62' lang='lat' dir='ltr'>ipae</span> <span class='ocrx_word' id='word_1_919' title='bbox 2233 2622 2347 2652; x_wconf 78' lang='lat' dir='ltr'>totum</span> <span class='ocrx_word' id='word_1_920' title='bbox 2364 2592 2452 2625; x_wconf 61' lang='lat' dir='ltr'>&#39;mle’</span> 
     </span>
    </p>

    <p class='ocr_par' dir='ltr' id='par_1_25' title="bbox 1410 2659 2348 2706">
     <span class='ocr_line' id='line_1_125' title="bbox 1410 2659 2348 2706; baseline -0.005 -9"><span class='ocrx_word' id='word_1_921' title='bbox 1410 2659 1548 2706; x_wconf 83' lang='lat' dir='ltr'>adigunt</span> <span class='ocrx_word' id='word_1_922' title='bbox 1566 2661 1712 2699; x_wconf 76' lang='lat' dir='ltr'>ferrum.</span> <span class='ocrx_word' id='word_1_923' title='bbox 2312 2691 2315 2693; x_wconf 18' lang='grc' dir='ltr'><strong>Α</strong></span> <span class='ocrx_word' id='word_1_924' title='bbox 2344 2680 2348 2686; x_wconf 90' lang='grc'><strong>-</strong></span> 
     </span>
    </p>

    <p class='ocr_par' dir='ltr' id='par_1_26' title="bbox 1410 2709 2530 3101">
     <span class='ocr_line' id='line_1_126' title="bbox 1459 2709 2508 2761; baseline 0.004 -14"><span class='ocrx_word' id='word_1_925' title='bbox 1459 2711 1571 2754; x_wconf 83' lang='lat' dir='ltr'>Quod.</span> <span class='ocrx_word' id='word_1_926' title='bbox 1588 2715 1732 2759; x_wconf 80' lang='lat' dir='ltr'>primum</span> <span class='ocrx_word' id='word_1_927' title='bbox 1751 2711 1880 2750; x_wconf 86' lang='lat' dir='ltr'>curiose</span> <span class='ocrx_word' id='word_1_928' title='bbox 1897 2722 2054 2760; x_wconf 77' lang='lat' dir='ltr'>quaerunt</span> <span class='ocrx_word' id='word_1_929' title='bbox 2066 2709 2135 2749; x_wconf 83' lang='lat' dir='ltr'>hoc</span> <span class='ocrx_word' id='word_1_930' title='bbox 2152 2711 2200 2749; x_wconf 90' lang='lat' dir='ltr'>est</span> <span class='ocrx_word' id='word_1_931' title='bbox 2218 2727 2227 2750; x_wconf 73' lang='grc' dir='ltr'><strong><em>ε</em></strong></span> <span class='ocrx_word' id='word_1_932' title='bbox 2254 2716 2347 2751; x_wconf 79' lang='lat' dir='ltr'>Sitne</span> <span class='ocrx_word' id='word_1_933' title='bbox 2409 2713 2508 2761; x_wconf 71' lang='lat' dir='ltr'>Prima</span> 
     </span>
     <span class='ocr_line' id='line_1_127' title="bbox 1410 2754 2517 2826; baseline 0.005 -30"><span class='ocrx_word' id='word_1_934' title='bbox 1410 2758 1468 2796; x_wconf 78' lang='lat' dir='ltr'>hic</span> <span class='ocrx_word' id='word_1_935' title='bbox 1479 2760 1545 2808; x_wconf 89' lang='lat' dir='ltr'>ipse</span> <span class='ocrx_word' id='word_1_936' title='bbox 1555 2765 1681 2798; x_wconf 79' lang='lat' dir='ltr'>Coecus</span> <span class='ocrx_word' id='word_1_937' title='bbox 1693 2789 1702 2804; x_wconf 89' lang='lat'>‚</span> <span class='ocrx_word' id='word_1_938' title='bbox 1712 2775 1770 2799; x_wconf 88' lang='lat' dir='ltr'>nec</span> <span class='ocrx_word' id='word_1_939' title='bbox 1780 2762 1935 2810; x_wconf 69' lang='lat' dir='ltr'>ejusloeo</span> <span class='ocrx_word' id='word_1_940' title='bbox 1945 2762 2026 2800; x_wconf 83' lang='lat' dir='ltr'>alius</span> <span class='ocrx_word' id='word_1_941' title='bbox 2036 2763 2190 2810; x_wconf 82' lang='lat' dir='ltr'>proditus</span> <span class='ocrx_word' id='word_1_942' title='bbox 2199 2763 2236 2801; x_wconf 84' lang='lat' dir='ltr'>fit</span> <span class='ocrx_word' id='word_1_943' title='bbox 2246 2780 2255 2803; x_wconf 84' lang='lat'>:</span> <span class='ocrx_word' id='word_1_944' title='bbox 2267 2777 2350 2804; x_wconf 73' lang='lat' dir='ltr'>cum</span> <span class='ocrx_word' id='word_1_945' title='bbox 2363 2754 2517 2826; x_wconf 43' lang='lat' dir='ltr'>Phfflsgaeffi</span> 
     </span>
     <span class='ocr_line' id='line_1_128' title="bbox 1411 2805 2530 2867; baseline 0.003 -19"><span class='ocrx_word' id='word_1_946' title='bbox 1411 2810 1443 2848; x_wconf 87' lang='lat' dir='ltr'>se</span> <span class='ocrx_word' id='word_1_947' title='bbox 1454 2810 1557 2858; x_wconf 79' lang='lat' dir='ltr'>palam</span> <span class='ocrx_word' id='word_1_948' title='bbox 1569 2809 1679 2849; x_wconf 88' lang='lat' dir='ltr'>homo</span> <span class='ocrx_word' id='word_1_949' title='bbox 1689 2813 1795 2860; x_wconf 77' lang='lat' dir='ltr'>ipsum</span> <span class='ocrx_word' id='word_1_950' title='bbox 1804 2811 2046 2850; x_wconf 86' lang='lat' dir='ltr'>contestaretur</span> <span class='ocrx_word' id='word_1_951' title='bbox 2057 2838 2067 2855; x_wconf 90' lang='lat'>,</span> <span class='ocrx_word' id='word_1_952' title='bbox 2093 2826 2131 2850; x_wconf 83' lang='lat' dir='ltr'>ac</span> <span class='ocrx_word' id='word_1_953' title='bbox 2139 2825 2243 2852; x_wconf 88' lang='lat' dir='ltr'>totam</span> <span class='ocrx_word' id='word_1_954' title='bbox 2254 2827 2347 2853; x_wconf 78' lang='lat' dir='ltr'>cura·</span> <span class='ocrx_word' id='word_1_955' title='bbox 2363 2805 2530 2867; x_wconf 53' lang='lat' dir='ltr'>{³⁰23oe2?⁶⁸</span> 
     </span>
     <span class='ocr_line' id='line_1_129' title="bbox 1413 2861 2489 2908; baseline 0.007 -10"><span class='ocrx_word' id='word_1_956' title='bbox 1413 2863 1512 2898; x_wconf 86' lang='lat' dir='ltr'>tionis</span> <span class='ocrx_word' id='word_1_957' title='bbox 1523 2861 1638 2900; x_wconf 85' lang='lat' dir='ltr'>seriem</span> <span class='ocrx_word' id='word_1_958' title='bbox 1649 2874 1814 2901; x_wconf 81' lang='lat' dir='ltr'>enarraret</span> <span class='ocrx_word' id='word_1_959' title='bbox 1824 2889 1835 2906; x_wconf 89' lang='lat'>,</span> <span class='ocrx_word' id='word_1_960' title='bbox 1859 2875 1899 2901; x_wconf 86' lang='lat' dir='ltr'>ut</span> <span class='ocrx_word' id='word_1_961' title='bbox 1909 2863 2059 2899; x_wconf 88' lang='lat' dir='ltr'>&amp;lutum</span> <span class='ocrx_word' id='word_1_962' title='bbox 2069 2862 2213 2901; x_wconf 84' lang='lat' dir='ltr'>oblitum</span> <span class='ocrx_word' id='word_1_963' title='bbox 2229 2864 2268 2903; x_wconf 81' lang='lat' dir='ltr'>fit</span> <span class='ocrx_word' id='word_1_964' title='bbox 2277 2876 2489 2908; x_wconf 47' lang='lat' dir='ltr'>ccesmiracu·</span> 
     </span>
     <span class='ocr_line' id='line_1_130' title="bbox 1413 2912 2446 2962; baseline 0.002 -15"><span class='ocrx_word' id='word_1_965' title='bbox 1413 2914 1520 2949; x_wconf 83' lang='lat' dir='ltr'>citatis</span> <span class='ocrx_word' id='word_1_966' title='bbox 1529 2913 1743 2952; x_wconf 61' lang='lat' dir='ltr'>remediuma</span> <span class='ocrx_word' id='word_1_967' title='bbox 1754 2925 1858 2962; x_wconf 82' lang='lat' dir='ltr'>utque</span> <span class='ocrx_word' id='word_1_968' title='bbox 1868 2913 1989 2960; x_wconf 78' lang='lat' dir='ltr'>piscina</span> <span class='ocrx_word' id='word_1_969' title='bbox 2000 2912 2253 2953; x_wconf 75' lang='lat' dir='ltr'>lutumabluens</span> <span class='ocrx_word' id='word_1_970' title='bbox 2262 2940 2277 2958; x_wconf 53' lang='grc' dir='ltr'>ι</span> <span class='ocrx_word' id='word_1_971' title='bbox 2299 2919 2346 2952; x_wconf 79' lang='lat' dir='ltr'>vi·</span> <span class='ocrx_word' id='word_1_972' title='bbox 2364 2916 2426 2949; x_wconf 89' lang='lat' dir='ltr'>lum</span> <span class='ocrx_word' id='word_1_973' title='bbox 2436 2934 2446 2946; x_wconf 86' lang='lat'><strong>·</strong></span> 
     </span>
     <span class='ocr_line' id='line_1_131' title="bbox 1411 2960 2346 3012; baseline 0.003 -15"><span class='ocrx_word' id='word_1_974' title='bbox 1411 2960 1486 2998; x_wconf 86' lang='lat' dir='ltr'>sum</span> <span class='ocrx_word' id='word_1_975' title='bbox 1505 2961 1700 3010; x_wconf 78' lang='lat' dir='ltr'>praebuerit.</span> <span class='ocrx_word' id='word_1_976' title='bbox 1726 2965 1809 3003; x_wconf 84' lang='lat' dir='ltr'>Haec</span> <span class='ocrx_word' id='word_1_977' title='bbox 1827 2966 1926 3001; x_wconf 85' lang='lat' dir='ltr'>vicini</span> <span class='ocrx_word' id='word_1_978' title='bbox 1945 2962 2107 3000; x_wconf 79' lang='lat' dir='ltr'>curiosius</span> <span class='ocrx_word' id='word_1_979' title='bbox 2121 2963 2315 3012; x_wconf 81' lang='lat' dir='ltr'>indagabant</span> <span class='ocrx_word' id='word_1_980' title='bbox 2333 2989 2346 3009; x_wconf 91' lang='lat'>‚</span> 
     </span>
     <span class='ocr_line' id='line_1_132' title="bbox 1412 3011 2345 3101; baseline 0.006 -54"><span class='ocrx_word' id='word_1_981' title='bbox 1412 3011 1645 3101; x_wconf 47' lang='lat' dir='ltr'>{Lscebanrque</span> <span class='ocrx_word' id='word_1_982' title='bbox 1662 3028 1676 3051; x_wconf 68' lang='lat' dir='ltr'>a</span> <span class='ocrx_word' id='word_1_983' title='bbox 1693 3013 1903 3064; x_wconf 75' lang='lat' dir='ltr'>requirebant</span> <span class='ocrx_word' id='word_1_984' title='bbox 1920 3012 2067 3053; x_wconf 67' lang='lat' dir='ltr'>Pharisaei</span> <span class='ocrx_word' id='word_1_985' title='bbox 2079 3038 2092 3058; x_wconf 88' lang='lat'>,</span> <span class='ocrx_word' id='word_1_986' title='bbox 2117 3025 2217 3067; x_wconf 84' lang='lat' dir='ltr'>atque</span> <span class='ocrx_word' id='word_1_987' title='bbox 2234 3014 2345 3053; x_wconf 83' lang='lat' dir='ltr'>crede-</span> 
     </span>
    </p>

    <p class='ocr_par' dir='ltr' id='par_1_27' title="bbox 1413 3073 2366 3857">
     <span class='ocr_line' id='line_1_133' title="bbox 1460 3073 1992 3100; baseline -0.002 -2"><span class='ocrx_word' id='word_1_988' title='bbox 1460 3073 1513 3100; x_wconf 90' lang='lat' dir='ltr'>nt.</span> <span class='ocrx_word' id='word_1_989' title='bbox 1934 3091 1936 3093; x_wconf 95' lang='lat'>.</span> <span class='ocrx_word' id='word_1_990' title='bbox 1987 3093 1992 3097; x_wconf 81' lang='lat'><em>.</em></span> 
     </span>
     <span class='ocr_line' id='line_1_134' title="bbox 1463 3112 2366 3164; baseline 0.006 -15"><span class='ocrx_word' id='word_1_991' title='bbox 1463 3112 1681 3151; x_wconf 76' lang='lat' dir='ltr'>struesaitera</span> <span class='ocrx_word' id='word_1_992' title='bbox 1697 3112 1914 3154; x_wconf 74' lang='lat' dir='ltr'>assumebatur</span> <span class='ocrx_word' id='word_1_993' title='bbox 1923 3115 1964 3152; x_wconf 85' lang='lat' dir='ltr'>ad</span> <span class='ocrx_word' id='word_1_994' title='bbox 1983 3113 2237 3152; x_wconf 83' lang='lat' dir='ltr'>convellendum</span> <span class='ocrx_word' id='word_1_995' title='bbox 2254 3117 2348 3164; x_wconf 89' lang='lat' dir='ltr'>quod</span> <span class='ocrx_word' id='word_1_996' title='bbox 2364 3152 2366 3154; x_wconf 74' lang='grc'><strong>,</strong></span> 
     </span>
     <span class='ocr_line' id='line_1_135' title="bbox 1414 3161 2349 3206; baseline 0.003 -6"><span class='ocrx_word' id='word_1_997' title='bbox 1414 3163 1541 3200; x_wconf 61' lang='lat' dir='ltr'>factum</span> <span class='ocrx_word' id='word_1_998' title='bbox 1570 3161 1641 3199; x_wconf 75' lang='lat' dir='ltr'>ess&#39;et</span> <span class='ocrx_word' id='word_1_999' title='bbox 1660 3189 1671 3206; x_wconf 90' lang='lat'>,</span> <span class='ocrx_word' id='word_1_1000' title='bbox 1706 3176 1745 3202; x_wconf 86' lang='lat' dir='ltr'>ut</span> <span class='ocrx_word' id='word_1_1001' title='bbox 1773 3165 1944 3202; x_wconf 75' lang='lat' dir='ltr'>ostendere</span> <span class='ocrx_word' id='word_1_1002' title='bbox 1970 3175 2170 3201; x_wconf 89' lang='lat' dir='ltr'>conarentur</span> <span class='ocrx_word' id='word_1_1003' title='bbox 2196 3178 2262 3202; x_wconf 89' lang='lat' dir='ltr'>non</span> <span class='ocrx_word' id='word_1_1004' title='bbox 2288 3165 2349 3203; x_wconf 75' lang='lat' dir='ltr'>effe</span> 
     </span>
     <span class='ocr_line' id='line_1_136' title="bbox 1417 3213 2352 3263; baseline 0.002 -13"><span class='ocrx_word' id='word_1_1005' title='bbox 1417 3213 1593 3250; x_wconf 79' lang='lat' dir='ltr'>Christum</span> <span class='ocrx_word' id='word_1_1006' title='bbox 1605 3238 1615 3255; x_wconf 91' lang='lat'>,</span> <span class='ocrx_word' id='word_1_1007' title='bbox 1639 3217 1697 3260; x_wconf 88' lang='lat' dir='ltr'>qui</span> <span class='ocrx_word' id='word_1_1008' title='bbox 1716 3214 1850 3252; x_wconf 80' lang='lat' dir='ltr'>curasset</span> <span class='ocrx_word' id='word_1_1009' title='bbox 1858 3242 1873 3252; x_wconf 87' lang='grc'>..</span> <span class='ocrx_word' id='word_1_1010' title='bbox 1894 3218 1983 3261; x_wconf 89' lang='lat' dir='ltr'>Quia</span> <span class='ocrx_word' id='word_1_1011' title='bbox 2002 3228 2085 3250; x_wconf 87' lang='lat' dir='ltr'>vero</span> <span class='ocrx_word' id='word_1_1012' title='bbox 2095 3213 2202 3250; x_wconf 86' lang='lat' dir='ltr'>homo</span> <span class='ocrx_word' id='word_1_1013' title='bbox 2222 3215 2352 3263; x_wconf 87' lang='lat' dir='ltr'>sospita—</span> 
     </span>
     <span class='ocr_line' id='line_1_137' title="bbox 1415 3263 2350 3313; baseline 0.003 -13"><span class='ocrx_word' id='word_1_1014' title='bbox 1415 3274 1526 3300; x_wconf 85' lang='lat' dir='ltr'>torem</span> <span class='ocrx_word' id='word_1_1015' title='bbox 1553 3263 1711 3301; x_wconf 75' lang='lat' dir='ltr'>clamabat</span> <span class='ocrx_word' id='word_1_1016' title='bbox 1729 3290 1740 3307; x_wconf 89' lang='lat'>,</span> <span class='ocrx_word' id='word_1_1017' title='bbox 1773 3265 1893 3313; x_wconf 74' lang='lat' dir='ltr'>suaque</span> <span class='ocrx_word' id='word_1_1018' title='bbox 1911 3264 2112 3302; x_wconf 72' lang='lat' dir='ltr'>confessione</span> <span class='ocrx_word' id='word_1_1019' title='bbox 2140 3278 2177 3301; x_wconf 90' lang='lat' dir='ltr'>ac</span> <span class='ocrx_word' id='word_1_1020' title='bbox 2195 3267 2350 3313; x_wconf 83' lang='lat' dir='ltr'>praedica·</span> 
     </span>
     <span class='ocr_line' id='line_1_138' title="bbox 1414 3313 2350 3363; baseline 0.002 -13"><span class='ocrx_word' id='word_1_1021' title='bbox 1414 3317 1508 3350; x_wconf 81' lang='lat' dir='ltr'>tione</span> <span class='ocrx_word' id='word_1_1022' title='bbox 1516 3339 1528 3358; x_wconf 92' lang='lat'>,</span> <span class='ocrx_word' id='word_1_1023' title='bbox 1541 3318 1658 3361; x_wconf 83' lang='lat' dir='ltr'>gratias</span> <span class='ocrx_word' id='word_1_1024' title='bbox 1669 3314 1866 3362; x_wconf 84' lang='lat' dir='ltr'>rependebat</span> <span class='ocrx_word' id='word_1_1025' title='bbox 1875 3338 1887 3357; x_wconf 91' lang='lat'>,</span> <span class='ocrx_word' id='word_1_1026' title='bbox 1907 3327 1944 3353; x_wconf 86' lang='lat' dir='ltr'>ac</span> <span class='ocrx_word' id='word_1_1027' title='bbox 1955 3313 2157 3354; x_wconf 83' lang='lat' dir='ltr'>beneficium</span> <span class='ocrx_word' id='word_1_1028' title='bbox 2166 3314 2328 3363; x_wconf 79' lang='lat' dir='ltr'>prodebat</span> <span class='ocrx_word' id='word_1_1029' title='bbox 2339 3342 2350 3359; x_wconf 92' lang='lat'>‚</span> 
     </span>
     <span class='ocr_line' id='line_1_139' title="bbox 1416 3362 2351 3413; baseline 0.003 -13"><span class='ocrx_word' id='word_1_1030' title='bbox 1416 3363 1576 3403; x_wconf 71' lang='lat' dir='ltr'>obturatis</span> <span class='ocrx_word' id='word_1_1031' title='bbox 1584 3362 1733 3408; x_wconf 77' lang='lat' dir='ltr'>auribus,</span> <span class='ocrx_word' id='word_1_1032' title='bbox 1757 3377 1794 3401; x_wconf 80' lang='lat' dir='ltr'>ac</span> <span class='ocrx_word' id='word_1_1033' title='bbox 1805 3368 1917 3400; x_wconf 79' lang='lat' dir='ltr'>animo</span> <span class='ocrx_word' id='word_1_1034' title='bbox 1926 3365 2071 3413; x_wconf 83' lang='lat' dir='ltr'>perplexi</span> <span class='ocrx_word' id='word_1_1035' title='bbox 2083 3392 2095 3410; x_wconf 91' lang='lat'>‚</span> <span class='ocrx_word' id='word_1_1036' title='bbox 2119 3377 2179 3401; x_wconf 88' lang='lat' dir='ltr'>nec</span> <span class='ocrx_word' id='word_1_1037' title='bbox 2196 3363 2351 3403; x_wconf 80' lang='lat' dir='ltr'>habentes</span> 
     </span>
     <span class='ocr_line' id='line_1_140' title="bbox 1419 3413 2351 3463; baseline 0.003 -13"><span class='ocrx_word' id='word_1_1038' title='bbox 1419 3415 1500 3462; x_wconf 82' lang='lat' dir='ltr'>quid</span> <span class='ocrx_word' id='word_1_1039' title='bbox 1520 3425 1651 3460; x_wconf 84' lang='lat' dir='ltr'>agerent</span> <span class='ocrx_word' id='word_1_1040' title='bbox 1668 3439 1681 3458; x_wconf 86' lang='lat'>,</span> <span class='ocrx_word' id='word_1_1041' title='bbox 1713 3415 1754 3450; x_wconf 85' lang='lat' dir='ltr'>ad</span> <span class='ocrx_word' id='word_1_1042' title='bbox 1767 3413 1880 3453; x_wconf 79' lang='lat' dir='ltr'>morbi</span> <span class='ocrx_word' id='word_1_1043' title='bbox 1901 3416 2010 3451; x_wconf 78' lang='lat' dir='ltr'>rursus</span> <span class='ocrx_word' id='word_1_1044' title='bbox 2039 3414 2285 3463; x_wconf 79' lang='lat' dir='ltr'>inquisitionem</span> <span class='ocrx_word' id='word_1_1045' title='bbox 2302 3429 2351 3452; x_wconf 85' lang='lat' dir='ltr'>re-</span> 
     </span>
     <span class='ocr_line' id='line_1_141' title="bbox 1418 3463 2351 3510; baseline 0.002 -10"><span class='ocrx_word' id='word_1_1046' title='bbox 1418 3475 1555 3500; x_wconf 79' lang='lat' dir='ltr'>currunt</span> <span class='ocrx_word' id='word_1_1047' title='bbox 1574 3479 1584 3501; x_wconf 72' lang='lat' dir='ltr'><strong><em>z</em></strong></span> <span class='ocrx_word' id='word_1_1048' title='bbox 1607 3463 1781 3510; x_wconf 82' lang='lat' dir='ltr'>diligenter</span> <span class='ocrx_word' id='word_1_1049' title='bbox 1798 3465 1980 3501; x_wconf 75' lang='lat' dir='ltr'>scrutantur</span> <span class='ocrx_word' id='word_1_1050' title='bbox 1999 3490 2010 3508; x_wconf 95' lang='lat'>,</span> <span class='ocrx_word' id='word_1_1051' title='bbox 2046 3464 2128 3502; x_wconf 82' lang='lat' dir='ltr'>fitne</span> <span class='ocrx_word' id='word_1_1052' title='bbox 2145 3468 2172 3501; x_wconf 79' lang='lat' dir='ltr'>is</span> <span class='ocrx_word' id='word_1_1053' title='bbox 2190 3469 2316 3502; x_wconf 78' lang='lat' dir='ltr'>Coecus</span> <span class='ocrx_word' id='word_1_1054' title='bbox 2333 3479 2351 3502; x_wconf 93' lang='lat' dir='ltr'>a</span> 
     </span>
     <span class='ocr_line' id='line_1_142' title="bbox 1418 3512 2350 3564; baseline 0.002 -14"><span class='ocrx_word' id='word_1_1055' title='bbox 1418 3517 1611 3556; x_wconf 69' lang='lat' dir='ltr'>nativitate,</span> <span class='ocrx_word' id='word_1_1056' title='bbox 1632 3512 1847 3561; x_wconf 76' lang='lat' dir='ltr'>hominisque</span> <span class='ocrx_word' id='word_1_1057' title='bbox 1857 3525 2003 3564; x_wconf 79' lang='lat' dir='ltr'>parentes</span> <span class='ocrx_word' id='word_1_1058' title='bbox 2023 3514 2219 3559; x_wconf 80' lang='lat' dir='ltr'>consulunt,</span> <span class='ocrx_word' id='word_1_1059' title='bbox 2245 3529 2281 3552; x_wconf 84' lang='lat' dir='ltr'>ac</span> <span class='ocrx_word' id='word_1_1060' title='bbox 2291 3515 2350 3552; x_wconf 85' lang='lat' dir='ltr'>fin-</span> 
     </span>
     <span class='ocr_line' id='line_1_143' title="bbox 1415 3563 2351 3611; baseline 0.002 -11"><span class='ocrx_word' id='word_1_1061' title='bbox 1415 3563 1493 3610; x_wconf 76' lang='lat' dir='ltr'>gnla</span> <span class='ocrx_word' id='word_1_1062' title='bbox 1509 3567 1690 3602; x_wconf 75' lang='lat' dir='ltr'>accuratius</span> <span class='ocrx_word' id='word_1_1063' title='bbox 1709 3566 1869 3610; x_wconf 78' lang='lat' dir='ltr'>exigunt,</span> <span class='ocrx_word' id='word_1_1064' title='bbox 1895 3577 1964 3601; x_wconf 86' lang='lat' dir='ltr'>non</span> <span class='ocrx_word' id='word_1_1065' title='bbox 1986 3576 2023 3601; x_wconf 89' lang='lat' dir='ltr'>ut</span> <span class='ocrx_word' id='word_1_1066' title='bbox 2041 3578 2111 3601; x_wconf 89' lang='lat' dir='ltr'>rem</span> <span class='ocrx_word' id='word_1_1067' title='bbox 2129 3563 2249 3611; x_wconf 84' lang='lat' dir='ltr'>gestam</span> <span class='ocrx_word' id='word_1_1068' title='bbox 2269 3579 2351 3602; x_wconf 73' lang='lat' dir='ltr'>con»</span> 
     </span>
     <span class='ocr_line' id='line_1_144' title="bbox 1416 3612 2349 3660; baseline 0 -10"><span class='ocrx_word' id='word_1_1069' title='bbox 1416 3614 1567 3656; x_wconf 75' lang='lat' dir='ltr'>firmem,</span> <span class='ocrx_word' id='word_1_1070' title='bbox 1593 3612 1645 3650; x_wconf 88' lang='lat' dir='ltr'>sed</span> <span class='ocrx_word' id='word_1_1071' title='bbox 1656 3624 1694 3649; x_wconf 90' lang='lat' dir='ltr'>ut</span> <span class='ocrx_word' id='word_1_1072' title='bbox 1713 3615 1947 3660; x_wconf 71' lang='lat' dir='ltr'>quovismodo</span> <span class='ocrx_word' id='word_1_1073' title='bbox 1963 3614 2175 3652; x_wconf 67' lang='lat' dir='ltr'>labesaetandi</span> <span class='ocrx_word' id='word_1_1074' title='bbox 2195 3615 2349 3652; x_wconf 80' lang='lat' dir='ltr'>miraculi</span> 
     </span>
     <span class='ocr_line' id='line_1_145' title="bbox 1415 3663 2348 3713; baseline 0.001 -13"><span class='ocrx_word' id='word_1_1075' title='bbox 1415 3663 1524 3700; x_wconf 76' lang='lat' dir='ltr'>ansam</span> <span class='ocrx_word' id='word_1_1076' title='bbox 1544 3667 1699 3711; x_wconf 78' lang='lat' dir='ltr'>arripiant</span> <span class='ocrx_word' id='word_1_1077' title='bbox 1718 3688 1731 3707; x_wconf 94' lang='lat'>,</span> <span class='ocrx_word' id='word_1_1078' title='bbox 1765 3663 1898 3713; x_wconf 73' lang='lat' dir='ltr'>falsique</span> <span class='ocrx_word' id='word_1_1079' title='bbox 1921 3665 2046 3713; x_wconf 88' lang='lat' dir='ltr'>aliquid</span> <span class='ocrx_word' id='word_1_1080' title='bbox 2072 3668 2254 3702; x_wconf 87' lang='lat' dir='ltr'>commenti</span> <span class='ocrx_word' id='word_1_1081' title='bbox 2275 3677 2348 3703; x_wconf 78' lang='lat' dir='ltr'>mo—</span> 
     </span>
     <span class='ocr_line' id='line_1_146' title="bbox 1414 3712 2347 3762; baseline 0.001 -12"><span class='ocrx_word' id='word_1_1082' title='bbox 1414 3714 1556 3756; x_wconf 82' lang='lat' dir='ltr'>liantur,</span> <span class='ocrx_word' id='word_1_1083' title='bbox 1581 3712 1790 3762; x_wconf 79' lang='lat' dir='ltr'>quofidelem</span> <span class='ocrx_word' id='word_1_1084' title='bbox 1813 3714 1980 3762; x_wconf 82' lang='lat' dir='ltr'>plebema</span> <span class='ocrx_word' id='word_1_1085' title='bbox 2001 3714 2283 3752; x_wconf 83' lang='lat' dir='ltr'>studio-avertant.</span> <span class='ocrx_word' id='word_1_1086' title='bbox 2309 3717 2347 3751; x_wconf 92' lang='grc' dir='ltr'>Ο</span> 
     </span>
     <span class='ocr_line' id='line_1_147' title="bbox 1413 3763 2346 3812; baseline 0.001 -12"><span class='ocrx_word' id='word_1_1087' title='bbox 1413 3763 1630 3800; x_wconf 80' lang='lat' dir='ltr'>excellentem</span> <span class='ocrx_word' id='word_1_1088' title='bbox 1656 3763 1810 3800; x_wconf 81' lang='lat' dir='ltr'>malitiam</span> <span class='ocrx_word' id='word_1_1089' title='bbox 1831 3765 1845 3801; x_wconf 75' lang='lat' dir='ltr'>i·</span> <span class='ocrx_word' id='word_1_1090' title='bbox 1866 3767 2067 3812; x_wconf 78' lang='lat' dir='ltr'>Depugnare</span> <span class='ocrx_word' id='word_1_1091' title='bbox 2094 3776 2210 3801; x_wconf 84' lang='lat' dir='ltr'>contra</span> <span class='ocrx_word' id='word_1_1092' title='bbox 2230 3769 2346 3801; x_wconf 85' lang='lat' dir='ltr'>verita-</span> 
     </span>
     <span class='ocr_line' id='line_1_148' title="bbox 1414 3812 2346 3857; baseline 0 -8"><span class='ocrx_word' id='word_1_1093' title='bbox 1414 3824 1502 3857; x_wconf 75' lang='lat' dir='ltr'>tem,</span> <span class='ocrx_word' id='word_1_1094' title='bbox 1528 3812 1738 3854; x_wconf 61' lang='lat' dir='ltr'>neeadorare,</span> <span class='ocrx_word' id='word_1_1095' title='bbox 1754 3817 1905 3851; x_wconf 83' lang='lat' dir='ltr'>omnium</span> <span class='ocrx_word' id='word_1_1096' title='bbox 1919 3815 2128 3852; x_wconf 72' lang='lat' dir='ltr'>conditorem</span> <span class='ocrx_word' id='word_1_1097' title='bbox 2150 3829 2159 3851; x_wconf 73' lang='grc' dir='ltr'><strong><em>ε</em></strong></span> <span class='ocrx_word' id='word_1_1098' title='bbox 2186 3814 2239 3851; x_wconf 66' lang='lat' dir='ltr'>sed</span> <span class='ocrx_word' id='word_1_1099' title='bbox 2248 3812 2346 3850; x_wconf 62' lang='lat' dir='ltr'>bene»</span> 
     </span>
    </p>

    <p class='ocr_par' dir='ltr' id='par_1_28' title="bbox 2046 3863 2291 3899">
     <span class='ocr_line' id='line_1_149' title="bbox 2046 3863 2291 3899; baseline 0 -1"><span class='ocrx_word' id='word_1_1100' title='bbox 2046 3884 2047 3887; x_wconf 65' lang='lat'><em>=</em></span> <span class='ocrx_word' id='word_1_1101' title='bbox 2224 3863 2291 3899; x_wconf 84' lang='lat' dir='ltr'>fico</span> 
     </span>
    </p>
   </div>
   <div class='ocr_carea' id='block_1_9' title="bbox 2365 2992 2531 3069">
    <p class='ocr_par' dir='ltr' id='par_1_29' title="bbox 2365 2992 2531 3069">
     <span class='ocr_line' id='line_1_150' title="bbox 2383 2992 2531 3030; baseline 0.02 -3"><span class='ocrx_word' id='word_1_1102' title='bbox 2383 2995 2470 3028; x_wconf 87' lang='lat' dir='ltr'>Porte</span> <span class='ocrx_word' id='word_1_1103' title='bbox 2479 2992 2531 3030; x_wconf 78' lang='lat' dir='ltr'>nec</span> 
     </span>
     <span class='ocr_line' id='line_1_151' title="bbox 2365 3036 2481 3069; baseline -0.009 0"><span class='ocrx_word' id='word_1_1104' title='bbox 2365 3036 2481 3069; x_wconf 76' lang='lat' dir='ltr'>Altera.</span> 
     </span>
    </p>
   </div>
   <div class='ocr_carea' id='block_1_10' title="bbox 2651 1245 2652 1800">
    <p class='ocr_par' dir='ltr' id='par_1_30' title="bbox 2651 1245 2652 1800">
     <span class='ocr_line' id='line_1_152' title="bbox 2651 1245 2652 1800; baseline 0 0"><span class='ocrx_word' id='word_1_1105' title='bbox 2651 1245 2652 1800; x_wconf 95' lang='lat' dir='ltr'> </span> 
     </span>
    </p>
   </div>
   <div class='ocr_carea' id='block_1_11' title="bbox 2612 0 2652 4126">
    <p class='ocr_par' dir='ltr' id='par_1_31' title="bbox 2612 0 2652 4126">
     <span class='ocr_line' id='line_1_153' title="bbox 2612 0 2652 4126; baseline 0 0"><span class='ocrx_word' id='word_1_1106' title='bbox 2612 0 2652 4126; x_wconf 95' lang='lat' dir='ltr'> </span> 
     </span>
    </p>
   </div>
  </div>
 </body>
</html>
