2652 4126
461 261 571 334 178
655 254 926 316 sompni
971 251 1050 309 ET
1093 261 1515 312 MONUMENTA
1559 250 1706 323 QJAE
1734 246 2261 305 eRS-PROSPERL

456 367 500 392 ex
523 367 609 405 aqua
634 356 669 393 &
694 356 841 402 Spiritu,
866 362 927 386 nec
952 355 1074 397 Praeter
1099 358 1241 395 regnum
1259 348 1327 391 ejus
1337 345 1383 382 sa-

455 406 564 443 lutem
590 420 628 443 ac
655 408 759 441 vitam
785 397 965 449 possidebit
990 409 1146 435 :eternam
1168 425 1176 433 .
1203 400 1380 443 Quoniam

455 459 515 505 qui
541 470 609 492 non
635 452 889 490 manducaverit
915 461 1051 485 carnem
1078 450 1168 495 ejus;
1194 452 1228 484 &
1247 451 1305 496 qui
1333 450 1381 483 in-

454 506 609 543 credulus
629 502 676 538 est
702 501 816 543 Filio,
838 513 907 536 non
933 497 1074 536 habebit
1102 502 1233 541 vitam,
1259 497 1314 534 sed
1334 501 1383 533 ira

455 558 524 592 Dei
550 563 660 590 rnanet
685 551 782 599 super
808 563 886 587 eum
909 577 916 586 .
956 548 1014 586 Ab
1039 547 1110 586 hoc
1137 559 1278 599 peccato
1297 575 1308 591 ,
1341 546 1383 584 ab

455 604 519 641 hac
544 601 762 649 aegritudine,
787 600 829 637 ab
855 599 919 637 hac
944 603 992 636 ira
1018 602 1108 643 Dei,
1133 601 1226 643 cuius
1253 610 1384 635 natura-

453 655 532 689 liter
558 652 620 688 filii
647 650 721 687 sunt
740 676 752 694 ,
787 654 846 699 qui
873 655 976 688 etiam
1013 649 1036 685 fi
1061 663 1122 698 per
1155 660 1289 685 aetatem
1314 662 1383 685 non

452 701 578 740 habent
596 704 799 750 proprium,
824 700 965 738 trahunt
985 711 1098 736 tamen
1124 699 1292 748 originale
1310 713 1386 749 pec-

452 763 564 789 catum
586 777 599 794 ,
633 765 702 787 non
731 751 851 793 liberat
876 751 935 787 nisi
962 753 1082 797 Agnus
1108 752 1176 786 Dei
1205 753 1264 797 qui
1289 750 1384 786 tollit

451 813 586 850 peccata
614 801 758 844 mundi,
784 802 939 837 nonnisi
964 801 1122 838 Medicus
1148 804 1209 847 qui
1235 813 1306 836 non
1331 814 1386 836 ve-

451 856 502 888 nit
527 862 672 900 propter
700 851 794 888 sanos
822 878 835 895 ,
861 850 916 888 sed
942 863 1087 900 propter
1114 861 1261 899 aegrotos
1281 877 1292 893 ‚
1319 864 1390 887 non

450 902 511 938 nisi
539 902 719 945 Salvator,
744 902 786 939 de
812 902 1025 950 quodic'mm
1052 901 1100 937 est
1126 905 1242 949 generi
1268 901 1388 938 huma-

257 940 433 1007 Lug'hssff‘ffls‘
451 965 498 987 no
513 977 525 994 ,
560 956 678 997 Natus
703 951 744 996 cll
770 952 864 990 vobis
889 953 977 989 hodie
1010 953 1193 989 Salvator:
1229 964 1299 987 non
1327 951 1386 988 nisi

256 1017 345 1047 etiam
367 1016 413 1045 in.
451 1001 670 1046 Redemtor,
696 1004 789 1050 cujus
815 1003 971 1050 sanguine
996 1002 1129 1039 deletur
1151 1001 1305 1039 debitum
1327 1015 1386 1037 no-

252 1056 378 1091 fantium
451 1051 578 1089 strum.
608 1056 701 1090 Nam
727 1057 803 1102 quis
815 1054 933 1090 audeat
951 1053 1084 1095 dicere,
1112 1066 1181 1088 non
1208 1051 1269 1087 ess'e
1281 1050 1386 1088 Chriss

252 1094 429 1126 salvator&
451 1102 539 1139 stum
569 1102 747 1140 infantium
786 1103 990 1141 salvatorem
1017 1116 1078 1138 nec
1113 1103 1345 1138 redemtorem
1372 1104 1385 1138 ?

251 1137 424 1170 Rede‘mm'
448 1153 551 1190 Unde
576 1164 688 1190 autem
709 1153 817 1190 salvos
843 1154 944 1196 facit,
970 1153 993 1189 fi
1012 1152 1104 1189 nulla
1131 1156 1165 1187 in
1191 1152 1296 1188 eisest
1317 1156 1384 1188 ori-

448 1203 568 1249 ginalis
594 1203 762 1250 aegritudo
782 1205 938 1251 peccati?
964 1203 1065 1239 Unde
1091 1202 1253 1245 redimit,
1279 1202 1383 1239 finon

448 1252 595 1301 suntper
621 1256 791 1300 originem
804 1257 910 1302 primi
937 1251 1090 1289 hominis
1116 1252 1311 1289 venumdati
1323 1253 1382 1290 sub

446 1303 613 1350 peccato?
639 1302 746 1339 Nulla
769 1307 875 1350 igitur
901 1317 943 1340 ex
966 1302 1085 1339 nostro
1104 1302 1272 1345 arbitrio,
1300 1315 1382 1351 prae—

447 1364 500 1388 ter
527 1351 733 1401 baptismum
761 1352 920 1396 Christi,
946 1353 1028 1390 salus
1055 1364 1177 1391 aeterna
1203 1357 1384 1401 promitta-

446 1413 502 1438 tur
524 1401 728 1446 inflantibus,
753 1416 854 1451 quam
876 1417 944 1440 non
965 1407 1140 1452 promittit
1160 1402 1323 1451 scriptura
1334 1404 1383 1441 di-

452 1456 555 1496 vina,
583 1451 741 1501 humanis
760 1452 920 1495 omnibus
946 1457 1089 1505 ingeniis
1110 1454 1333 1503 praeferenda.

453 1560 485 1572 *v
497 1562 522 1572 ”⁶7
734 1561 770 1570 --e
786 1560 807 1566 --u
821 1560 891 1570 u--ss-
908 1559 1160 1570 —r“·⁴—⁷*—n——-

495 1633 548 1663 Ex
573 1627 676 1663 eodem
701 1626 778 1664 libro
801 1630 904 1674 primo
929 1629 966 1665 de
988 1636 1191 1674 pcccatorum
1211 1629 1333 1664 meritis

698 1680 741 1715 &⁹
761 1677 946 1725 remiffione.
975 1685 1049 1725 cap.
1075 1691 1129 1725 25.

247 1753 426 1823 „Degssquff
493 1762 674 1808 TAQUE
709 1762 796 1800 illud
823 1763 919 1811 quod
944 1766 977 1799 in
1013 1763 1204 1811 Evangelio
1230 1760 1382 1811 politum

248 1802 425 1866 ῃζῖηἳοᾝ]
516 1810 564 1846 est
585 1837 597 1853 ,
633 1817 714 1847 Erat
738 1814 841 1850 lumen
864 1823 1003 1855 verum,
1029 1815 1109 1860 quod
1133 1814 1293 1850 illuminat
1319 1826 1383 1849 om-

245 1883 314 1902 nem
336 1855 401 1906 filu,
445 1872 514 1895 nem
541 1864 721 1898 venientem
757 1866 789 1899 in
815 1863 895 1913 hunc
931 1865 1080 1900 mundum
1098 1889 1109 1906 ‚
1145 1864 1225 1899 ideo
1251 1864 1382 1900 dietum

245 1914 359 1944 minet.
447 1908 495 1945 est
519 1935 530 1952 ,
557 1915 637 1958 quia
666 1912 779 1948 nullus
806 1912 990 1949 hominum
1017 1915 1229 1951 illuminatur
1257 1914 1318 1950 nifi
1345 1914 1384 1950 il-

246 1956 404 2025 ῑ-Ῐὲῗῖἷ-εξ·
444 1959 482 1994 10
509 1960 638 1996 lumine
667 1966 817 1998 veritatis
840 1988 852 2004 ,
879 1963 973 2010 quod
1001 1967 1095 2000 Deus
1121 1964 1197 2000 est:
1224 1977 1267 2000 ne
1293 1964 1381 2012 quis—

244 2034 325 2064 Deus
373 2036 427 2065 ali·
444 2021 544 2056 quam
572 2021 709 2058 putaret
735 2011 777 2047 ab
803 2025 846 2047 eo
873 2011 902 2047 se
929 2013 1137 2057 illuminari,
1162 2029 1179 2050 a
1206 2015 1381 2062 quoaudit

244 2082 289 2103 ter
307 2057 396 2106 1-,0’mo
444 2059 620 2104 utdiscat,
647 2073 717 2097 non
744 2062 849 2104 dico,
877 2062 1117 2112 iiquemquam
1146 2065 1381 2113 magnumho-

246 2116 346 2147 docet.
445 2113 577 2146 minem
597 2136 609 2154 ,
635 2110 689 2147 sed
716 2125 776 2149 nec
803 2112 826 2149 fi
851 2114 1008 2160 angelum
1028 2119 1058 2150 ei
1085 2119 1260 2164 contingat
1278 2115 1381 2153 habe-

247 2157 480 2195 ¹·C01'·3·7·re
508 2160 692 2198 dostorem
714 2187 722 2195 ·
749 2161 947 2200 Adhibetur
973 2168 1065 2200 enim
1092 2164 1204 2201 sermo
1231 2170 1381 2202 veritatis

445 2212 654 2249 extrinsecus
681 2216 776 2249 vocis
797 2213 990 2248 ministerio
1009 2210 1219 2258 corporalis,
1248 2225 1381 2247 verum-

446 2270 587 2303 tamen,
613 2272 709 2306 neque
735 2264 789 2304 qui
813 2262 943 2304 plantat
967 2259 1008 2301 esi
1033 2261 1154 2304 aliquid
1169 2283 1180 2300 ,
1207 2271 1303 2303 neque
1328 2262 1382 2302 qui

447 2314 556 2355 rigat,
576 2311 632 2354 sed
643 2313 698 2355 qui
717 2312 938 2345 incrementum
965 2311 1022 2344 dat
1040 2316 1139 2344 Deus.
1167 2308 1382 2359 Auditquip-

449 2373 493 2410 pe
519 2359 631 2396 homo
654 2359 822 2395 dicentem
850 2359 904 2394 vel
932 2357 1109 2394 hominem
1123 2359 1176 2393 vel
1203 2359 1382 2405 angelum,

451 2410 507 2446 sed
532 2419 570 2445 ut
596 2408 713 2444 sentiat
733 2412 766 2443 &
793 2406 975 2452 cognoscat
994 2420 1114 2443 verum
1141 2406 1202 2442 effe
1229 2408 1322 2454 quod
1332 2408 1381 2443 di-

451 2464 565 2502 citur,
591 2457 654 2495 illo
681 2457 809 2492 lumine
832 2459 920 2492 intus
948 2469 1041 2492 mens
1066 2457 1134 2501 ejus
1151 2455 1382 2504 adspergitur,

452 2509 550 2558 quod
576 2519 736 2545 aeternum
764 2517 902 2547 manet,
928 2506 1022 2554 quod
1048 2509 1148 2542 etiam
1175 2509 1209 2542 in
1235 2506 1382 2543 tenebris

263 2552 566 2599 ⁵91s²piess·lucet.
592 2558 654 2596 Sed
681 2557 761 2593 ficut
788 2556 837 2592 sol
864 2555 923 2592 iste
948 2569 966 2592 a
992 2561 1084 2592 caecis
1104 2582 1116 2599 ,
1141 2560 1299 2605 quamvis
1324 2570 1382 2593 eos

258 2594 439 2664 ffissfbfssdug
455 2609 521 2649 suis
545 2609 648 2646 radiis
672 2607 825 2656 quodam
853 2606 962 2642 modo
989 2606 1129 2650 vestiat,
1155 2606 1197 2643 fic
1216 2607 1257 2643 ab
1276 2607 1384 2643 stulti-

262 2655 355 2705 stuffi}
378 2684 439 2704 non
456 2664 511 2697 tiae
538 2658 686 2696 tenebris
713 2671 782 2694 non
809 2656 1135 2705 comprehenditur.

262 2715 392 2745 videtur.
510 2715 583 2748 Cur
608 2720 720 2746 autem
747 2721 825 2744 cum
852 2706 984 2743 dixiss'et
1001 2733 1014 2750 ,
1039 2709 1119 2753 quod
1144 2707 1303 2744 illuminat
1327 2722 1391 2745 om—

456 2773 526 2799 nem
543 2762 718 2797 hominem
745 2757 933 2799 addiderit,
960 2761 1139 2795 venientem
1158 2760 1189 2793 in
1212 2758 1293 2794 hunc
1302 2771 1390 2795 mun-

458 2814 532 2848 dum
559 2824 567 2846 :
593 2808 682 2846 unde
708 2806 781 2844 haec
808 2811 929 2856 opinio
954 2819 1030 2844 nata
1056 2808 1127 2850 est,
1152 2807 1246 2855 quod
1273 2811 1306 2844 in
1333 2822 1390 2844 ex-

464 2871 544 2896 ortu
570 2858 744 2908 corporali
771 2857 813 2894 ab
839 2868 938 2893 utero
965 2862 1081 2894 matris
1107 2858 1334 2895 recentiffimo
1352 2859 1390 2894 il-

461 2912 607 2948 luminet
622 2921 752 2945 mentes
778 2907 981 2945 nascentium
992 2909 1216 2957 parvulorum
1238 2922 1246 2943 ε
1273 2921 1390 2957 quam-

463 2964 515 2998 vis
534 2965 576 2997 'in
603 2963 731 2997 Graeco
758 2962 803 2995 ita
829 2958 867 2995 fit
892 2958 1039 3008 pofitum
1060 2984 1071 3001 ,
1097 2970 1135 2994 ut
1162 2959 1262 3007 possit
1288 2962 1390 2995 etiam

461 3011 602 3058 intelligi
639 3011 753 3046 lumen
790 3008 900 3057 ipsum
935 3012 1072 3052 veniens
1108 3013 1141 3045 in
1169 3009 1260 3045 hunc
1294 3022 1392 3045 mun-

464 3060 575 3097 dum:
614 3070 725 3097 tamen
753 3059 774 3095 fi
802 3058 980 3096 hominem
1020 3062 1211 3095 venientem
1240 3062 1273 3094 in
1299 3058 1391 3095 hunc

462 3110 655 3154 mundum,
682 3108 806 3146 necesse.
831 3109 879 3145 cst
904 3112 1033 3157 accipi,
1058 3120 1114 3144 aut
1141 3108 1393 3156 simpliciterdi—

470 3164 563 3198 &um
590 3158 763 3202 arbitror,
787 3158 869 3195 ficut
895 3159 1002 3195 multa
1029 3161 1062 3194 in
1073 3161 1276 3206 Scriptum,
1303 3171 1397 3206 repe-

465 3215 629 3252 riuntur,
655 3208 777 3256 quibus
803 3212 900 3244 ctiam
929 3209 1087 3244 detractis
1112 3207 1199 3243 nihil
1227 3208 1396 3245 sentcntiae

469 3265 664 3298 minuatum
689 3270 747 3295 aut
772 3257 794 3294 fi
816 3258 1112 3306 propteraliquam
1140 3258 1393 3294 distinctionem

468 3311 620 3347 additum
647 3307 708 3344 esse
734 3308 938 3344 credendum
976 3308 1023 3343 est
1045 3333 1057 3349 ,
1092 3307 1223 3344 sortasse
1249 3307 1320 3344 hoc
1346 3309 1394 3344 di-

471 3363 564 3396 &um
591 3359 664 3401 est,
690 3358 730 3394 ad
755 3357 1005 3394 discernendam
1016 3358 1197 3406 spiritalem
1226 3359 1394 3394 illumina-

468 3414 599 3445 tionem
627 3408 668 3445 ab
695 3408 754 3444 ista
774 3408 968 3457 corporali,
992 3421 1067 3456 quae
1093 3408 1158 3444 five
1179 3421 1237 3455 per
1261 3409 1393 3444 caelilu—

471 3463 636 3501 minaria,
663 3459 728 3495 five
755 3458 939 3505 quibusque
968 3457 1099 3506 ignibus
1127 3459 1295 3494 illuminat
1317 3472 1395 3494 ocu-

472 3511 526 3546 los
551 3513 678 3547 carnis;
704 3519 741 3544 ut
767 3507 945 3545 hominem
972 3512 1169 3545 interiorem
1197 3509 1321 3545 dixerit
1341 3522 1397 3544 ve-

476 3564 626 3594 nientem
656 3562 688 3593 in
715 3557 807 3594 hunc
834 3558 1023 3600 mundum,
1049 3562 1126 3606 quia
1153 3563 1303 3594 exterior
1325 3572 1399 3594 cor-

479 3619 601 3653 poreus
627 3607 672 3643 est
688 3633 699 3650 ,
726 3607 806 3644 ficut
831 3607 889 3644 hic
915 3608 1059 3644 mundus
1080 3623 1100 3646 3-
1116 3619 1286 3656 tamquam
1315 3609 1402 3645 dice-

480 3666 554 3697 ret,
579 3658 754 3694 Illuminat
780 3671 918 3694 omnem
945 3658 1124 3694 hominem
1152 3662 1344 3694 venientem
1367 3662 1399 3694 in

479 3716 604 3751 corpus
626 3731 638 3747 ,
676 3707 854 3743 secundum
884 3708 967 3744 illud
1002 3708 1095 3755 quod
1130 3708 1290 3756 scriptum
1316 3708 1364 3744 cst
1390 3723 1398 3742 :

473 3755 597 3798 ‚Sentius
626 3753 696 3795 sum
721 3760 858 3793 animam
883 3758 991 3793 bonam
1013 3783 1024 3798 ,
1059 3761 1101 3795 &
1127 3763 1203 3794 veni
1237 3762 1267 3794 in
1292 3769 1400 3803 corpus

480 3806 756 3846 incoinquinatum.
785 3806 855 3840 Aut
881 3819 963 3851 ergo
990 3806 1031 3841 fic
1058 3807 1186 3842 dietum
1214 3807 1286 3848 est,
1310 3808 1331 3842 fi
1353 3807 1400 3842 di-

475 3852 669 3889 stinctionis
694 3852 830 3897 alicujus
855 3857 957 3899 gratia
983 3855 1113 3892 dietum
1144 3854 1213 3899 est,
1238 3857 1401 3893 Illuminat

271 2951 414 2992 ’lage'gaetvar
424 2973 432 2980 .

285 3756 348 3793 Sap.
359 3755 384 3783 8.
395 3762 440 3789 ¹9·

1441 357 1560 384 omnem
1585 345 1738 382 hominem
1750 347 1929 381 venientem
1954 347 1988 380 in
2003 344 2084 382 hunc
2092 346 2260 383 mundum;
2285 354 2367 389 tam-

1441 408 1544 444 quam
1570 394 1701 432 dietum
1726 393 1804 430 ess'et
1824 408 1834 432 ;
1860 394 2037 430 Illuminat
2062 407 2203 430 omnem
2228 398 2368 431 interio-

1442 458 1516 482 rem
1542 444 1748 484 hominem
1772 448 1850 493 quia
1876 443 1988 481 homo
2007 447 2152 481 interior
2177 457 2258 482 cum
2275 458 2370 482 vera·

1442 500 1525 532 citer
1552 496 1591 531 fit
1617 495 1742 544 sapiens
1760 520 1772 537 ‚
1797 507 1878 533 ,non
1904 494 1963 530 nili
1988 494 2031 531 ab
2056 495 2119 531 illo
2155 495 2368 534 illuminatur

1443 549 1502 594 qui
1529 545 1576 582 est
1603 545 1717 583 lumen
1745 557 1893 581 iterum:
1918 554 1976 581 aut
2000 545 2024 581 fi
2049 548 2216 581 rationem
2242 545 2369 595 ipsam,

1443 609 1508 644 qua
1534 594 1678 633 humana
1706 601 1817 632 anima
1842 595 2016 631 rationalis
2040 595 2230 644 appellatur
2249 602 2266 639 ‚'
2294 610 2369 646 quae
2508 607 2516 622 Ι
2553 608 2556 615 ’

1444 649 1534 682 ratio
1551 644 1662 684 adhuc
1689 647 1783 683 velut
1807 649 1920 694 quieta
1939 650 1972 682 δε
1989 645 2080 693 quali
2105 645 2233 694 sopita,
2257 658 2373 684 tamen
2530 659 2532 661 '

1446 696 1540 732 infira
1560 701 1594 733 Sc
1612 697 1765 747 quodam
1801 695 1909 732 modo
1937 694 2131 732 inseminata
2158 701 2202 734 inv
2219 698 2372 747 parvulis

1446 747 1528 782 latet
1538 771 1550 789 ,
1569 746 1856 784 illuminationem
1868 745 1979 782 voluit
1988 746 2159 794 appellare
2169 774 2181 791 ,
2199 759 2229 785 ta
2235 753 2380 797 mquam.

1446 800 1617 834 interioris
1627 799 1718 834 oculi
1738 800 1944 834 creationem
1955 809 1965 834 3
1992 809 2061 832 non
2074 797 2291 835 refistendum
2302 798 2350 835 est
2361 824 2374 842 ,
2390 799 2393 805 '

1447 858 1528 883 tunc
1554 861 1625 884 eam
1647 849 1745 890 ficri,
1770 860 1847 883 cum
1860 849 1979 883 animar
1998 858 2152 891 creatur,
2179 853 2214 886 &
2230 848 2375 886 *nonab-

1447 896 1545 933 surde
1572 897 1641 935 hoc
1668 899 1840 946 intelligi,
1864 909 1943 933 cum
1970 895 2202 935 homo·venit
2227 903 2260 935 in
2277 912 2375 936 mun-

1446 946 1529 984 dum
1547 975 1555 983 .
1589 951 1837 986 Verumtamen
1862 950 1966 983 etiam
1990 947 2059 994 ipse
2078 973 2091 990 ,
2124 953 2280 996 quamvis
2308 951 2374 995 jam

1445 1009 1576 1035 creatus
1601 1000 1741 1041 oculus,
1768 995 1892 1035 necess'e
1918 996 1967 1033 est
1994 1002 2029 1033 in
2055 997 2202 1036 tenebris
2219 1011 2375 1043 maneat,

1446 1047 1470 1084 fi
1496 1061 1566 1085 non
1590 1050 1705 1087 credat
1731 1053 1766 1085 in
1791 1060 1869 1086 eum
1889 1051 1948 1095 qui
1974 1047 2086 1091 dixit,
2110 1054 2178 1094 Ego>
2193 1049 2252 1087 lux
2277 1053 2308 1087 in
2319 1049 2374 1094 [αε-

1444 1099 1549 1136 culum
1577 1103 1673 1144 veni,
1698 1110 1735 1136 ut
1760 1102 1861 1136 omnis
1885 1100 1941 1144 qui
1964 1099 2066 1135 credit
2089 1101 2123 1136 in
2147 1112 2199 1136 me
2223 1113 2283 1137 non
2307 1112 2376 1137 ma-

1444 1159 1518 1185 neat
1543 1154 1576 1187 in
1601 1150 1750 1187 tenebris.
1778 1148 1887 1195 Quod
1905 1161 1966 1196 per
1990 1148 2236 1187 sacramentum
2254 1149 2377 1199 baptiss

1445 1203 1544 1236 matis
1572 1204 1605 1236 in
1633 1200 1784 1249 parvulis
1818 1201 1892 1236 fieri
1918 1211 1988 1235 non
2015 1198 2150 1236 dubitat
2174 1201 2284 1237 mater
2309 1203 2575 1249 Ec-‘Romno-xo,

1445 1248 1543 1286 clefia
1562 1275 1574 1293 ,
1601 1264 1675 1299 quae
1700 1265 1762 1288 cor
1789 1255 1823 1287 δε
1850 1263 1888 1286 os
1914 1258 2109 1286 maternum
2134 1253 2180 1286 eis
2205 1250 2339 1299 praestar
2363 1277 2376 1294 ,

1442 1310 1481 1336 ut
1492 1299 1590 1337 sacris
1611 1301 1783 1347 mysteriis
1796 1299 2014 1342 imbuantur,
2039 1303 2117 1347 quia
2136 1301 2289 1339 nondum
2301 1301 2376 1351 pos-

1444 1349 1520 1387 sunt
1546 1350 1651 1386 corde
1688 1355 1832 1400 proprio
1857 1350 1995 1387 credere
2022 1349 2065 1386 ad
2090 1350 2250 1397 justitiam
2269 1376 2282 1394 ,
2314 1365 2387 1389 nec.

1444 1414 1506 1439 ore
1533 1405 1681 1450 proprio
1709 1402 1866 1442 confiteri
1892 1400 1933 1437 acl
1952 1400 2113 1437 salutem.
2140 1404 2215 1439 Nec
2241 1401 2387 1439 ideotae

1444 1464 1525 1488 men
1563 1465 1622 1488 eos
1656 1451 1832 1500 quisquam
1867 1451 2021 1488 fidelium
2057 1450 2173 1489 fideles
2205 1452 2378 1501 appellare

1445 1504 1648 1545 cunctatur,
1675 1501 1772 1551 quod
1790 1515 1808 1538 a
1829 1501 2001 1538 credendo
2026 1504 2147 1549 utique
2172 1501 2378 1539 nomenest'z

1447 1551 1683 1601 quamvishoc
1711 1566 1781 1588 non
1808 1551 1888 1601 ipfi,
1913 1550 2036 1590 sedalii
2063 1565 2130 1600 pro
2156 1556 2202 1590 eis
2229 1557 2318 1590 inter
2335 1551 2381 1590 sit·

1445 1614 1619 1641 eramenta
1645 1603 1879 1656 responderit.

2382 1027 2487 1064 'Iouna
2493 1025 2571 1062 246·

1496 1782 1549 1814 Ex
1575 1778 1678 1815 eodem
1696 1776 1774 1814 libro
1798 1780 1901 1824 prt'mo
1926 1778 1963 1812 de
1980 1785 2179 1822 peccatorum
2204 1772 2330 1818 meritis
2382 1770 2389 1791 ²

1695 1829 1739 1866 ό*
1764 1825 1952 1874 remiffione,
1977 1838 2047 1873 cap.
2068 1829 2125 1863 28.
2380 1828 2382 1830 ’

1542 1916 1621 1951 UAE
1648 1926 1727 1950 cum
1755 1915 1800 1948 ita
1826 1911 1911 1953 fint,
1937 1916 2109 1948 neminem
2136 1925 2301 1962 umquam
2319 1921 2376 1948 eo-
2408 1905 2562 1975 ξίῦιῦιῖ

1569 1976 1646 2000 rum
1668 1990 1679 2006 ,
1714 1967 1773 2012 qui
1801 1962 1843 1999 ad
1870 1961 2050 1999 Christum
2087 1962 2290 2000 accesserunt
2315 1972 2395 2011 'perg
2451 1980 2578 2021 Colligit

1569 2014 1774 2063 baptismum
1797 2040 1807 2054 ‚
1843 2012 1917 2049 sana
1943 2013 2026 2049 fides
2051 2017 2085 2049 &
2112 2012 2185 2050 sana
2219 2013 2496 2057 dostrina'omnes
2512 2029 2580 2060 ege·

1443 2068 1577 2114 putavit
1604 2075 1787 2113 exceptum
1816 2077 1833 2100 a
1859 2067 1966 2110 gratia
1992 2063 2195 2099 remiffionis
2222 2063 2424 2111 peccato-'ste
2445 2068 2540 2092 morte

1443 2128 1545 2158 rum,
1571 2113 1719 2151 neccsse
1747 2112 1839 2162 posse
1858 2113 1959 2146 alicui
1985 2123 2109 2156 praeter
2135 2100 2522 2156 regnumejus,10b‘ifl¹²
2540 2106 2573 2129 ¹¹²

1443 2176 1602 2200 aeternam
1630 2163 1789 2196 salutem.
1817 2162 1902 2193 Haec
1921 2161 2014 2191 enirn
2041 2168 2155 2204 parata
2175 2158 2224 2194 est
2250 2158 2384 2194 revela-.

1443 2215 1471 2244 ri
1501 2213 1534 2242 in
1561 2218 1720 2254 tempore
1747 2205 1932 2240 noviffimo
1954 2231 1966 2247 ,
2001 2203 2072 2241 hoc
2098 2207 2146 2242 est
2173 2211 2206 2242 in
2234 2208 2378 2243 resurre-

1445 2260 1558 2293 &ione
1587 2267 1831 2297 mortuorum,
1857 2258 2100 2301 pertinentium
2122 2269 2192 2290 non
2219 2256 2260 2291 ad
2286 2269 2385 2292 mor-1

1443 2318 1514 2344 tem
1543 2317 1702 2342 :eternam
1723 2330 1735 2347 ‚
1761 2316 1834 2351 quae
1859 2303 2002 2338 secunda
2028 2315 2124 2339 mors
2149 2304 2342 2352 appellatur
2366 2321 2384 2349 ,·

1442 2357 1497 2394 scd
1533 2356 1574 2392 ad
1601 2359 1705 2390 vitam
1741 2364 1900 2388 aeternam
1924 2378 1936 2395 ‚
1971 2365 2073 2401 quam
2099 2358 2276 2401 promittit
2309 2357 2382 2392 non

1443 2406 1589 2443 mendax
1614 2408 1709 2441 Deus
1737 2403 1855 2440 sanetis
1875 2407 1910 2439 δι
1933 2402 2090 2439 fidelibus
2115 2403 2202 2447 suis,
2228 2406 2321 2451 cujus
2332 2409 2385 2442 vi*

1443 2467 1487 2492 tae
1514 2458 1694 2504 participes
1720 2466 1839 2490 omnes
1865 2466 1935 2488 non
1962 2452 2231 2490 vivificabuntur
2257 2455 2320 2492 nist
2344 2460 2384 2492 in

1445 2505 1590 2542 Christo
1612 2531 1623 2548 ,
1658 2503 1741 2540 ficut
1779 2507 1813 2540 in
1850 2503 1963 2540 Adam
1997 2516 2116 2541 omnes
2149 2508 2347 2542 moriuntur
2369 2533 2379 2543 .

1446 2554 1750 2602 Quemadmodum
1777 2557 1867 2590 enim
1894 2567 2013 2590 omnes
2038 2557 2184 2590 omnino
2209 2559 2381 2604 pertinen-

1444 2619 1494 2644 tes
1521 2606 1563 2642 ad
1588 2609 1845 2653 generationem
1871 2605 2058 2641 voluntatis
2083 2609 2192 2642 carnis
2217 2619 2288 2642 non
2306 2619 2381 2642 mos
2421 2597 2576 2634 ¹·00'·¹5·

1452 2660 1610 2699 riuntur,
1636 2655 1694 2692 nisi
1720 2660 1756 2692 in
1784 2655 1895 2693 Adam
1923 2659 1957 2691 in
1983 2668 2053 2703 quo
2078 2668 2196 2692 omnes
2222 2669 2380 2704 peccave·
2401 2645 2446 2667 ²²⁰

1453 2719 1553 2745 runt3
1581 2707 1624 2743 fic
1650 2720 1693 2742 ex
1718 2706 1773 2742 his
1800 2718 1918 2741 omnes
1945 2709 2092 2741 omnino
2118 2710 2320 2754 pertinentes
2337 2707 2380 2743 ad

1452 2762 1746 2806 regenerationem
1772 2757 1957 2792 voluntatis
1985 2754 2143 2803 spiritus,
2170 2770 2240 2793 non
2266 2757 2380 2794 vivifi·

1451 2819 1596 2852 cantur,
1621 2807 1680 2843 nifi
1708 2811 1742 2843 in
1768 2804 1935 2849 Christo,
1963 2809 1995 2841 in
2022 2819 2093 2853 quo
2119 2819 2237 2844 omnes
2264 2807 2379 2850 iustifi-

1450 2869 1586 2896 cantur.
1615 2861 1706 2904 Quia
1732 2856 1815 2893 ficut
1840 2869 1901 2904 per
1927 2869 2030 2892 unum
2052 2869 2170 2894 omnes
2195 2857 2236 2893 ad
2255 2857 2377 2893 conde-⁴

1451 2912 1664 2947 mnationem
1688 2933 1699 2951 ,
1725 2907 1768 2944 fic
1795 2919 1855 2955 per
1881 2919 1986 2942 unum
2013 2919 2131 2943 omnes
2155 2906 2198 2943 ad
2220 2906 2375 2952 >justifica-

1451 2964 1585 2996 tionem
1605 2983 1613 2992 .
1640 2962 1716 2995 Nec
1741 2956 1791 2992 est
1816 2955 1904 2992 ullus
1931 2956 1994 2992 ulli
2021 2957 2149 2993 medius
2176 2957 2269 2992 locus
2289 2981 2301 2999 ,
2336 2968 2375 2993 ut

1453 3010 1554 3058 poffit
1580 3007 1642 3044 ess‘e
1668 3007 1728 3043 nifi
1753 3020 1830 3043 cum
1858 3006 2019 3048 diabolo,
2044 3009 2101 3054 qui
2128 3018 2196 3043 non
2222 3005 2271 3042 est
2296 3019 2375 3043 cum

1455 3057 1621 3097 Christo.
1648 3061 1741 3095 Hinc
1767 3061 1801 3093 δε
1827 3056 1895 3105 ipse
1913 3059 2084 3092 Dominus
2111 3055 2228 3091 volens
2246 3058 2375 3093 auferre

1458 3111 1499 3146 de
1511 3107 1672 3145 cordibus
1698 3106 2004 3144 malecredentium
2031 3103 2126 3141 istam
2153 3105 2376 3154 nescioquam

1458 3159 1677 3196 medietatem
1699 3184 1710 3201 ,
1744 3170 1845 3206 quam
1872 3165 2036 3191 conantur
2062 3155 2199 3202 quidam
2228 3157 2376 3204 parvulis

1457 3222 1527 3245 non
1553 3207 1731 3256 baptizatis
1757 3206 1927 3246 tribuere,
1953 3215 1991 3239 ut
2016 3205 2104 3252 quali
2131 3209 2256 3242 merito
2282 3210 2380 3243 inno·

1457 3263 1574 3296 centiae
1599 3257 1660 3294 sint
1689 3262 1721 3293 in
1747 3260 1960 3293 vita-:eterna
1982 3279 1992 3295 ‚
2027 3254 2082 3290 sed
2107 3259 2182 3303 quia
2210 3268 2277 3292 non
2305 3256 2378 3292 sunt

1453 3309 1618 3357 baptizati
1648 3321 1716 3344 non
1742 3306 1804 3342 fint
1829 3317 1905 3341 cum
1934 3304 2078 3341 Christo
2105 3310 2137 3341 in
2165 3319 2270 3352 regno
2288 3307 2379 3350 ejus,

1455 3359 1665 3395 definitivam
1695 3355 1839 3405 protulit
1864 3355 1904 3390 ad
1925 3354 1995 3390 haec
2011 3368 2070 3391 ora
2090 3354 2295 3392 obstruenda
2312 3355 2379 3392 sen-

1455 3411 1618 3450 tentiam,
1642 3401 1784 3444 ubiait‘:
1812 3408 1878 3455 „Qui
1901 3417 2020 3440 mecum
2040 3419 2098 3441 non
2121 3404 2184 3448 eft,
2208 3406 2377 3450 adversum
2396 3397 2509 3458 {Umb‘
2528 3405 2577 3431 ¹²·

1454 3470 1513 3495 me*
1531 3456 1589 3500 esi.
1616 3456 1797 3493 Constitue
1822 3458 1925 3502 igitur
1951 3455 2140 3502 quemlibet
2167 3456 2376 3503 parvulumxz
2397 3450 2465 3478 ³⁰⁰·

1458 3509 1482 3544 si
1507 3509 1570 3554 jam
1598 3520 1675 3542 cum
1703 3504 1848 3542 christo
1875 3504 1922 3540 cst
1941 3530 1953 3546 ‚
1979 3516 2015 3541 ut
2042 3505 2124 3553 quid
2148 3504 2341 3554 baptizatur
2366 3507 2378 3541 ?

1460 3561 1493 3594 Si
1520 3568 1655 3599 autem,
1680 3555 1774 3603 quod
1786 3554 1888 3591 habet
1906 3558 2050 3598 veritas,
2076 3555 2377 3603 ideobaptizatur,

1462 3619 1499 3643 ut
1526 3606 1563 3642 fit
1590 3619 1667 3642 cum
1694 3604 1840 3642 christo
1859 3630 1870 3647 ,
1905 3604 2060 3641 adversus
2086 3604 2267 3643 Christum
2292 3605 2376 3643 est.3

1463 3670 1569 3701 neque
1596 3659 1687 3691 enim
1714 3657 1781 3702 ejus
1807 3666 1877 3691 tam
1904 3655 2110 3693 manifestam
2138 3655 2297 3692 debemus
2322 3665 2379 3691 aut

1462 3705 1630 3755 possumus
1656 3705 1826 3742 infirmare
1861 3705 1916 3740 vel
1943 3708 2122 3742 immutare
2148 3705 2376 3745 sententiam..

1461 3756 1561 3793 Unde
1588 3757 1691 3803 igitur
1711 3755 1864 3791 adversus
1883 3753 2086 3797 Christum,
2114 3755 2136 3791 fi
2157 3768 2224 3792 non
2249 3767 2291 3790 ex
2303 3767 2378 3802 pec»

1461 3817 1538 3842 cato
1556 3831 1567 3848 ,
1594 3814 1701 3851 neque
1728 3809 1816 3841 enim
1842 3818 1884 3839 ex
1910 3818 2057 3852 corpore
2083 3811 2116 3842 &
2142 3809 2250 3854 anima
2269 3829 2282 3846 2
2306 3817 2380 3851 quae

1461 3868 1600 3903 utraque
1621 3858 1687 3900 Dei
1716 3866 1865 3891 creatura
1884 3853 2090 3893 est.,P0rro
2117 3854 2139 3895 fi
2165 3865 2380 3903 ex.peccato„

2240 3904 2331 3951 quod
2368 3907 2370 3909 ’

2396 2143 2544 2174 salventur
2554 2160 2564 2169 .

2399 2185 2494 2215 1-Pet-
2514 2191 2540 2210 x.
2550 2187 2578 2215 5.

2394 2842 2475 2874 Rom.
2495 2851 2520 2879 5.
2530 2842 2576 2878 18,

2454 3057 2573 3090 Parvuli

2397 3106 2456 3127 non
2478 3099 2575 3144 bapti-

2395 3138 2466 3173 zati,
2474 3139 2523 3170 ubi
2531 3139 2577 3170 fu·

2398 3187 2453 3208 turi
2464 3199 2473 3209 .

2643 693 2649 711 z

2642 712 2649 748 ἒ

2644 754 2648 763 .

2634 815 2651 881 »op-1,
2637 765 2650 809 μή,

2640 1182 2652 1227 ‘i
