2652 4126
346 1532 370 1593 Ωιῆ

261 2126 364 2161 Gea.2;
376 2133 424 2158 ios

471 166 543 239 48
883 156 1390 238 JuLiANi

469 257 581 307 potest
602 272 622 296 a
647 258 852 308 perfefflone
876 255 1029 291 retardati
1050 281 1062 299 ‚
1095 253 1293 296 calcaverim
1319 263 1408 292 men-

468 320 538 346 tem
563 309 652 347 suam
676 310 788 348 sanetae
814 308 951 347 virtuti,
975 304 1085 341 studio
1110 304 1206 342 bonae
1230 305 1407 344 voluntatis

460 359 486 396 ‚¹
514 359 671 396 inclinat:
697 370 777 395 tunc
807 352 1069 398 delectabiliter,
1101 368 1138 391 ac
1163 356 1286 392 devote
1311 367 1407 393 nutus

470 421 587 447 omnes
612 411 731 453 reginae
758 407 889 442 virtutis
914 407 949 440 in
975 404 1007 441 so
1029 409 1195 452 regnantis
1219 404 1371 443 observat
1396 422 1405 442 t

468 473 507 497 ac
533 458 574 495 fic
602 470 678 495 cum
705 458 784 492 Deo
809 454 868 491 suo
892 467 976 494 unus
1001 454 1133 503 spiritus
1163 456 1285 504 faetus,
1321 455 1406 492 nihil

467 509 559 546 aliud
585 510 650 552 agit
675 505 800 553 semper
825 516 881 545 aut
906 509 1054 552 cogitat,
1089 506 1149 542 nifi
1174 506 1262 543 unde
1284 506 1406 543 clarior

463 555 487 596 ,¹³
511 570 547 593 ac
571 555 716 593 nobilior
741 555 819 595 fiat,
844 559 879 591 &
899 554 1139 592 oble-§tationes
1160 559 1320 595 vitiorum
1329 570 1402 594 om-

467 610 582 650 nium,
608 609 700 655 puris
724 603 999 643 dele&ationibus
1025 609 1151 644 vincat.

661 709 779 745 CA
828 710 855 744 Ρ
906 709 942 744 U
994 709 1028 745 Τ
1102 708 1234 745 XVIII.

463 808 546 852 Quae
566 803 612 850 fit
637 804 840 852 quaternarii
873 804 999 840 numeri
1032 806 1197 841 credenda
1228 808 1403 854 perfee‘lio:

515 856 559 892 Θ
583 856 669 903 quod
694 865 841 902 quatuor·
859 856 1023 900 virtutes,
1049 857 1404 906 quaediblaeJuntprin-

511 906 654 954 ripales,
679 919 718 940 ex
737 906 807 951 fide
831 905 989 944 viventes
1014 919 1036 941 a
1062 908 1134 946 Deo
1159 907 1284 944 collatae
1304 908 1405 955 justi-

505 957 624 1002 ficem.

570 1059 723 1097 Ideamus
749 1072 856 1104 nunc,
882 1073 923 1097 an
949 1072 1025 1097 vera
1050 1059 1089 1097 fit
1107 1059 1397 1110 Philosophorum

594 1109 650 1147 illa
675 1111 852 1154 sententia,
877 1123 942 1158 qua
967 1121 1112 1157 quatuor
1137 1115 1278 1149 virtutes
1294 1139 1305 1156 ,
1340 1126 1398 1150 ve-

456 1158 510 1195 lut
534 1159 695 1209 quosdam
713 1162 885 1197 'virtutum
911 1164 1066 1197 omnium
1076 1161 1208 1202 fontes‚·
1230 1165 1400 1211 vitiaque·

458 1221 525 1255 que
551 1221 696 1257 quatuor
714 1235 727 1252 ,
761 1209 856 1246 velut
882 1209 1037 1254 quasdam
1061 1214 1209 1258 origines
1232 1213 1398 1250 malorum

456 1263 613 1297 omniurn
639 1259 822 1296 definiunt.
849 1259 1050 1308 Principales
1076 1271 1222 1309 quatuor
1246 1262 1306 1300 ess‘e
1330 1267 1397 1300 vir·

454 1319 544 1346 tutes
570 1322 640 1347 non
667 1309 777 1347 solum
801 1308 1003 1359 Philosophi
1027 1309 1192 1355 sentiunt,
1219 1312 1272 1350 sed
1298 1317 1396 1351 etiam

453 1358 560 1400 nostri
586 1359 818 1397 consentiunt.
844 1361 907 1397 Sed
932 1373 1033 1408 quare
1052 1372 1224 1409 quatuor,
1243 1363 1299 1401 vel
1321 1378 1395 1413 quae

452 1409 520 1451 sint
545 1423 648 1459 opera
673 1409 895 1458 singularum,
929 1409 999 1447 hoc
1024 1413 1184 1449 Domino
1209 1412 1395 1452 illuminan-

451 1471 513 1504 te,
536 1461 692 1498 debemus
702 1460 851 1499 breviter
867 1461 1110 1499 demonstrare.
1138 1466 1395 1512 Qaternarium

451 1515 469 1549 ,ἱ
496 1524 676 1549 numerum
700 1511 898 1560 perfeffioni
914 1511 1074 1550 sacratum
1083 1526 1168 1562 pene
1178 1514 1287 1552 nullus
1300 1519 1393 1564 igno—

449 1572 519 1602 rat.
548 1562 721 1611 Siquidem
747 1573 837 1600 totus
863 1561 953 1600 orbis
971 1566 1157 1603 Oriente&
1185 1561 1203 1593 ‘¹
1226 1567 1395 1604 Occiden-

451 1624 507 1656 te,
534 1613 707 1660 Aquilone
733 1617 768 1651 &
793 1613 960 1658 Meridie,
986 1626 1133 1664 quatuor
1157 1621 1174 1638 θ
1188 1616 1394 1655 ‹determina-

451 1668 480 1699 ri
508 1662 655 1710 partibus
681 1662 747 1700 sive
771 1663 902 1712 angulis
926 1668 1120 1703 invenitur.-
1145 1670 1180 1703 δε
1205 1667 1396 1714 ipseAdain

450 1716 512 1761 qui
537 1712 583 1750 est
607 1713 746 1750 humani
771 1717 900 1760 generis
924 1725 1017 1763 patei·
1036 1741 1050 1759 ‚
1082 1715 1135 1752 vel
1159 1718 1310 1765 generale
1333 1732 1396 1756 no·

451 1775 551 1805 men,
576 1764 670 1811 quod
696 1764 820 1801 dicitur
847 1762 960 1801 homo
976 1790 987 1807 ‚
1024 1776 1170 1814 quatuor
1194 1766 1313 1804 litteris
1337 1776 1396 1806 eit—¹

453 1811 598 1861 plicatur
615 1841 624 1849 .
658 1818 797 1862 corpus
833 1825 977 1863 quoque
995 1827 1140 1863 quatuor
1176 1817 1350 1855 elementis
1375 1816 1394 1842 f

451 1864 643 1902 extruetur„
663 1890 676 1908 ,
703 1868 902 1912 quaternarii
928 1869 1056 1902 numeri
1083 1870 1118 1902 in
1145 1867 1335 1906 set-ontinet
1347 1869 1393 1906 fii-

451 1925 677 1953 crainentum.
701 1915 810 1962 Ipfius
833 1919 931 1952 etiam
956 1919 1082 1953 animae*
1097 1929 1243 1964 quatuor
1262 1917 1320 1955 effe
1343 1919 1392 1956 af-

449 1962 633 2006 feffiones,
658 1964 782 2010 qulbus
809 1964 862 2000 vel
889 1965 929 2002 ad
956 1964 1043 2002 bona
1069 1970 1196 2004 utimur
1213 1993 1226 2012 ,
1261 1969 1314 2005 vel
1349 1970 1392 2006 ad

446 2011 558 2056 mala,
583 2016 619 2049 δι
643 2016 769 2061 antiqui
796 2013 959 2051 subtiliter
983 2019 1391 2064 invenerunt‚.&eorum

443 2065 585 2099 inventa
613 2062 793 2111 probantes-
817 2064 941 2112 posteri
967 2065 1196 2117 susceperunt.

502 2125 542 2156 Ζ.
561 2114 626 2150 Sed
653 2117 686 2151 δι
713 2125 858 2162 quatuor
883 2115 1023 2156 flumina
1041 2143 1053 2161 ,
1087 2132 1160 2166 quae
1185 2120 1231 2155 de
1253 2121 1392 2167 paradisi

260 2161 423 2200 Ezechs's.
446 2164 542 2204 fonte
569 2164 782 2211 procedunt,
808 2164 864 2201 vel
891 2177 1036 2212 quatuor
1063 2169 1243 2212 Evangelia
1262 2191 1272 2207 ,
1306 2168 1393 2202 divi-

261 2208 313 2242 (ῒν
320 2206 397 2246 [εει.

356 2958 374 2993 i

447 2218 482 2253 ni
509 2226 625 2251 currus
650 2224 733 2249 rotae
758 2223 924 2258 quatuor,
950 2214 1166 2255 &animalia,
1190 2213 1251 2249 alae
1269 2226 1391 2250 eorum

448 2273 593 2310 quatuor
617 2274 654 2297 ac
677 2260 799 2303 facies,
821 2261 1015 2306 dignitatem
1040 2265 1166 2298 numeri
1178 2261 1390 2308 hujusabun-

449 2314 492 2349 de
517 2310 770 2348 commendant:
797 2313 833 2347 δε
860 2310 939 2346 ideo
962 2315 979 2343 8
1005 2311 1221 2351 virtutesistae
1237 2324 1391 2359 quaatan·

449 2375 526 2401 tum
550 2364 724 2398 continent
751 2359 963 2406 perfeetionis
988 2364 1023 2396 in
1049 2375 1216 2407 numero,
1252 2363 1391 2399 sollicite

449 2410 655 2447 confide-rare
680 2407 865 2448 debemus,
898 2420 1057 2451 quantam
1082 2410 1284 2448 sanctitatem
1309 2426 1389 2448 con—

450 2461 556 2498 ferant
581 2460 694 2494 animo
720 2453 921 2492 Christiano
937 2479 949 2497 ,
983 2459 1018 2491 &
1044 2455 1144 2502 quam
1169 2457 1258 2492 nihii
1282 2461 1389 2505 perfe-

449 2512 569 2548 &ionis
596 2504 615 2533 ¹¹-
638 2505 775 2553 usquam
799 2504 860 2548 fit,
885 2504 979 2552 quod
1011 2505 1121 2542 inistis
1132 2505 1310 2543 virtutibus
1321 2520 1392 2543 non

451 2561 510 2605 sit.
536 2562 626 2596 Nam
651 2556 676 2593 si
701 2556 777 2592 facit
796 2559 1286 2604 temperantioremperantem,
1313 2570 1391 2605 pru-

449 2611 562 2649 dentia.
588 2607 809 2656 prudentem,
834 2604 955 2652 justitia
979 2606 1120 2652 justum,
1146 2606 1391 2644 fortitudofor-

450 2673 540 2698 tems
565 2672 608 2695 eo
633 2661 693 2704 qui
718 2667 964 2705 temperanter,
1002 2656 1081 2699 juste
1099 2682 1110 2699 ‚
1145 2661 1179 2693 &
1208 2658 1391 2705 prudenter

453 2714 546 2758 agit,
568 2722 605 2745 ac
631 2707 765 2744 fortiter
783 2732 796 2750 ,
830 2707 942 2743 nescio
966 2707 1048 2755 quid
1075 2707 1174 2755 poffit
1200 2706 1258 2743 esse
1283 2708 1392 2756 perfe-

453 2763 559 2800 etius.
595 2760 712 2804 Itaque
738 2755 873 2795 difficile
897 2758 1034 2804 quidem
1060 2756 1108 2794 est
1133 2755 1230 2793 nobis
1256 2762 1392 2796 nomina

454 2813 645 2850 virtutum,
671 2819 745 2854 quae
771 2818 811 2843 ex
838 2805 902 2841 illis
929 2819 1095 2854 quatuor,
1119 2820 1200 2855 quas
1227 2811 1393 2858 principa-

455 2859 505 2899 les
530 2859 694 2900 diximus,
720 2858 898 2898 oriuntur,
923 2857 1117 2894 ostendere.-
1143 2857 1198 2895 sed
1217 2870 1297 2895 cum
1319 2872 1394 2907 pro-

458 2912 634 2959 prietates,
668 2911 702 2944 &
730 2907 820 2942 astus
846 2919 956 2944 earum
981 2911 1145 2956 coeperint
1168 2911 1317 2957 aperiri,
1353 2924 1395 2946 cx

458 2959 533 3009 ipsis
560 2955 569 2979 ¹
595 2954 824 2996 affeffionibus
850 2956 1068 3005 fingularum,
1098 2971 1171 3006 quae
1196 2961 1336 2998 virtutes
1355 2973 1397 2998 ex

462 3007 582 3060 quibus
606 3005 767 3054 existant,
793 3005 926 3047 forsitan
951 3007 1138 3060 apparebit.

503 3170 522 3190 a
543 3158 590 3188 Ita
614 3166 651 3188 M.
671 3161 814 3196 quatuor.
835 3156 891 3187 tris.
909 3156 1001 3192 alter,
1021 3156 1161 3189 inclinet.
1180 3157 1265 3190 Editi’
1281 3179 1291 3196 ,
1311 3159 1398 3191 incli-

374 3212 376 3214 ·
465 3199 582 3231 araverit
591 3216 601 3225 .

507 3238 527 3268 b
550 3237 611 3267 Mss.
633 3242 708 3270 tres,
728 3244 780 3266 aut
801 3236 936 3268 nobilior.

508 3287 525 3308 c
547 3276 596 3308 ius.
616 3285 692 3322 unua
705 3296 719 3323 ,·
731 3276 923 3317 perseHi'one'.
953 3276 1038 3308 Alter
1052 3298 1062 3314 ‚
1090 3279 1320 3321 thnnarim
1347 3292 1398 3312 nu.

468 3315 925 3403 ”eci‘fifs‘ssftssgnissstgssi'tffiit
945 3357 1010 3396 o,
1030 3358 1109 3401 quod
1136 3359 1245 3400 iegitur
1271 3359 1304 3390 in
1333 3361 1400 3392 anis

472 3396 638 3431 codicibus.

509 3448 526 3468 e
547 3438 610 3468 Mss.
632 3437 708 3473 duo,
731 3439 898 3469 terminari.

509 3478 525 3508 f
543 3477 592 3508 ms.
615 3486 706 3512 unus,
727 3479 907 3517 instruetur».

510 3528 532 3558 g
551 3516 602 3549 Ms-
623 3526 711 3553 unus,
735 3520 858 3549 virtutes
879 3518 965 3556 istas.

510 3559 532 3589 h
555 3557 618 3588 Mss-
640 3566 783 3596 quatuor,
802 3569 955 3598 umquam.

512 3597 522 3627 i
544 3597 593 3627 ms.
613 3597 657 3628 Re
679 3618 687 3626 .
708 3608 799 3635 unus,
820 3597 981 3638 afflfiibus.
1000 3598 1085 3630 Alter
1103 3598 1136 3631 δε
1155 3599 1401 3632 Colb.unuseum

474 3636 579 3666 Camb.
599 3606 759 3676 effeegibus.

466 3697 470 3702 .
516 3674 536 3704 k
556 3676 604 3705 ms.
626 3676 705 3713 duo,
727 3678 781 3707 vet
795 3678 899 3716 sortes.

520 3713 530 3747 l
549 3716 585 3743 In
608 3716 670 3747 Mss.
691 3718 802 3747 duobus
820 3718 907 3749 Colb.
929 3717 1006 3749 deest
1027 3728 1104 3754 voit,
1118 3720 1241 3758 serium.

518 3762 551 3785 m
572 3753 623 3787 ms.
643 3754 730 3787 Colb.
749 3767 841 3795 unus,
861 3758 892 3787 in
912 3759 1007 3789 animo
1025 3759 1074 3790 nbi
1081 3759 1213 3797 habitat,
1234 3759 1358 3802 absque,
1373 3758 1409 3797 fi.

1471 174 1983 219 POMERII

1523 267 1552 300 3.
1578 256 1816 290 Verumtamen
1841 250 1909 290 hoc
1934 257 2098 301 imprimis
2122 255 2230 301 noffe,
2252 261 2287 295 &
2314 267 2401 294 tene-

1468 316 1503 339 re
1526 302 1703 341 debemuss
1727 303 1910 350 quod'i'stae
1919 315 2062 353 quatuor
2079 304 2236 350 virtutes,
2259 307 2315 345 vel
2324 322 2400 350 om-

1467 365 1522 389 nes
1546 365 1623 400 quae
1646 365 1687 390 ex
1713 353 1778 389 illis
1797 353 1961 398 existunt,
1986 354 2239 394 dona'fintDei:
2261 356 2399 407 &quod

1467 402 1578 440 nullus
1602 416 1651 440 eas
1675 401 1796 445 habet,
1821 403 1960 448 habuit,
1984 417 2041 442 aut
2066 402 2222 449 habebit,
2255 404 2397 448 nifi³cui

1467 455 1560 490 Deus
1578 478 1591 499 ,
1625 457 1683 501 qui
1709 452 1757 489 est
1779 457 1933 492 omnium
1957 459 2120 494 virtutum
2155 456 2397 503 proprietas&

1465 506 1582 551 origo,
1606 502 1804 540 contulerit.
1824 506 1995 550 Quoniam
2004 509 2396 554 quicumque5qu0cum-

1465 565 1531 600 que
1555 556 1788 601 temporesin
1812 560 2020 604 'quacumque
2045 559 2186 603 gentein
2195 557 2308 595 Deum
2327 570 2397 595 cre-

1466 603 1580 640 dentes
1605 616 1647 641 ex
1672 603 1738 640 fide
1764 605 1915 641 vixerunt
1931 630 1945 649 ,
1981 605 2069 644 illius
2091 606 2187 643 dono
2211 616 2398 656 temperan-

1466 664 1518 689 tes>
1537 666 1575 690 ac
1600 653 1921 703 prudentes‚··iusti,
1947 652 1967 678 k
1993 669 2030 692 ac
2055 656 2159 694 fortes
2184 655 2257 693 fieri
2280 661 2398 706 utique

1462 714 1662 751 potuerunt.
1689 707 1760 749 Qui
1769 713 1879 742 autem
1889 704 2066 743 nescientes
2074 709 2188 744 Deum
2198 730 2209 750 ,
2235 705 2288 743 vel
2298 711 2401 746 etiam

1462 752 1746 803 blasphemantes,
1771 754 1928 792 finofide
1952 760 2138 801 vixerunt,
2171 754 2257 793 nihil
2281 758 2396 797 earum

1463 806 1628 892 girtgtufm
1652 818 1670 841 a
1695 806 1774 842 Deo
1790 808 1960 855 accipere,
1984 806 2037 845 vel
2045 805 2168 847 habere
2177 806 2316 859 potuisse
2325 819 2396 846 cre·

1489 866 1529 892 en
1553 867 1565 892 i
1583 892 1585 894 ,
1606 865 1686 893 unt.

1665 984 2028 1024 capua-
2103 960 2195 1025 xix.

1562 1108 1619 1143 De
1643 1106 1863 1155 temperantiae
1888 1109 2070 1159 qualitate,
2095 1111 2155 1145 vel
2180 1119 2294 1159 opere.

1460 1220 1477 1244 ι
1509 1209 1624 1300 SEd
1648 1211 1711 1255 jam
1735 1210 1926 1255 videamus,
1959 1224 2034 1259 quae
2058 1211 2099 1250 fit
2123 1216 2306 1263 proprietas
2332 1212 2394 1250 finss

1593 1259 1759 1308 gularum.
1787 1263 2022 1311 Temperantia
2039 1261 2286 1312 vtenipe'riinteiii
2302 1262 2394 1308 facit,

1458 1307 1676 1348 abstinentem
1684 1336 1696 1355 ,
1708 1323 1844 1359 parcum
1854 1337 1866 1355 ,
1884 1310 2035 1351 sobrium
2046 1338 2056 1355 ,
2071 1311 2286 1351 ‘moderatum
2297 1340 2308 1358 ,
2357 1327 2394 1352 u—

1458 1360 1595 1402 dicum,
1629 1364 1791 1405 tacitum,
1815 1359 1826 1384 ¹
1851 1361 1972 1400 serium
1994 1377 2004 1406 i
2040 1363 2287 1410 verecundum.
2311 1328 2396 1413 iiim

1459 1414 1563 1448 virtus
1587 1413 1616 1432 ¹²¹
1639 1409 1724 1449 fiio
1749 1415 1864 1450 animo
1890 1411 2040 1456 habitat,
2061 1411 2218 1450 'libidines
2252 1409 2397 1462 frenat,

1458 1459 1593 1498 affectus
1617 1471 1776 1510 temperat
1787 1488 1800 1507 ,
1823 1462 1976 1500 defideria
1986 1462 2091 1500 fanen
2101 1462 2302 1514 multiplicat
2308 1491 2334 1516 δ’,
2345 1463 2396 1501 vi-

1458 1510 1540 1548 tiosa
1564 1509 1717 1558 castigat,
1740 1511 1853 1551 oinnia
1879 1516 1963 1550 intra
1988 1526 2050 1550 nos
2075 1513 2211 1551 confiisa
2235 1514 2394 1565 ordinat,

1456 1567 1474 1585 ¹¹
1498 1561 1647 1599 ordinata
1673 1561 1890 1607 corroborat,
1915 1567 2131 1611 cogitationes
2152 1573 2266 1613 pravas
2285 1560 2396 1615 renin—

1459 1623 1540 1655 vet,
1565 1611 1676 1649 inserit
1701 1612 1842 1656 sanetas,
1859 1616 1975 1662 ignem
2001 1613 2185 1652 libidinosae
2211 1611 2393 1666 uoluptatis

1458 1662 1656 1710 exstinguit,
1682 1666 1960 1712 animi-teporem
1986 1664 2148 1706 defiderio
2157 1664 2278 1703 fiiturae
2287 1677 2394 1703 remu·

1457 1716 1634 1751 nerationis
1658 1713 1997 1763 accendimmentem
2025 1715 2152 1765 placida
2177 1715 2399 1766 tranquillitad‘

1457 1776 1490 1802 te
1516 1767 1715 1812 componit,
1738 1767 1773 1801 &
1792 1767 1818 1788 ¹⁰
1841 1772 1949 1810 totam
1964 1765 2101 1814 semper
2125 1764 2284 1803 abomni
2299 1765 2398 1809 vitio·-

1456 1827 1532 1852 rum
1557 1814 1752 1864 tempestate
1776 1814 1944 1853 defendit.
1971 1817 2209 1864 Temperantia
2235 1815 2399 1875 intempe-

1455 1868 1596 1903 santiam
1621 1864 1768 1903 nostram
1801 1865 1842 1903 ad
1866 1870 1884 1900 ι’
1909 1864 2086 1904 honestum
2111 1866 2251 1904 modum
2276 1865 2399 1914 redigit

1457 1921 1493 1954 in
1518 1914 1596 1953 cibo
1620 1915 1692 1965 ipso
1717 1915 1906 1965 vel'potu,
1930 1927 1969 1953 ut
1994 1920 2166 1966 contenpti
2186 1915 2285 1953 fimus
2295 1923 2405 1965 appo-l

1455 1966 1540 2004 sitis:
1565 1978 1606 2003 ne
1632 1964 1804 2016 poscamus
1830 1967 2065 2016 impudenter,
2089 1966 2182 2016 quod
2191 1977 2247 2004 aut
2271 1965 2340 2021 ille'
2365 1967 2399 2009 ᾗὶ

1456 2016 1607 2066 poscitur
1631 2016 1721 2054 forte
1746 2021 1765 2048 ²¹
1791 2029 1869 2055 non
1885 2015 2024 2065 habeats
2048 2017 2212 2056 aut‘alios
2236 2014 2347 2068 quod,
2389 2016 2395 2068 1

1457 2068 1587 2105 fiderior
1603 2067 1722 2104 nostro.
1743 2065 1858 2112 piacet·
1873 2065 2026 2110 offendat
2043 2089 2058 2107 ,
2089 2065 2260 2110 auegt'ilae'
2271 2061 2398 2102 ‘nosti-2

1453 2114 1866 2160 intenipemnsapperirus
1901 2122 2081 2159 appareat:
2119 2123 2180 2148 nec
2213 2111 2398 2159 judicemus

1453 2163 1510 2198 eos
1534 2160 1593 2207 qui
1621 2159 1741 2196 volunt
1767 2163 1781 2183 ¹
1806 2158 1888 2196 cibis
1910 2185 1920 2202 ,
1955 2173 2039 2209 quos
2065 2161 2124 2209 ipfl
2159 2164 2364 2210 percipimus
2382 2186 2397 2205 ,

1453 2209 1634 2248 abstineres
1659 2221 1722 2246 nec
1745 2211 1793 2245 eis
1819 2211 2048 2247 verecundiam
2073 2211 2248 2253 iaciamus,
2274 2213 2333 2258 qui
2358 2223 2399 2248 ea

1453 2258 1574 2309 quibus
1599 2258 1660 2307 ipfi
1685 2258 1903 2302 abstinemus,
1929 2260 2016 2296 forte
2027 2262 2237 2308 percipiunt,
2262 2262 2298 2297 &
2316 2262 2397 2301 Deo

1454 2312 1572 2357 gratias
1597 2318 1721 2357 agunt.-
1747 2311 1829 2345 certi
1857 2309 1951 2356 quod
1977 2309 2051 2346 satis
2076 2309 2230 2347 miserum
2254 2308 2316 2353 fit,
2339 2308 2398 2347 ali-

1454 2372 1541 2408 quos
1566 2358 1608 2395 de
1632 2357 1701 2394 cibi
1725 2357 1781 2394 vel
1808 2370 1908 2405 potus
1919 2361 2131 2407 perceptione
2140 2359 2315 2403 damnare,
2338 2370 2397 2398 aut

1454 2408 1552 2448 nobis
1577 2419 1732 2455 arrogare
1759 2420 1819 2456 per
1844 2406 2072 2446 abstinentiam
2097 2409 2316 2446 sanffitatem.

1508 2472 1538 2495 2.
1566 2461 1811 2506 Temperantiae
1836 2456 1883 2493 est
1908 2458 2002 2505 quod
2029 2462 2251 2496 reverentiam
2261 2458 2398 2498 seniori·

1455 2508 1518 2544 bus
1543 2506 1763 2551 exhibemus,
1788 2505 1928 2578 aequales
1953 2511 2153 2554 germanitus
2173 2506 2394 2552 honoramus,

1456 2556 1655 2603 junioribus·
1667 2561 1803 2603 gratiam
1866 2567 2006 2606 paternae
2024 2559 2214 2596 dileetionis
2234 2559 2398 2610 impendi-

1454 2619 1548 2643 must
1574 2605 1667 2653 quod
1695 2605 1883 2654 praestamus
1908 2607 2061 2656 loquenti
2089 2607 2208 2646 seniori
2217 2609 2394 2653 silentium,

1453 2656 1547 2705 quod
1571 2655 1672 2704 ipfius
1696 2656 1737 2694 ad
1746 2656 1956 2705 loquendum
1966 2657 2189 2707 prestolamur
2199 2662 2395 2709 imperium,

1455 2707 1548 2756 quod
1583 2718 1652 2742 non
1688 2706 1870 2745 attollimus
1896 2710 2152 2747 immoderatum
2176 2713 2210 2747 in
2246 2709 2394 2750 conoe&

1454 2755 1602 2794 tionibus
1627 2756 1746 2796 sonum
1766 2784 1777 2801 ,
1837 2759 1906 2795 uod
1931 2761 1944 2782 ²
1966 2762 2043 2796 ritui
2069 2772 2301 2810 prorumpere⁴
2319 2751 2390 2795 ”33¹¹

1454 2809 1682 2856 permittimus
1707 2810 1742 2842 in
1768 2820 1824 2843 cac
1852 2811 1989 2851 innum,
2022 2810 2117 2856 quod
2143 2810 2225 2849 nulli
2271 2804 2391 2845 eti-ahi-

1456 2870 1554 2900 mus,
1575 2868 1635 2892 nec
1659 2860 1678 2879 ¹²
1703 2853 1911 2893 detrahentes
1937 2862 2164 2905 aequanimiter
2251 2855 2390 2893 'nemun

1458 2908 1614 2949 scientes,
1638 2905 1732 2954 quod
1757 2915 1825 2943 tam
1850 2906 1898 2943 illi
1924 2911 1982 2956 qui
2008 2907 2207 2949 detrahunt,
2233 2904 2332 2953 ¹quam
2351 2904 2391 2940 il·

1458 2958 1484 2994 li
1509 2959 1566 3005 qui
1592 2954 1842 2993 detrahentibus
1867 2949 2271 3006 acquiescunt‚¹”vanitatis
2297 2957 2389 2992 m'or-

1458 3006 1507 3054 bo
1530 3008 1685 3054 corrupti
1710 3005 1805 3045 sunt:
1832 3016 1850 3037 Χ
1875 3010 1931 3056 qui
1954 3006 1995 3044 ad
2019 3002 2088 3043 hoc
2104 3002 2186 3041 alios
2212 3004 2291 3043 viles
2301 3005 2393 3064 vide-

2312 3067 2343 3092 ri

1503 3169 1525 3190 n
1546 3158 1595 3190 ΜΓ.
1615 3167 1690 3190 unus
1709 3156 1794 3191 Colb.
1813 3152 1926 3191 infirma
1945 3152 2122 3185 coi-roborat.

1497 3209 1518 3229 ο
1539 3199 1588 3229 Ms-
1610 3198 1697 3230 Colb.
1719 3204 1810 3229 unm,
1830 3194 1868 3225 Θ·
1887 3203 1982 3225 tutam
1993 3194 2106 3234 semper
2133 3192 2172 3224 ab
2204 3194 2282 3226 omni
2300 3193 2391 3225 vitio-

1459 3250 1523 3269 rum
1539 3239 1673 3278 potestate
1690 3234 1832 3274 defendit.

1499 3289 1518 3318 p
1540 3279 1589 3309 ΜΓ.
1611 3285 1701 3310 unus,
1721 3275 1762 3305 ad
1781 3284 1890 3304 omnem
1909 3272 2071 3311 honestum.

1499 3328 1519 3358 q
1540 3317 1588 3348 ms.
1609 3324 1701 3350 unus,
1722 3326 1775 3346 non
1796 3313 1934 3344 habebat.
1957 3314 2006 3344 ms.
2025 3323 2102 3345 unus
2114 3334 2125 3352 ,
2153 3323 2207 3345 aut
2233 3324 2269 3345 ne
2286 3314 2361 3346 alios
2380 3332 2391 3352 ,

1460 3356 1518 3388 ὅτε.
1537 3358 1572 3386 de
1592 3353 1660 3385 sunt
1681 3355 1741 3386 haec
1762 3355 1793 3385 in
1816 3353 1869 3384 ms.
1889 3364 1949 3385 uno
1969 3354 2042 3395 Reg.

1502 3406 1517 3426 r
1538 3394 1601 3425 iuss·
1620 3394 1696 3430 duo,
1717 3406 1736 3423 a
1755 3393 1847 3425 cibis.

1503 3435 1518 3465 s
1537 3434 1585 3465 Ms.
1608 3444 1699 3470 unus,
1717 3442 1792 3475 purae
1811 3433 1985 3464 dilee'iiom's.

1504 3482 1517 3505 t
1540 3475 1590 3506 Ms.
1613 3482 1670 3506 tres
1691 3474 1776 3506 Colb.
1798 3476 1874 3515 quod
1895 3474 1978 3514 rifism
2000 3481 2177 3516 prorumpere
2204 3475 2258 3521 non
2281 3467 2397 3516 permit.
2442 3477 2444 3479 ’

1465 3516 1572 3547 timus.
1595 3515 1680 3546 Alter
1697 3535 1706 3550 ‚
1735 3515 1804 3554 risui
1828 3522 2002 3556 prorumpere
2028 3525 2082 3544 non
2105 3516 2321 3555 permittimus.
2350 3513 2398 3543 ms

1464 3555 1552 3588 Colb.
1577 3564 1668 3591 unus,
1691 3553 1722 3586 &
1743 3554 1848 3587 camb.
1871 3554 1927 3592 risit
1942 3562 2116 3595 prorumpere
2135 3565 2199 3584 non.
2209 3555 2358 3585 audemus.

1505 3605 1524 3626 u
1545 3595 1594 3627 ΜΓ.
1613 3596 1688 3636 Reg.
1709 3605 1800 3629 unus,
1821 3603 1871 3624 nec
1889 3593 2098 3625 detrahentem.
2120 3595 2177 3626 mn
2192 3595 2276 3626 Colb.
2306 3601 2399 3623 unus.

1463 3636 1503 3667 (9·
1521 3635 1699 3665 detrabentes
1720 3657 1730 3673 ‚
1751 3635 1806 3669 ms.
1833 3633 1906 3665 alter
1935 3644 1971 3664 ex
1999 3634 2042 3665 Re
2064 3633 2124 3670 ἤι’,
2152 3643 2202 3665 nec
2228 3633 2401 3669 detrahenti,

1468 3675 1680 3716 acquiescimus,
1708 3686 1757 3707 nec
1777 3674 1971 3716 aequanimiter
1996 3644 2179 3716 fielfi'nemus.

1508 3725 1527 3746 x
1548 3716 1613 3749 mss·
1634 3725 1711 3754 tres,
1732 3718 1798 3758 quia
1819 3719 1858 3745 aa
1876 3713 1945 3757 hoe.

2466 642 2491 675 k

2623 3295 2652 3551 'ms‘
2630 3260 2640 3270 ’
