2652 4126
280 1228 367 1269 soar.
378 1236 422 1264 ιο,
436 1239 463 1270 7.

260 2044 345 2085 suaa,
361 2049 385 2077 ¹2·
395 2051 424 2079 3,

266 2079 377 2117 Matth.
395 2091 441 2121 140

258 2133 385 2203 Jgenaz.
396 2172 443 2201 39.

269 2206 306 2234 (⁴)-
316 2214 341 2238 9.
354 2210 401 2239 1-171.

267 2242 377 2277 Mmh,
398 2254 407 2272 ς
421 2254 444 2273 .’.

269 2294 313 2319 3-9-

268 2324 316 2366 Ps
330 2333 361 2368 ἓξ]
366 2342 388 2365 9..
395 2325 443 2360 ¹&

280 2751 308 2780 3.
317 2739 387 2778 Rea·
405 2747 452 2778 ιτ·

284 2791 317 2809 22

292 2828 452 2856 tam-1¹43·

271 2862 432 2894 'Aci.5.‚15.

266 3076 290 3118 J
291 3085 361 3109 vam.
365 3083 417 3111 m„
423 3074 449 3106 8.-

504 239 614 292 240

579 477 632 512 Ex
657 468 848 508 enarratione
873 463 1011 512 ejusdem
1034 464 1067 499 in
1100 460 1266 511 Psalmum
1290 461 1354 502 XO,

894 526 977 552 num.
1007 525 1037 555 1v

580 619 708 656 Salmus
734 617 795 655 iste
821 615 869 653 est
895 615 937 652 de
963 627 1034 663 quo
1051 614 1247 650 Dominum
1272 607 1427 645 nostrum

509 621 576 710 P
603 668 712 711 Jesum
723 667 904 706 Christum
923 664 1078 702 diabolus
1103 673 1233 699 tentare
1257 659 1350 696 ausus
1360 656 1428 693 est.

505 720 692 756 Audiamus
717 732 823 768 ergo,
847 727 885 753 ut
912 716 1073 765 poffimus
1099 712 1252 750 instrue'ti
1279 708 1429 766 refistere

503 772 661 806 tentatori
682 795 694 813 ‚
727 782 797 805 non
822 766 1058 817 praesumentes
1084 767 1128 806 in
1145 761 1274 820 nobis,
1309 759 1364 796 {ed
1392 769 1426 792 m

500 818 575 866 ipso
600 822 659 866 qui
696 822 792 867 prior
817 828 963 854 tentatus
987 815 1036 852 est
1055 840 1067 858 ‚
1103 827 1145 849 ne
1171 826 1234 848 nos
1260 823 1294 847 in
1322 820 1426 845 tenta-

497 872 592 904 tione
618 872 832 905 vinceremur
852 895 860 903 .
887 867 944 904 Illi
970 869 1059 902 enim
1087 867 1231 900 tentatio
1258 874 1327 897 non
1354 869 1424 920 erat

494 917 669 955 necessaria
704 933 714 954 t
760 920 904 955 tentatio
941 915 1074 954 Christi
1118 913 1232 951 nostra
1267 912 1423 970 doetrina

492 967 566 1005 est.
593 973 626 1006 Si
651 979 764 1006 autem
788 968 998 1006 attendamus
1024 966 1110 1015 quid
1134 961 1423 1013 responderitdia-

491 1017 578 1058 bolo
597 1044 609 1062 2
645 1030 684 1056 ut
708 1018 780 1056 hoc
805 1025 841 1058 δε
860 1032 929 1055 -nos
956 1015 1216 1066 respondeamus
1234 1038 1247 1055 ,
1282 1011 1419 1060 quando

488 1068 645 1108 fimiliter
679 1080 816 1108 tentats
851 1073 1014 1106 intramus
1040 1081 1101 1116 per
1137 1067 1299 1121 januam,
1334 1061 1416 1098 ficut

488 1119 626 1156 audistis
654 1119 839 1157 leffionem
865 1118 1068 1167 Evangelii,
1094 1115 1190 1162 Quid
1216 1112 1265 1150 est
1290 1123 1416 1172 intrare

485 1182 548 1217 per
573 1171 731 1216 januam?
755 1174 886 1206 Intrare
914 1182 974 1216 per
1001 1166 1203 1205 Chi-istum.
1230 1163 1417 1223 Ipse-enim

483 1219 594 1261 dixit,
621 1222 700 1266 Ego
725 1218 798 1256 sum
826 1221 920 1263 janua
941 1246 949 1254 .
977 1217 1074 1265 Quid
1100 1215 1148 1252 est
1175 1225 1288 1252 autem
1314 1225 1416 1250 intra-

479 1283 516 1305 re
543 1282 605 1317 per
630 1267 836 1307 Christum?
861 1272 992 1306 Imitari
1019 1271 1089 1304 vias
1099 1265 1254 1305 Christi.
1280 1267 1324 1323 In
1342 1277 1414 1312 quo

479 1322 646 1359 imitaturi
673 1318 785 1357 sumus
820 1323 891 1356 vias
918 1318 1086 1357 Christi?
1121 1314 1289 1365 numquid
1315 1326 1350 1351 m
1375 1328 1414 1351 ea

476 1370 752 1418 magnificentia,
779 1383 844 1419 qua
870 1372 966 1407 Deus
991 1380 1062 1406 erat
1089 1371 1123 1404 in
1150 1369 1279 1403 carne?
1302 1365 1412 1424 autad

474 1417 547 1462 hoc
574 1434 636 1457 nos
662 1420 891 1464 exhortatur,
917 1432 974 1458 aut
1000 1418 1072 1457 hoc
1097 1432 1116 1455 a
1141 1417 1240 1454 nobis
1265 1426 1371 1463 exigit
1398 1441 1411 1457 ,

474 1481 512 1511 ut
540 1471 618 1508 talia
645 1471 810 1509 miracula
836 1471 949 1520 qualia
975 1470 1057 1508 fecit
1083 1467 1151 1518 ipse
1173 1493 1184 1509 ‚
1210 1468 1371 1503 faciamus
1396 1466 1410 1501 ἓ

473 1524 548 1557 Aut
576 1534 661 1561 vero
688 1525 865 1559 Dominus
893 1520 1010 1559 noster
1034 1520 1125 1563 lesus
1151 1517 1309 1555 christus
1337 1528 1409 1552 non

472 1575 509 1615 &jc
536 1571 645 1607 modo
679 1577 714 1609 δε
751 1572 882 1620 semper
918 1586 1000 1609 cum
1034 1577 1133 1609 Patre
1170 1580 1282 1605 totum
1311 1579 1411 1603 mun-

471 1620 554 1666 dum
581 1621 777 1669 gubernat?
812 1626 859 1660 Et
883 1622 1054 1672 numquid
1089 1620 1146 1658 vel
1180 1619 1223 1655 ad
1248 1618 1319 1655 hoc
1348 1630 1409 1654 vo,-

469 1683 522 1710 cat
549 1670 728 1712 hominem
753 1672 876 1710 fite-iens
913 1686 992 1711 eum
1021 1676 1234 1709 imitatorem
1270 1669 1365 1705 suum
1393 1692 1406 1710 ‚

468 1731 508 1763 ut
542 1734 620 1758 cum
658 1723 722 1759 illo
755 1723 921 1771 gubernet
956 1723 1078 1760 caelum
1114 1727 1148 1758 &
1174 1731 1301 1757 terram
1322 1745 1334 1761 ,
1368 1722 1405 1754 δε

469 1776 584 1814 omnia
604 1785 678 1820 quae
704 1777 738 1809 in
764 1778 812 1810 eis
839 1774 934 1812 nanu
960 1784 1018 1810 aut
1043 1784 1082 1809 ut
1107 1771 1145 1807 fit
1172 1775 1207 1807 &
1233 1769 1301 1817 ipse
1313 1782 1403 1805 crea-

467 1825 524 1864 tor
545 1846 557 1864 ‚
592 1835 653 1869 per
679 1836 781 1870 quem
810 1823 892 1859 fiant
915 1827 1033 1860 omnia
1053 1848 1064 1866 ‚
1100 1822 1181 1858 ficut
1208 1833 1269 1868 per
1297 1818 1401 1856 Chr-i-

465 1870 555 1907 stum
581 1871 668 1908 faeta
695 1872 770 1909 sunt
795 1877 943 1911 omnia?
979 1876 1102 1921 Neque
1120 1872 1179 1908 sad
1206 1869 1265 1906 ista
1293 1883 1399 1918 opera

464 1932 497 1955 te
522 1923 640 1957 invitat
667 1924 763 1959 Deus
790 1923 938 1964 salvator
963 1926 1141 1970 Dominus
1167 1920 1282 1958 noster
1308 1920 1398 1973 Jesus

463 1969 621 2008 Christus
640 1996 653 2015 ,
687 1984 761 2020 quae
787 1973 867 2010 fecit
892 1973 935 2009 ab
961 1973 1064 2010 initio
1083 2000 1093 2015 ‚
1130 1977 1164 2010 &
1199 1971 1241 2007 de
1277 1970 1398 2018 quibus

462 2020 625 2069 scriptum
651 2021 699 2067 est
719 2049 735 2072 ²,
766 2027 899 2070 Omnia
931 2037 993 2073 per
1019 2023 1131 2072 ipsum
1165 2023 1250 2064 faeta
1286 2021 1397 2060 sunt:

462 2084 571 2120 neque
596 2071 638 2108 ad
663 2073 723 2110 illa
748 2087 822 2122 quae
847 2074 926 2119 fecit
954 2077 990 2114 in
1018 2085 1127 2111 terra.
1155 2077 1238 2111 Non
1262 2070 1332 2108 hoc
1359 2075 1399 2107 ti-

462 2120 497 2156 bi
523 2121 630 2165 dieit,
657 2126 740 2160 Non
759 2128 823 2161 eris
848 2124 1032 2174 discipulus
1059 2139 1176 2168 meus,
1201 2123 1260 2160 nifi
1279 2121 1397 2165 ambu—

464 2171 584 2213 laveris
611 2172 709 2221 super
735 2188 827 2211 mare
847 2201 859 2218 ,
895 2187 952 2213 aut
979 2177 1038 2212 nifi
1065 2177 1275 2212 suscitaveris
1303 2187 1399 2210 mor*

462 2233 561 2265 tuum
587 2225 874 2269 quatriduanum,
899 2236 956 2260 aut
982 2226 1042 2260 nifi
1068 2226 1190 2259 oculos
1217 2226 1295 2257 caeci
1325 2225 1395 2256 nati

462 2266 661 2319 aperueris.
697 2276 771 2308 Nec
797 2272 867 2308 hoc
887 2300 894 2308 .
932 2273 1030 2317 Quid
1063 2272 1112 2307 est
1148 2283 1231 2319 ergo
1268 2272 1394 2304 intrare

462 2335 524 2370 per
558 2323 722 2367 januamR
757 2323 884 2360 Discite
911 2335 929 2357 a
956 2334 1042 2363 me,
1078 2325 1157 2369 quia
1193 2322 1285 2359 mitis
1321 2317 1395 2354 sum

462 2377 497 2408 <Sc
535 2370 678 2407 humilis
712 2372 816 2406 corde
837 2398 845 2406 .
880 2372 994 2417 Quod·
1024 2371 1141 2406 faetus·
1164 2370 1212 2404 est
1249 2379 1399 2423 propter>

462 2433 495 2457 te
515 2445 526 2464 ,
553 2419 622 2456 hoc
650 2423 684 2455 in
710 2433 752 2455 eo
778 2418 878 2455 debes
905 2418 1077 2456 attendere
1095 2444 1109 2461 ‚
1142 2429 1180 2454 ut
1207 2421 1359 2452 imiteris
1380 2441 1393 2452 ..

463 2470 634 2511 Miracula
659 2472 751 2506 enim
778 2474 812 2506 δι
839 2468 991 2505 nondum
1019 2479 1115 2505 natus
1140 2467 1182 2503 d⁵e
1207 2469 1321 2502 Maria
1348 2465 1395 2500 fe-

464 2525 512 2567 eit
531 2548 538 2557 .
575 2523 663 2567 Quis
696 2525 786 2558 enim
815 2532 976 2568 umquam
1004 2518 1084 2555 feeit
1104 2544 1116 2562 ,
1151 2517 1211 2553 nifi
1247 2515 1319 2565 ipse
1350 2515 1392 2551 de

466 2585 539 2619 quo
570 2571 700 2608 dietum
734 2569 814 2613 est,
849 2574 923 2616 Qui>
954 2569 1034 2606 ficit
1068 2568 1238 2606 mirabilia
1274 2577 1395 2612 magna

466 2622 586 2658 solus?
618 2626 663 2658 In>
693 2621 793 2670 ipfius
818 2623 908 2656 enim
944 2623 1099 2662 virtute,
1133 2623 1167 2656 &
1201 2628 1296 2654 antea
1331 2619 1396 2663 qui

467 2672 619 2712 fecerunt
639 2698 650 2714 ,
679 2681 863 2720 potuerunt
889 2671 1018 2719 aliquid
1044 2670 1179 2706 facere:
1206 2671 1240 2704 in
1260 2671 1396 2724 ,virtute

470 2721 600 2761 Christi
638 2723 729 2759 Elias
763 2732 941 2758 mortuum
967 2721 1135 2759 fiiscitavit
1155 2746 1164 2755 .
1198 2721 1271 2755 Nih
1307 2717 1399 2752 fome-

471 2774 579 2815 maior
605 2770 653 2807 est
680 2778 798 2808 Petrus
831 2785 933 2818 quam
960 2770 1120 2808 christus
1138 2796 1150 2812 ,
1183 2773 1261 2816 quia
1288 2766 1394 2804 Chri-

471 2820 539 2858 stus
564 2834 649 2857 voce
676 2821 846 2858 suscitavit·
868 2832 1110 2869 aegrotantem,
1136 2826 1253 2858 Petrus
1280 2828 1396 2854 autem

471 2885 547 2908 cum
575 2870 727 2907 tranfiret
748 2897 760 2914 ,
785 2870 906 2908 umbra
934 2871 1032 2919 ipfius
1057 2869 1215 2919 tangendi
1243 2868 1395 2917 profero,

470 2922 592 2958 bantur
627 2926 769 2968 aegroti.
806 2925 984 2959 Potentior
1019 2934 1102 2969 ergo
1138 2926 1255 2957 Petrus
1290 2931 1393 2966 quam

471 2970 631 3010 Christus
657 2973 670 3007 3
704 2975 791 3018 Quis
824 2970 895 3009 hoc
930 2972 1197 3008 dementiffimus-
1227 2969 1355 3006 dixerit
1382 2969 1399 3003 ἒ·

473 3025 587 3067 Quare
621 3035 705 3070 ergo
740 3033 830 3059 tanta
865 3027 1017 3072 potentia
1054 3026 1086 3057 in
1125 3027 1230 3059 Petro·
1254 3021 1271 3055 ?÷
1301 3021 1393 3076 Quia

471 3070 630 3108 Christus
666 3077 701 3109 in
737 3077 865 3109 Petro.
899 3073 984 3109 Ideo
1017 3072 1136 3109 uixit}
1168 3075 1299 3107 Omnes
1334 3081 1393 3126 qui

472 3133 658 3164 venerunt,
682 3123 772 3159 fures
797 3122 872 3159 sunt
898 3127 931 3159 &
957 3123 1103 3158 latrones
1130 3136 1143 3156 τ·
1167 3120 1202 3156 id
1226 3119 1274 3155 est
1295 3144 1306 3160 ‚
1332 3131 1392 3166 qur

472 3183 637 3208 venerunt
663 3171 717 3211 fila
744 3173 862 3220 sponte
883 3198 894 3214 ‚
928 3186 944 3208 a
972 3185 1027 3208 me
1063 3184 1133 3207 non
1157 3169 1232 3206 funt
1267 3169 1355 3204 missi
1379 3194 1396 3210 ,

472 3226 535 3270 qui
550 3233 715 3258 venerunt
741 3222 805 3258 fine
831 3234 908 3263 me,
934 3225 968 3257 in
994 3220 1115 3269 quibus
1141 3233 1208 3268 ego
1232 3232 1301 3254 non
1320 3218 1393 3260 fui,

473 3284 560 3319 quos
586 3285 651 3320 ego
676 3284 744 3308 non
773 3271 949 3308 introduxi
972 3285 981 3306 z
1008 3275 1194 3317 Quotquot
1221 3282 1304 3317 ergo
1329 3272 1391 3324 mi—

472 3322 585 3358 facula
612 3322 700 3359 faeta·
723 3321 797 3359 sunt
817 3347 829 3364 ‚
863 3321 929 3358 five
956 3334 974 3356 a
999 3319 1260 3369 praecedentibus
1278 3343 1290 3361 ,
1325 3322 1396 3354 hve-

475 3371 778 3420 consequentibus,
805 3372 894 3408 idem
923 3370 989 3419 ipse
1009 3374 1182 3407 Dominus
1209 3369 1308 3412 fecit,
1333 3372 1392 3416 qui

473 3420 553 3462 feeit
578 3427 611 3463 &
637 3421 806 3470 praesentia
832 3422 885 3460 sua
903 3449 911 3457 .
947 3424 1023 3458 Nec
1048 3420 1090 3458 ad
1122 3420 1190 3469 ipsa
1223 3432 1306 3466 ergo
1332 3422 1394 3454 mi—

473 3471 585 3508 racula
611 3470 800 3514 hortatur,
834 3484 907 3519 quae
932 3471 1000 3519 ipse
1034 3470 1113 3507 fecit
1147 3475 1180 3507 &
1216 3480 1396 3516 antequam

474 3519 551 3557 esset
576 3519 687 3557 homo
714 3536 722 3556 ε
758 3520 812 3557 sed
839 3535 911 3570 quo
934 3532 967 3556 te
992 3519 1152 3556 hortatur
1171 3523 1186 3556 ὃ
1208 3523 1257 3556 Ut
1284 3522 1393 3554 imite-

475 3575 522 3606 ris
548 3571 641 3618 quod
667 3584 735 3607 non
765 3570 893 3619 posset,
916 3570 975 3606 nifi
1002 3570 1106 3607 faetus
1132 3570 1266 3608 homo,
1289 3568 1394 3604 Tole-

478 3632 550 3654 rare
575 3625 665 3657 enim
694 3622 854 3669 paffioncs
880 3620 1045 3667 numquid
1075 3619 1180 3668 poffet
1198 3645 1210 3661 ‚
1245 3618 1304 3654 nifi
1330 3618 1394 3654 ho-

478 3671 571 3703 mo?
602 3672 698 3709 Mori
725 3676 759 3710 δε
785 3671 936 3717 crucifigi
964 3675 997 3706 δι
1023 3669 1197 3706 humiliari
1225 3681 1293 3703 non
1320 3667 1395 3715 pos-

478 3715 547 3758 set,
572 3718 630 3752 nifi
656 3719 783 3755 homo.
810 3725 840 3756 Si
869 3733 951 3765 ergo
976 3724 1010 3756 &
1037 3731 1073 3755 tu
1099 3717 1269 3755 molestias
1294 3717 1393 3761 hujus

418 3778 426 3786 ·
478 3765 587 3802 saeculi
612 3779 689 3803 cum
717 3773 836 3814 pateris
857 3795 867 3810 ,
902 3782 981 3816 quas
1007 3769 1085 3805 facit
1112 3767 1266 3804 diabolus
1284 3793 1296 3810 ,
1331 3767 1396 3803 ssve

481 3827 595 3863 aperte
622 3829 682 3864 per
706 3815 861 3855 homines
880 3842 891 3858 ,
918 3819 983 3853 {ive
1010 3818 1164 3860 occulte,
1190 3816 1270 3853 ficut
1295 3816 1360 3857 lob
1385 3843 1396 3859 ‚

714 216 984 281 SCRu‘TA
1030 221 1109 273 ΕΤ
1150 205 1577 270 ΜοΝυΜΕΝΤΑ
1616 222 1765 282 QJAE
1791 205 2317 269 op.S.PRosP'ER1.

1491 301 1531 338 fis
1557 302 1656 339 fortis
1677 328 1690 346 ,
1716 303 1754 340 fis
1779 304 1928 342 tolerans
1947 319 1958 341 τ
1991 303 2163 343 habitabis
2190 293 2227 344 iu
2250 306 2422 357 adjutorio

1491 352 1679 401 Altiffimi,
1706 353 1787 394 ficut
1811 354 1895 392 dicit
1920 355 1981 394 iste
2006 356 2171 411 psalmus,

1525 612 1528 615 Δ
1563 564 1618 597 Ex
1641 563 1835 598 enarratione
1858 560 1996 608 ejusdem
2020 565 2052 600 in
2070 561 2238 610 ‘Psalmum
2260 567 2341 603 xc!-

1876 620 1962 653 num,
1989 624 2021 653 2,

1559 711 1633 746 Cce
1667 709 1855 754 hodiernus
1880 712 1951 749 dies
1984 712 2110 751 sabbati
2144 715 2224 752 est:
2258 713 2353 753 hunc
2377 719 2414 754 in
2463 721 2600 762 Versu.⁴

1586 760 1738 807 praeienti
1764 772 1922 809 tempore
1947 767 2022 800 otio
2047 766 2198 816 quodam
2223 766 2413 815 corporali·
2429 762 2607 809 S²bb²fi⁰b

1484 818 1537 844 ter
1563 808 1725 859 languido
1759 816 1794 849 δε
1830 812 1928 849 fluxo
1960 818 1994 851 ει
2030 815 2206 857 luxurioso
2238 817 2411 854 celebrant
2427 803 2593 876 ἓξὲξ]

1484 858 1610 900 Judaei.
1637 864 1770 900 Vacant
1795 866 1885 899 enim
1910 863 1953 900 ad
1979 877 2082 914 nugas
2102 869 2114 902 =⁴
2146 871 2182 904 &
2209 879 2289 904 cum
2315 869 2411 908 Deus
2506 866 2514 876 ⁶
2562 864 2570 876 '
2595 863 2607 876 ’

1482 914 1644 958 praecepit
1668 911 1866 958 sabbatum,
1892 914 1944 950 illi
1970 918 2006 951 in
2031 914 2084 952 his
2108 929 2184 970 quae
2209 920 2304 955 Deus
2328 931 2411 968 pro-

1481 958 1580 996 hibet
1599 974 1759 1000 exercent
1778 961 1970 1001 ssbbatum.
1996 967 2146 1002 Vacatio
2172 966 2285 1004 nostra
2301 981 2322 1005 a
2339 982 2411 1007 ma-

1478 1009 1518 1046 lis
1544 1011 1704 1059 operibus
1723 1038 1738 1063 ,
1762 1017 1896 1050 vacatio
1921 1014 2064 1057 illorum
2083 1030 2101 1052 a
2121 1015 2220 1053 bonis
2245 1019 2408 1067 operibus

1476 1059 1544 1097 est.
1571 1062 1701 1100 Melius
1726 1064 1775 1100 est
1793 1068 1883 1100 enim
1907 1078 2000 1108 arare
2020 1091 2032 1108 ,
2057 1079 2160 1119 quam
2186 1066 2321 1105 saltare.
2346 1070 2407 1107 Illi

1476 1109 1520 1147 ab
1530 1124 1635 1159 opere
1661 1112 1756 1150 bono
1767 1126 1887 1151 vacant
1907 1129 1916 1150 ε
1941 1115 1983 1153 ab
2008 1129 2112 1165 opere
2141 1123 2406 1166 nugatorionon

1476 1173 1614 1198 vacant.
1643 1163 1756 1202 Nobis
1782 1164 1953 1202 sabbatum
1981 1167 2101 1203 indicit
2119 1170 2232 1206 Deus.
2259 1170 2407 1217 Quale?

1475 1215 1596 1249 Primo
1622 1213 1679 1250 ubi
1706 1215 1744 1251 fit
1769 1215 1882 1252 videte
1899 1243 1907 1251 .
1937 1219 2032 1254 Intus
2058 1217 2108 1254 est
2127 1243 2140 1261 ‚
2165 1223 2201 1256 in
2226 1219 2330 1259 corde
2355 1219 2407 1258 est

1474 1260 1646 1300 {abbatum
1672 1264 1827 1303 nostrum
1846 1291 1855 1299 .
1890 1266 1999 1307 Multi
2025 1271 2117 1309 enim
2152 1279 2272 1307 vacant
2295 1283 2405 1311 mem-

1473 1311 1566 1355 bris,
1592 1317 1626 1350 &
1653 1316 1906 1353 tumultuantur
1931 1318 2136 1358 constientia
2156 1343 2164 1352 .
2188 1321 2315 1358 Omnis
2341 1319 2405 1358 ho·

1471 1375 1533 1398 mo
1559 1363 1688 1407 malus,
1714 1364 1886 1404 sabbarum
1913 1365 2038 1408 habere
2064 1381 2135 1406 non
2161 1368 2302 1421 potest:
2328 1371 2408 1408 nus·

1470 1425 1574 1461 quam
1601 1418 1693 1451 enim
1719 1416 1771 1453 illi
1797 1417 2005 1466 conquiestit
2023 1419 2249 1458 conscientiam
2277 1419 2404 1458 necesse

1468 1463 1518 1500 est
1544 1468 1579 1499 in
1606 1465 1918 1512 perturbationibus
1943 1472 2056 1508 vivat.
2085 1473 2152 1507 Cui
2172 1480 2285 1508 autem
2309 1469 2403 1514 bona

1468 1513 1517 1550 est
1543 1515 1747 1553 conscientia
1768 1543 1780 1560 ,
1815 1519 2018 1567 tranquillus
2044 1519 2093 1559 est
2114 1535 2123 1556 ε
2159 1524 2194 1563 &
2219 1520 2287 1570 ipsa
2311 1531 2403 1562 tran-

1468 1564 1619 1613 quillitas
1653 1566 1827 1605 sabbatum
1853 1568 1901 1606 est
1933 1569 2047 1607 cordis
2067 1598 2075 1606 .
2113 1571 2273 1609 Attendit
2307 1575 2401 1613 enim

1467 1614 1711 1663 promissorem
1738 1620 1961 1659 Dominum3
1986 1624 2022 1657 &
2046 1620 2071 1656 fi
2095 1620 2229 1660 laborat
2255 1625 2292 1658 in
2316 1634 2401 1672 prae-

1467 1664 1573 1709 senti,
1600 1668 1798 1706 extenditur
1824 1669 1879 1718 spe
1905 1669 2011 1713 fiituri
2032 1696 2043 1714 ,
2069 1675 2105 1707 &
2128 1671 2300 1708 serenatur
2324 1685 2399 1713 om-

1463 1729 1505 1752 ne
1532 1715 1690 1758 nubilum
1727 1719 1901 1759 trIstitiae3
1933 1719 2026 1757 ficut'
2049 1720 2133 1761 dicit
2169 1720 2359 1770 Apostolus
2385 1747 2399 1769 ,

1461 1765 1518 1814 spe
1543 1763 1752 1814 g'audentes.
1780 1769 1897 1820 Ipsum
1922 1781 2034 1807 autem
2060 1771 2222 1819 gaudium
2248 1775 2284 1814 in
2309 1782 2400 1810 tran·
2415 1774 2594 1808 Rom-¹2³⁸·

1461 1817 1617 1864 quilitate
1643 1819 1714 1870 spei
1743 1821 1868 1857 nostrae
1886 1845 1898 1863 ,
1924 1820 2102 1861 subbatum
2129 1821 2286 1859 nostrum
2313 1821 2363 1860 est
2386 1851 2397 1860 .

1460 1870 1542 1904 Hoc
1569 1871 1857 1914 commendatur,
1882 1869 1954 1907 hoo
1978 1882 2133 1908 cantatur
2159 1875 2195 1908 in
2221 1872 2287 1911 isto
2313 1872 2396 1920 psslss

1459 1930 1520 1953 mo
1537 1943 1549 1961 ,
1584 1920 1769 1967 quomodo
1804 1921 1843 1958 fit
1869 1919 1982 1958 homo
2011 1920 2229 1960 Christianus
2267 1926 2300 1959 in
2326 1922 2396 1960 sab-

1458 1966 1540 2005 bato
1565 1970 1678 2008 cordis
1705 1972 1753 2015 sui
1776 1997 1791 2017 ,
1815 1971 1851 2008 id
1877 1970 1925 2014 est
1944 1997 1959 2018 ἶ
1982 1975 2017 2007 in
2044 1976 2221 2014 vacatione
2245 1977 2280 2012 δε
2305 1984 2395 2014 trau-

1458 2018 1629 2066 quillitate
1655 2025 1690 2056 &
1715 2021 1892 2059 serenitate
1912 2021 2124 2058 conscientiae
2142 2022 2205 2059 suae
2230 2036 2299 2060 non
2319 2036 2396 2073 per-

1457 2068 1610 2114 turbatus
1627 2098 1635 2111 .,
1670 2071 1754 2108 Inde
1780 2072 1866 2109 dicit
1891 2069 1951 2108 hic
1969 2098 1982 2116 ‚
2015 2072 2104 2109 unde
2129 2072 2239 2110 solent
2262 2082 2395 2122 pertur-

1457 2118 1529 2155 bari
1556 2119 1716 2158 homines
1735 2148 1749 2166 ‚
1783 2127 1818 2163 &
1843 2123 1947 2166 docet
1973 2133 2007 2159 te
2031 2133 2129 2168 agere
2153 2121 2330 2161 sabbatum
2353 2126 2392 2162 in

1457 2169 1562 2212 corde.
1588 2181 1672 2213 tuo,
2063 2183 2065 2185 ·

1555 2374 1609 2407 Ex
1633 2368 1710 2406 libro
1735 2375 1803 2405 ΧΗ.
1829 2366 1965 2414 ejusdem
1990 2370 2027 2405 de
2053 2372 2203 2409 eivitate
2227 2375 2289 2413 Dei

1714 2424 1791 2470 Cap.
1813 2425 1908 2455 XVII.
1935 2419 2021 2469 vers.
2046 2431 2077 2458 ι,
2097 2432 2129 2460 2,

1499 2518 1575 2556 Lud
1603 2531 1743 2567 quoque
1768 2531 1838 2555 non
1865 2517 2011 2565 dubito,
2035 2533 2112 2558 ante
2130 2535 2233 2571 quam
2258 2529 2392 2573 primus
2420 2537 2587 2577 Argum».

1523 2569 1637 2606 homo
1662 2580 1792 2606 creatus
1818 2567 1896 2605 effer
1913 2594 1925 2612 ,
1961 2583 2147 2624 numquam
2183 2576 2455 2625 quemquam‘ta‚
2475 2579 2583 2618 quibu-S

1455 2621 1638 2657 hominem
1666 2618 1757 2655 fuisse
1777 2645 1789 2662 ,
1827 2633 1889 2656 nec
1914 2623 2073 2659 eumdem
2100 2622 2209 2675 ipsum
2229 2650 2242 2670 ,
2276 2626 2389 2664 neseio
2406 2628 2502 2651 “effla
2530 2630 2582 2665 ¹²³·

1455 2670 1580 2719 quibus
1598 2669 1834 2706 circumitibus
1846 2695 1858 2717 ,
1884 2670 1996 2711 nescio
2007 2676 2139 2725 quoties
2164 2676 2390 2721 revolutum²
2405 2668 2580 2732 ξὲἑῗωξὲω

1456 2736 1519 2757 nec
1544 2720 1649 2758 alium
1676 2721 1825 2768 aliquem
1852 2731 1970 2760 natura
1997 2722 2137 2761 similem
2159 2752 2167 2763 .
2196 2729 2319 2776 Neque
2344 2711 2556 2782 ab'oppupgna-

1455 2771 1520 2808 hac
1548 2771 1615 2807 fide
1642 2783 1696 2806 me
1731 2769 2027 2819 philosophorum
2054 2786 2251 2821 argumenta
2276 2777 2386 2815 deter-
2403 2790 2468 2814 tur.

1455 2833 1551 2863 rent,
1577 2834 1726 2869 quorum
1754 2821 1979 2857 acutiffimum
1998 2822 2087 2859 illud
2104 2833 2262 2874 putatur,
2287 2827 2387 2878 quod

1454 2873 1571 2909 dicunt
1589 2897 1601 2914 ,
1637 2871 1728 2907 nulla
1754 2871 1886 2906 infinita
1911 2871 1981 2908 ulla
2014 2872 2146 2911 scientia
2172 2875 2265 2927 poffe
2289 2890 2384 2918 com-

1454 2921 1621 2971 prehendi
1634 2935 1646 2956 ε·
1667 2934 1706 2958 ae
1730 2934 1793 2970 per
1818 2919 1888 2956 hoc
1915 2923 2033 2966 Deus,
2059 2928 2239 2976 inquiunt,
2264 2940 2382 2968 rerum

1454 2987 1534 3021 quas
1570 2974 1680 3014 facit,
1712 2973 1868 3007 omnium
1905 2971 2080 3011 finitarum
2115 2988 2233 3014 omnes
2269 2976 2382 3018 finitas

1453 3023 1543 3071 apud
1577 3021 1607 3057 st,
1642 3024 1789 3057 rationes
1823 3020 1927 3058 habet
1946 3050 1954 3058 .
1993 3026 2132 3061 Bonitas
2163 3035 2278 3063 autern
2311 3029 2382 3074 ejus

1453 3084 1625 3119 nunquam
1646 3084 1749 3108 vacua
1775 3070 1867 3108 fuifsc
1887 3072 2051 3109 credenda
2075 3072 2146 3116 est,
2173 3087 2214 3113 ne
2241 3075 2280 3112 fit
2297 3087 2386 3115 tem-

1453 3122 1577 3171 poralis
1603 3123 1670 3168 ejus
1697 3126 1856 3170 operatio
1876 3147 1887 3164 ,
1921 3123 2012 3170 cujus
2037 3132 2133 3162 retro
2158 3124 2263 3162 fuerit
2288 3138 2384 3164 aeter-

1453 3187 1493 3209 na
1520 3170 1654 3209 cessatio
1678 3197 1690 3214 ‚
1723 3172 1811 3219 quasi
1838 3174 2028 3220 paenituerit
2054 3185 2131 3209 eum
2159 3178 2288 3226 prioris
2314 3176 2383 3217 fine

1453 3226 1554 3258 initio
1578 3225 1764 3258 vacationis
1785 3247 1797 3264 ,
1833 3234 1871 3258 ac
1903 3232 2087 3268 propoerea
2121 3223 2160 3260 fi't
2186 3229 2299 3273 operis
2324 3240 2385 3274 ag.

1450 3271 1576 3321 gressus
1598 3274 1753 3307 initium.
1779 3274 1824 3307 Et
1851 3269 1928 3308 ideo
1953 3270 2078 3308 necefl'e
2104 3274 2174 3316 est,
2201 3278 2382 3323 inquiunt,

1453 3322 1567 3358 eadem
1594 3321 1725 3368 semper
1751 3323 1856 3368 repeti
1880 3345 1891 3361 ‚
1918 3321 2103 3376 eademque
2127 3323 2259 3375 semper
2285 3339 2383 3378 repe,

1452 3372 1550 3409 tenda
1577 3371 1823 3412 transcurrere,
1848 3374 1912 3406 &a

1501 3424 1573 3462 Has
1607 3422 1913 3470 argumentationes
1947 3422 2069 3471 quibus
2101 3428 2200 3475 impii
2226 3427 2381 3465 nostram

1453 3471 1641 3519 fimplicem
1666 3473 1849 3518 pietatem,
1875 3481 1913 3507 ut
1938 3486 2015 3509 cum
2043 3474 2109 3511 illis
2135 3479 2169 3512 in
2195 3480 2380 3515 circumitu

1453 3520 1686 3562 ambulemus,
1711 3519 1752 3555 de
1771 3523 1828 3555 via*
1853 3523 1944 3558 reeta
1962 3535 2128 3562 conantur
2154 3537 2329 3571 avertere,
2354 3528 2380 3565 fi

1452 3574 1539 3607 ratio
1565 3570 1709 3606 refutare
1734 3582 1804 3605 non
1829 3569 1937 3618 posset
1956 3597 1971 3615 ,
2003 3574 2086 3612 fides
2113 3576 2255 3614 irridere
2280 3577 2380 3614 debe-

1453 3631 1530 3656 ret.
1557 3622 1637 3656 Huc
1662 3619 1791 3655 accedit
1809 3644 1821 3662 ,
1855 3621 1950 3669 quod
1974 3626 2009 3659 in
2034 3624 2206 3667 adiutorio
2232 3630 2379 3667 Domini

1454 3669 1562 3706 nostri
1579 3668 1644 3705 hos
1670 3668 1838 3705 volubiles
1858 3672 2027 3716 circulos,
2053 3687 2139 3728 quos
2165 3680 2378 3727 opiniocon-

1457 3720 1554 3767 fingit
1575 3719 1601 3762 ,'
1622 3723 1710 3754 ratio
1737 3719 1909 3757 manifesta
1942 3724 2093 3760 confrint
2114 3752 2122 3760 .
2159 3728 2252 3763 Hinc
2283 3732 2377 3765 enim

1456 3772 1605 3805 maxime
1630 3767 1683 3803 isti
1709 3780 1842 3812 errant,
1867 3782 1905 3807 ut
1931 3776 1966 3808 in
1991 3777 2174 3812 circumitu
2199 3775 2280 3812 falso
2306 3791 2377 3815 am·

1455 3817 1571 3855 bulare
1583 3843 1595 3860 ,
1620 3830 1720 3865 quam
1734 3823 1967 3857 ver0&reeto
1984 3826 2102 3860 itincre
2113 3825 2254 3868 malint,
2279 3828 2375 3874 quod

2237 3888 2330 3915 men-
