2652 4126
408 240 522 308 326
604 228 710 295 DE
773 211 1240 291 VOCATIONE-
1277 245 1597 290 OMNIUM
1651 239 2024 289 GENHUM‘
2070 214 2075 239 ⁷
2130 212 2134 218 ’

218 343 327 373 Timor
337 344 386 377 sa,
402 327 477 365 ficit
499 332 641 371 timore,
667 341 737 376 quo
765 323 869 373 eoepit
890 354 897 360 .
923 329 1014 362 Cum
1042 316 1213 370 'ergcshic
1239 329 1342 363 timor

219 384 366 424 pientiam⁴
404 380 502 421 etiam
524 392 582 425 per
600 378 776 424 quamdam
798 379 868 412 vim
888 378 998 421 magni
1026 378 1163 416 terroris
1193 379 1341 414 immitti-

215 425 331 467 gignit·
400 441 480 471 tur,
506 441 574 463 non
603 427 647 463 ibi
679 430 764 462 ratio
790 427 996 471 extinguitur
1015 450 1025 468 ,
1060 437 1122 460 nec
1150 425 1334 463 intellectus

399 479 548 516 aufertur
575 491 584 515 ς
610 476 736 512 sedilia
758 478 868 523 potius
887 487 960 523 quae
989 486 1133 511 mentem
1163 476 1333 523 premebat

402 528 510 574 caiigo
526 528 719 569 discutitur,
744 537 781 561 ut
801 525 952 562 voluntas
970 526 1145 573 depravata
1177 528 1330 573 prius'at·

399 591 466 625 que
484 580 608 625 captiva
621 602 629 615 .
655 577 741 612 reeta
761 575 922 614 efficiatur
939 579 973 611 &
990 575 1108 614 libera.
1136 576 1237 613 Unde
1246 576 1327 615 ficut

399 632 523 663 animus
542 624 624 662 nihil
644 628 777 664 virtutis
796 630 906 674 capit,
932 626 999 663 nisi·
1011 626 1140 662 radium
1159 630 1228 662 veri
1239 639 1328 664 acce-

398 680 485 724 perit
514 676 650 713 luminis
678 689 692 716 3
725 680 768 712 ita
795 680 897 723 gratia
925 675 1010 718 nihil
1039 681 1071 713 ei
1098 689 1200 724 quern
1232 688 1327 714 vocat

396 726 550 769 confert,
577 723 633 762 nisi
654 725 772 762 oculos
790 730 824 762 in
852 739 895 762 eo
923 730 1090 775 aperuerit
1117 727 1292 764 voluntatis
1317 755 1326 763 .

396 780 483 824 Qae
503 780 535 812 in
554 775 737 824 plerisque,
764 776 845 812 ficut
863 776 1010 825 superius
1028 776 1231 823 disputatum
1258 776 1326 820 est,

302 837 320 858 a
394 826 433 863 ab
452 826 524 873 ipso
542 829 638 862 initio
657 826 703 863 sui
720 827 936 863 ardentissima
956 854 967 871 ‚
1001 831 1015 848 ²
1039 829 1112 863 citis
1140 831 1175 863 &
1203 830 1327 874 magnis

392 876 517 913 ditatur
535 881 718 924 augmentis
745 901 755 918 ,
781 880 815 913 in
839 877 1000 925 plerisque
1017 888 1129 913 autem
1150 878 1335 914 tardecun:

392 928 585 974 &anterque
603 926 802 976 proficiens,
829 931 886 964 vix
903 928 944 965 ad
963 941 1000 965 ea
1019 930 1219 964 incrementa
1251 940 1328 977 pro·

309 1003 325 1012 .-
392 976 529 1014 vehitur
559 1003 571 1022 ,
606 990 679 1025 quae
709 978 864 1015 idoneam
890 978 931 1015 ad
967 977 1242 1026 perseverandum
1269 977 1327 1015 ha-

205 1031 376 1071 joan.6,44.
391 1026 489 1064 beant
509 1027 722 1065 firmitatem.
751 1031 850 1065 Dicit
866 1028 1007 1076 quidem
1026 1031 1195 1065 Dominus
1214 1053 1226 1071 ‚
1261 1028 1326 1061 Ne·

390 1089 438 1111 mo
457 1077 550 1111 vonit
567 1078 614 1111 ad
631 1089 698 1121 me,
724 1076 785 1118 m'fi
802 1078 906 1112 Pater
925 1077 984 1125 qui
1001 1077 1087 1118 misit
1104 1089 1153 1111 me
1177 1103 1188 1120 ‚
1213 1076 1325 1112 adtra-

390 1128 474 1161 xerit
493 1140 581 1162 cum.
610 1129 672 1165 Sed
689 1127 758 1164 hoc
775 1128 851 1165 ideo
870 1129 997 1164 didium
1015 1128 1084 1168 est,
1110 1138 1148 1164 ut
1179 1126 1269 1165 illam
1286 1128 1329 1164 fi:

389 1178 488 1221 dem,
514 1178 579 1214 fine
600 1191 666 1225 qua
686 1190 785 1214 nemo
804 1178 845 1214 ad
865 1176 1043 1214 Christum
1063 1181 1175 1221 venit,
1201 1191 1244 1214 ex
1267 1182 1325 1214 Pa-

387 1232 448 1263 tris
463 1227 582 1263 haberi
610 1240 749 1263 munere
777 1230 967 1264 noverimus
985 1252 997 1269 ,
1029 1227 1210 1265 secundum
1239 1227 1321 1265 illud

385 1277 478 1322 quod
499 1276 652 1325 apostolo
677 1272 694 1298 b
718 1281 819 1313 Petro
838 1277 960 1314 dicitur
978 1291 988 1316 3
1015 1277 1141 1311 Beatus
1158 1289 1192 1311 es
1210 1278 1324 1312 Simon

209 1349 293 1378 Man
323 1351 358 1376 ¹6
384 1327 486 1367 Bar-J
489 1337 570 1370 ona,
597 1325 674 1370 quia
696 1337 772 1359 caro
792 1324 982 1372 &sanguis
1002 1338 1063 1361 non
1086 1327 1259 1362 revelavit
1280 1328 1322 1363 ti—

209 1377 256 1421 '17‚
294 1370 302 1377 ”
361 1371 418 1410 'bi
429 1403 438 1419 ,
457 1376 518 1420 sed
538 1376 640 1409 Pater
659 1387 748 1409 meus
771 1376 829 1422 qui
849 1376 883 1410 in
905 1376 992 1411 caelis
1008 1375 1076 1419 est.r
1097 1381 1171 1425 Qui
1189 1381 1222 1416 in
1243 1393 1329 1416 cor-.

202 1428 292 1458 fides
307 1437 366 1466 qua
381 1426 477 1465 dibus
498 1425 740 1464 trahendorum
760 1425 828 1463 hoc
856 1430 925 1474 egit
953 1438 992 1465 ut
1015 1427 1190 1466 crederent
1207 1455 1220 1473 ,
1252 1429 1336 1467 hoe*

201 1469 362 1538 gum-{ium
382 1478 489 1515 effecit
507 1489 545 1514 ut
567 1476 709 1513 vellent.
737 1481 819 1515 Non
839 1482 926 1514 enim
947 1476 1022 1514 esset
1043 1479 1129 1515 unde
1150 1478 1321 1518 traheren-

198 1518 361 1586 5nsss¹jm⁰tfft
381 1541 436 1565 tur
457 1554 469 1571 ,
503 1527 525 1563 fi
555 1527 706 1575 sequaces
738 1528 804 1564 fide
834 1533 870 1565 δε
896 1528 1066 1566 voluntate
1094 1542 1163 1566 non
1183 1529 1281 1567 effent

198 1596 218 1620 a
233 1587 313 1622 neo,
380 1580 539 1628 quoniam
557 1583 616 1625 qui
638 1591 705 1614 non
726 1579 890 1622 credunt,
916 1592 977 1616 nec
1007 1577 1186 1617 trahuntur
1215 1584 1323 1618 omni-

380 1643 447 1673 no,
472 1641 532 1666 nec
552 1631 708 1667 venium
733 1642 841 1677 neque
860 1631 1021 1667 accedunt
1038 1634 1096 1679 qui
1118 1629 1323 1675 dissentiunt,

379 1680 435 1716 scd
458 1678 635 1715 recedunt.
663 1683 733 1725 Qui
756 1692 838 1728 ergo
855 1684 993 1717 veniunt
1013 1706 1023 1722 ,
1053 1693 1168 1717 amore
1198 1681 1324 1719 ducun-

380 1743 437 1767 tur
463 1745 475 1764 .·
501 1728 611 1764 dilect-i
633 1733 718 1766 enim
749 1730 822 1767 sunt
843 1757 855 1775 ,
880 1734 915 1765 &
943 1730 1132 1768 dilexerunt
1158 1743 1172 1776 ,ς
1197 1732 1321 1778 quaefiti

378 1781 476 1822 sunt,
503 1782 537 1814 &
558 1780 752 1826 quaefierunt
772 1804 783 1823 ‚
807 1783 842 1816 δε
875 1781 971 1829 quod
999 1793 1057 1819 eos
1088 1781 1198 1819 voluit
1226 1785 1320 1821 Deus

378 1831 487 1875 velle,
515 1828 716 1868 voluerunt.

542 1939 575 1972 C
624 1936 671 1970 A*
707 1937 733 1970 P
783 1935 818 1972 U
867 1935 903 1971 T
978 1938 1141 1973 XXVIII,

381 2034 469 2081 Poffe
495 2045 545 2067 eos
571 2031 628 2080 qui
647 2033 765 2080 gratia
793 2033 860 2068 Dei
884 2031 919 2067 in
947 2033 1110 2079 Christum
1145 2036 1283 2071 credunt
1309 2063 1320 2082 ‚

429 2096 491 2120 non
501 2084 671 2168 deredere,
695 2086 738 2119 Θ·
764 2095 813 2118 eos
839 2084 898 2134 qui
917 2084 1132 2135 perseverant
1151 2114 1165 2135 ²
1198 2100 1220 2123 a
1246 2089 1329 2123 Deo·

430 2147 502 2169 rece·
525 2146 596 2173 ero=

382 2243 397 2259 0
507 2238 551 2274 Ui
574 2235 615 2272 ad
626 2234 854 2272 obediendum
872 2236 953 2280 fibi,
979 2236 1084 2284 ipsum
1097 2236 1182 2273 velle
1200 2237 1243 2272 fic
1260 2236 1321 2272 do·

395 2304 402 2310 <
516 2296 605 2327 nat,
629 2295 668 2320 ut
684 2288 782 2321 etiam
803 2298 821 2320 a
841 2286 1094 2332 perseveraturis
1108 2287 1195 2321 illam
1215 2296 1323 2322 muta-

394 2339 404 2354 ‘·
425 2345 426 2348 ’
504 2334 670 2371 'bilitatem
695 2346 768 2381 quae
793 2334 902 2382 petest
927 2335 1018 2372 nolle
1038 2360 1047 2377 ‚
1083 2348 1151 2372 non
1178 2334 1319 2372 auferat.

379 2386 544 2434 Alioquin
562 2397 665 2420 nemo
682 2396 839 2430 umquam
859 2384 1009 2421 fidelium
1042 2384 1208 2421 receffiffet
1235 2398 1254 2420 a
1282 2385 1320 2419 fl-

381 2437 446 2477 de,
471 2437 639 2476 neminem
654 2432 917 2478 concupiscentia
949 2437 1094 2469 vinceret
1113 2459 1125 2476 ,
1152 2438 1318 2469 neminem

382 2483 511 2522 tristitia
529 2481 687 2523 elideret,
712 2483 882 2517 neminem
901 2482 1071 2518 iracundia
1103 2482 1284 2519 debellaret
1308 2506 1322 2525 ,

383 2534 503 2574 nullius
538 2530 680 2569 charitas
708 2529 929 2577 refrigesceret
947 2557 956 2573 ,
1005 2531 1127 2568 nullius
1167 2535 1322 2577 patientia

385 2585 607 2630 frangeretur,
633 2585 667 2617 &
687 2580 840 2617 collatam
860 2580 917 2617 sibi
937 2585 1076 2629 gratiam
1097 2593 1199 2617 nemo
1221 2580 1322 2626 negli-

386 2644 476 2681 geret
500 2649 511 2669 .·
537 2632 591 2668 sed
613 2634 689 2679 quia
706 2629 778 2668 haec
802 2629 932 2679 poss'unt
952 2631 1047 2672 fieri,
1073 2634 1107 2667 &
1127 2634 1159 2666 in
1186 2629 1324 2667 consen-

385 2684 456 2721 sum
477 2683 590 2720 talium
612 2686 832 2718 tentationum
854 2681 954 2717 facins
985 2683 1126 2717 nimium
1155 2680 1324 2729 proclivis·

387 2747 453 2782 que
476 2731 642 2777 descensio
662 2732 729 2772 est,
756 2744 936 2778 numquam
956 2730 1053 2768 debet
1072 2735 1106 2767 in
1126 2730 1259 2768 auribus
1287 2731 1325 2766 fi·

389 2783 516 2820 delium
534 2794 601 2817 vox
620 2781 673 2817 illa
693 2783 834 2817 Domini
853 2793 919 2816 non
942 2781 1052 2819 sonare
1064 2806 1075 2824 ,
1103 2789 1167 2829 qua
1179 2779 1326 2828 Aposto-

390 2834 430 2870 ljs
449 2835 594 2875 dicitur,
619 2829 759 2876 Vigilate
778 2829 821 2863 δ’
840 2840 955 2874 orate,
981 2844 1018 2863 ne
1037 2831 1175 2864 intretis*
1195 2831 1228 2863 in
1259 2841 1327 2864 ten-

365 2883 372 2892 “
392 2883 560 2918 tationem.
586 2880 656 2918 Ubi
674 2879 696 2915 si
716 2881 758 2917 de
777 2880 946 2925 vigilando
964 2892 1089 2918 rantum
1102 2908 1113 2925 ,
1140 2894 1209 2917 non
1229 2884 1328 2918 etiam

394 2935 435 2970 de
453 2931 581 2969 orando
600 2930 779 2976 discipulos
797 2930 990 2968 admoneret
1008 2958 1017 2973 ‚
1054 2931 1134 2968 solas
1163 2930 1259 2969 liberi
1279 2944 1326 2967 ar—

395 2984 485 3021 bitrii
506 2985 589 3017 vires
608 2980 777 3017 videretur
798 2980 968 3018 hortatus.
996 2983 1058 3019 Sed
1077 2994 1155 3018 cum
1175 2982 1326 3023 addidit,

400 3032 442 3065 (9¹
460 3041 546 3065 orate
572 3044 582 3072 ς
609 3031 682 3068 satis
701 3031 816 3068 docuit
845 3031 974 3079 superni
1005 3032 1155 3069 futurum
1182 3033 1326 3068 muneris

400 3094 438 3118 ut
467 3094 522 3117 eos
550 3085 650 3118 etiam
679 3082 848 3127 vigilantes
877 3085 1062 3118 tentationis
1088 3081 1235 3129 procella
1261 3093 1328 3116 non

347 3174 349 3177 y
371 3131 373 3133 ’
404 3135 568 3171 vinceret.
593 3129 676 3169 Tale
694 3128 741 3167 est
758 3134 791 3169 δε
811 3128 895 3167 illu'd
912 3131 1005 3180 quod
1023 3133 1089 3174 ait,
1115 3129 1252 3174 Simon,
1277 3130 1330 3163 Se·-

288 2279 306 2301 C

218 2866 310 2898 Man.
326 2865 361 2893 26

220 2916 237 2941 ς
244 2915 252 2933 ι
261 2925 271 2935 .

442 3275 460 3295 a
480 3263 562 3294 Editi
586 3263 675 3294 nostri
696 3270 782 3293 antea
803 3262 871 3301 fitis
886 3284 895 3294 .
924 3262 1034 3294 Melius
1062 3263 1132 3294 citis
1145 3286 1154 3297 .
1174 3274 1227 3305 per
1246 3276 1278 3294 c.
1299 3272 1335 3293 ex

404 3303 470 3335 Mis.
492 3304 595 3334 Camb.
616 3302 646 3334 &
668 3303 724 3339 Jol.
748 3302 779 3333 ἃ
807 3304 876 3335 edit.
904 3304 1014 3334 Leonis
1032 3312 1044 3332 :
1066 3313 1135 3336 curn
1164 3305 1332 3345 correspon-

405 3344 472 3374 deat
492 3345 606 3378 statim,
627 3345 710 3373 tarde
727 3341 958 3383 cunctanterque.

446 3384 466 3414 b
485 3384 574 3415 Recte
598 3383 661 3413 Mis.
683 3383 787 3413 Camb.
808 3383 839 3414 ἃ
861 3384 993 3419 Jol.cum
1015 3384 1115 3416 Leone
1136 3385 1260 3416 addunt.
1282 3385 1334 3413 Pe-

406 3434 466 3456 tro.
486 3434 543 3462 qua
565 3433 636 3452 voce
655 3431 752 3453 carent
774 3423 856 3453 Editi
878 3423 986 3455 nostri.

444 3473 461 3494 c
482 3464 542 3493 Mi.
560 3463 737 3493 Camberon.
760 3464 861 3502 ,Quia-

446 3504 465 3533 d
488 3502 543 3534 Ms.
566 3502 716 3538 Jolienfis,
738 3503 925 3543 expostulavit
953 3513 986 3534 ut
1012 3516 1065 3535 vos
1090 3503 1228 3535 cribraret
1243 3527 1253 3538 .
1280 3502 1336 3533 Ms-

407 3542 514 3573 Camb.
533 3542 710 3582 postulavit,
731 3552 762 3572 ut
784 3555 836 3573 vos
856 3544 1008 3575 cribraret.
1030 3545 1074 3575 De
1098 3554 1172 3576 voce
1200 3551 1336 3577 cerneret,

408 3592 497 3621 quarn
520 3582 628 3612 habent
651 3583 731 3613 Editi
755 3583 844 3613 nostri
864 3583 899 3616 ἀ
921 3585 1046 3620 Leonis,
1071 3584 1139 3615 vide
1160 3585 1243 3624 supra
1271 3593 1338 3623 pag.

411 3624 479 3658 885.
502 3623 531 3651 in
555 3630 626 3652 nota
647 3624 681 3651 C.
703 3623 784 3654 Idem
806 3623 913 3654 Camb.
933 3624 964 3654 ἃ
983 3625 1094 3656 Leonis
1115 3625 1207 3656 editio
1227 3631 1337 3664 rogate,

412 3672 466 3700 pro
485 3672 569 3700 roga,
592 3663 622 3692 in
644 3662 727 3692 aliis.

452 3711 467 3729 e
490 3701 550 3730 Mis
576 3702 752 3733 Can-»beron
773 3703 803 3734 &
824 3703 880 3738 Joi.
902 3704 955 3741 nile*
969 3712 1021 3744 pro
1040 3716 1091 3735 ea·

452 3739 468 3769 f
484 3740 567 3770 Alias
594 3741 624 3770 in
649 3743 763 3778 Leone,
787 3743 816 3773 δι
837 3743 870 3772 in
890 3743 1000 3775 Colon.
1021 3744 1090 3774 edit.
1114 3744 1263 3785 Prosperi,
1283 3753 1344 3773 mu-

415 3789 476 3810 tare
484 3801 492 3809 ο

454 3831 474 3859 g
498 3819 619 3855 Ms.J01.
640 3820 699 3858 einr
720 3822 779 3851 cui.
804 3822 918 3853 Deinde
939 3823 1010 3854 alias
1030 3823 1217 3854 moriturum.
1240 3822 1349 3855 Leonis

416 3861 486 3891 edit.
505 3862 735 3893 commoriturum
742 3882 749 3890 .

1404 338 1497 370 mon,
1547 337 1614 359 ecce
1643 324 1779 370 satanas
1816 324 2002 372 postulavit
2035 334 2075 358 ut
2117 320 2178 359 vos
2213 323 2232 349 ἃ
2253 321 2329 360 ⁴¹c'er-
2348 347 2501 383 Lucan„

1402 386 1488 410 neret
1508 375 1602 408 velut
1622 375 1783 411 triticum,
1810 376 1878 422 Ego
1899 385 2007 410 autem
2030 373 2148 421 roga-vi
2168 381 2233 421 'pro
2247 372 2291 409 'te
2313 400 2329 422 ,
2404 385 2424 415 d

1399 438 1438 459 ne
1455 426 1584 468 deficiat
1603 425 1688 468 fides
1715 433 1773 457 tua
1799 438 1810 467 3
1836 427 1879 460 (θ’
1904 435 1942 459 tu
1968 424 2100 459 tandem
2118 423 2327 472 conversatis,

1392 475 1543 519 confirma
1558 473 1686 518 fratres
1707 485 1780 509 tuos
1792 500 1804 518 ,
1828 474 1873 510 &
1890 486 2002 523 rogate
2021 488 2060 509 ne
2076 472 2204 508 intretis
2214 473 2248 507 in
2258 483 2327 508 ten-

1392 527 1562 562 tationem.
1589 528 1620 561 Si
1641 537 1722 573 ergo
1741 525 1905 564 detectura
1925 538 1991 564 erat
2014 526 2095 564 fides
2123 527 2205 562 tanti
2229 528 2324 574 Apo-

1389 575 1487 617 stoli,
1513 580 1528 598 ⁸
1555 576 1613 611 nifi
1644 588 1709 624 pro
1737 589 1778 611 eo
1804 574 1956 614 Christus
1984 588 2093 614 oraret
2119 588 2129 613 ς
2155 578 2258 612 inerat
2291 578 2323 612 ei
2401 595 2418 616 e,

1390 625 1613 675 proculdubio
1633 624 1852 670 mutabilitas,
1876 640 1951 674 quae
1977 625 2080 676 poss‘et
2106 629 2140 663 in
2170 629 2324 662 tentatio-

1389 690 1431 714 ne
1457 673 1473 699 t·
1497 688 1608 713 nutare
1632 689 1641 713 3
1665 680 1702 713 δε
1721 688 1788 713 non
1808 679 1852 713 ita
1868 677 2197 726 jam‘perseverantiae
2215 674 2321 714 fixerat
2411 704 2428 737 f

1389 731 1511 764 virtute
1531 725 1705 769 solidatus,
1731 738 1769 762 ut
1795 725 1893 763 nullis
1920 727 2077 776 'periculis
2106 725 2183 764 ess'et
2209 724 2322 762 obno-

1390 781 1482 815 xius.
1508 776 1539 813 Si
1559 777 1693 825 quidem
1705 787 1773 812 tam
1792 780 1897 824 gravis
1914 791 1991 815 eum
2010 776 2214 826 perturbatio
2223 779 2322 813 etiam

1389 826 1465 876 post
1484 825 1540 862 ista
1558 825 1773 869 concusserit,
1799 838 1836 863 ut
1867 831 1899 863 in
1926 827 2066 877 Caiphae
2094 828 2201 865 domo
2229 829 2326 863 unius

1389 877 1514 915 ancillae
1523 880 1778 923 interrogatione
1790 876 1975 925 pavefafitus
1986 903 1999 921 ,
2023 877 2124 926 usque
2140 878 2182 915 ad
2201 880 2325 914 trinam

1388 930 1599 976 negationem
1620 931 1637 956 g
1655 925 1781 963 Christi
1794 952 1805 969 ‚
1831 931 1886 964 cui
1905 931 2184 965 commoriturum
2203 925 2234 963 se
2251 926 2326 975 spo-
2401 954 2426 987 g

1389 978 1574 1026 ponderat,
1601 976 1782 1014 constantia
1793 977 1966 1014 deficiente
1978 978 2155 1026 perductus
2165 977 2224 1014 fit.
2251 979 2325 1023 Qui

1390 1038 1473 1075 ergo
1490 1038 1572 1064 tunc
1590 1026 1826 1064 conturbatum
1846 1040 1907 1064 cor
1925 1027 2080 1077 Apostoli
2108 1038 2176 1064 non
2207 1024 2324 1063 h'uma.

1387 1081 1461 1122 nis,
1486 1077 1540 1114 sed
1560 1077 1681 1114 divinis
1699 1080 1858 1116 convenit
1875 1077 2003 1123 oculis,
2028 1081 2061 1114 δι
2081 1078 2121 1114 ad
2141 1078 2248 1126 largos
2260 1090 2325 1125 pae·

1387 1129 1546 1165 nitudinis
1565 1128 1660 1165 fletus
1679 1132 1809 1179 potenti
1827 1130 1977 1166 incitavit
1994 1128 2150 1177 adspedffl
2174 1141 2185 1166 ς
2212 1130 2325 1175 potuit

1386 1177 1474 1216 hanc
1497 1176 1686 1216 firmitatem
1705 1181 1807 1214 animi
1824 1182 1994 1227 praecipuo
2010 1178 2163 1216 conferre
2181 1177 2330 1226 discipu»

1387 1228 1446 1270 lo,
1472 1239 1509 1265 ut
1527 1229 1608 1267 ficut
1629 1227 1735 1277 ipsum
1756 1231 1944 1266 Dominum
1971 1227 2056 1266 nihil
2084 1227 2324 1277 ab‚explendae

1387 1280 1544 1316 Paffionis
1573 1278 1747 1327 propofito
1774 1278 1963 1316 deterrebat
1984 1304 1998 1323 ,
2016 1283 2076 1317 'ita
2103 1278 2324 1318 nec..beatum

1386 1325 1535 1365 Petrum·
1547 1327 1615 1366 ulla
1634 1340 1714 1366 tunc
1733 1329 1883 1366 formido
1904 1330 2085 1378 superaret.
2111 1327 2252 1368 Sedhaec
2264 1326 2324 1374 sta.-

1385 1376 1494 1416 bilitas
1512 1377 1598 1416 illius
1614 1378 2005 1429 'tantummodo-propria
2024 1380 2088 1417 fuit
2103 1405 2116 1424 ,
2151 1381 2222 1427 qui'
2235 1377 2324 1414 solus

1387 1430 1463 1466 vere
1483 1439 1704 1478 potenterque
1721 1429 1871 1473 dicebat,
1897 1429 2091 1472 Poteftatem
2109 1423 2420 1475 transpone-‘Ioan-
2449 1424 2499 1455 ¹05

1386 1491 1421 1513 re
1438 1481 1579 1513 animam
1596 1491 1697 1514 meam
1714 1506 1725 1523 ‚
1749 1480 1793 1514 θ
1814 1479 2007 1527 potestatem
2034 1478 2134 1515 habeo
2160 1478 2278 1514 iterum
2304 1474 2323 1501 ¹²
2343 1464 2420 1534 ὠὴ

1378 1530 1505 1577 sumere
1534 1541 1603 1563 eam
1624 1554 1633 1572 .,
1659 1533 1699 1568 In
1725 1534 1839 1570 ceteris
1866 1544 1952 1569 ‚vero
1970 1529 2189 1574 hominibus,
2214 1529 2323 1566 donec

1384 1592 1460 1615 caro
1486 1578 1685 1626 concupiscit
1699 1580 1875 1626 ·adversus
1900 1579 2053 1628 spiritum
2074 1608 2087 1627 ‚
2120 1579 2164 1615 <9⁰
2184 1577 2325 1627 spiritus
2339 1584 2495 1621 cat.5.17.

1385 1630 1548 1676 adversus
1566 1641 1717 1674 carnem,
1743 1635 1778 1668 &
1799 1631 1907 1669 donec
1920 1631 2059 1679 spiritus
2079 1629 2208 1677 quidem
2217 1625 2435 1675 prom-,M‘220
2454 1626 2500 1654 ²⁶·

1381 1690 1460 1728 ptus
1476 1679 1547 1726 est,
1572 1679 1650 1716 caro*
1666 1689 1774 1714 autem
1785 1680 1936 1730 infirma,
1965 1680 2247 1720 incommutabilis
2257 1682 2325 1717 ani·
2341 1674 2390 1703 ⁴¹·

1383 1735 1429 1769 mi
1448 1732 1617 1770 fortitudo
1639 1744 1707 1768 non
1729 1731 1839 1780 potest
1854 1736 1995 1782 reperiri
2018 1762 2026 1770 .
2053 1736 2225 1778 Quoniam
2253 1741 2325 1766 non

1383 1781 1506 1827 hujus,
1529 1782 1585 1819 sed
1606 1782 1737 1820 alterius
1754 1786 1832 1820 vitae
1852 1782 1899 1820 est
1925 1780 1934 1805 ³
1961 1796 2044 1820 verae
2065 1786 2151 1831 pacis
2184 1780 2327 1831 ρει-Ἑεᾶα
2409 1784 2423 1816 ί

1383 1837 1419 1870 &
1439 1834 1549 1870 secura
1571 1832 1744 1874 felicitas:
1770 1836 1803 1869 in
1821 1833 2112 1884 praesentisautem
2138 1834 2253 1881 agonis
2277 1834 2327 1873 in?

1380 1896 1494 1927 certo,
1521 1883 1578 1922 ubi
1598 1895 1668 1922 tota
1689 1887 1755 1920 vita
1774 1884 1988 1928 tentatioest,
2013 1889 2047 1923 &
2077 1881 2096 1908 k
2121 1881 2336 1933 absinfidiaoe
2403 1902 2425 1933 k

1380 1939 1422 1972 tis
1453 1933 1601 1983 superbia
1621 1948 1681 1971 nec
1702 1934 1769 1983 ipsa
1790 1934 1837 1972 est
1857 1946 1926 1973 tuta
1945 1937 2108 1981 victoria,
2132 1931 2407 1983 mutabilia-¹105„
2425 1952 2456 1979 7·

1381 1990 1422 2022 tis
1443 1985 1594 2036 periculo
1616 1998 1681 2021 non
1697 1995 1850 2025 caretur.
1877 1989 1924 2023 Et
1941 1985 2017 2023 licet
2037 1987 2215 2022 innumeris
2232 1979 2244 2005 ¹
2262 1982 2330 2018 Ian-
2408 1983 2421 2014 l

1387 2038 1449 2073 &is
1468 2037 1531 2074 suis
1549 2036 1651 2072 donet
1671 2039 1831 2077 virtutem
1850 2035 2078 2086 perseverandi
2115 2035 2218 2083 usque
2236 2036 2270 2067 ln
2289 2030 2339 2067 fia·-

1381 2100 1456 2124 netn
1486 2088 1598 2123 divina
1626 2087 1797 2135 prorefflo
1822 2109 1834 2127 ,
1867 2098 1884 2120 a
1911 2084 2016 2120 nullisv
2035 2094 2145 2119 tamen
2166 2086 2198 2105 ²¹²
2221 2077 2330 2117 aufert
2389 2072 2435 2102 ⁸¹¹³

1407 2137 1476 2172 uod
1499 2135 1573 2181 ipsis
1591 2138 1753 2180 repugnat
1773 2145 1815 2167 ex
1834 2132 1909 2178 ipfis
1934 2147 1944 2167 =
1969 2141 2008 2168 ut
2027 2135 2060 2167 in
2079 2129 2236 2167 omnib'us
2261 2127 2330 2165 stu-
2357 2142 2362 2147 ¹

1382 2150 1446 2221 diis
1467 2195 1584 2218 eorum
1603 2192 1703 2228 atque
1721 2179 1895 2219 conatibus
1911 2179 2042 2231 semper
2066 2184 2153 2218 inter
2180 2179 2212 2217 se
2239 2178 2328 2216 velle

1383 2238 1418 2269 &
1440 2231 1531 2268 nolle
1555 2236 1574 2253 ⁸
1598 2231 1787 2268 decertent.
2401 2232 2429 2265 Β,

1433 2285 1547 2327 Quam
1567 2285 1858 2331 compugnantiam
1878 2283 1966 2320 idem
1992 2282 2191 2320 beatiffimus
2209 2280 2335 2320 Petrus·

1383 2335 1480 2369 etiam
1502 2336 1536 2367 in
1555 2332 1622 2380 ipsa
1653 2331 1835 2381 palmarum
1862 2336 2014 2370 omnium
2040 2333 2328 2370 consummatione

1381 2380 1545 2430 perpessus
1564 2381 1629 2418 est.
1656 2385 1688 2418 Si
1707 2383 1843 2430 quidem
1862 2382 1931 2421 hoc
1946 2389 1965 2406 ⁰
1982 2382 2042 2432 ipfi
2062 2386 2230 2421 Dominus
2249 2394 2329 2430 pro·
2404 2394 2430 2427 o,

1380 2433 1520 2470 testetur
1538 2436 1572 2468 &
1595 2432 1702 2474 dicat,
1731 2432 1858 2475 Amen,
1883 2444 1973 2467 amen
1995 2433 2069 2467 dico
2087 2433 2149 2466 tibi
2163 2447 2175 2471 ς
2196 2429 2310 2478 quand
2331 2423 2508 2477 2Ju”·²¹·¹⁸

1378 2481 1515 2525 juvenis
1533 2491 1630 2522 eras,
1653 2480 1871 2525 praecingebas
1890 2489 1921 2514 te
1939 2507 1954 2524 ,
1980 2481 2025 2516 6·
2054 2479 2248 2518 ambulabas
2271 2465 2384 2515 u'bi‘&
2403 2474 2448 2503 ¹9·

1384 2530 1519 2563 volebas
1540 2556 1551 2571 ‚
1575 2539 1646 2562 cum
1674 2537 1783 2562 autem
1804 2528 1951 2574 semoris
1983 2557 1994 2574 ,
2031 2531 2184 2565 extendes
2212 2535 2333 2574 manus·
2388 2529 2393 2545 ⁵

1386 2588 1482 2621 tuas,
1508 2577 1551 2611 (9*
1571 2578 1658 2612 nlius
1674 2586 1706 2611 te
1721 2579 1921 2627 praecinget,
1949 2580 1993 2614 (9⁶
2011 2580 2104 2616 ducet
2124 2593 2184 2629 quo
2213 2590 2249 2617 tu
2266 2592 2329 2616 non

1386 2629 1460 2663 vis.
1489 2628 1556 2661 Hoc
1570 2636 1674 2662 autom
1701 2633 1720 2659 P
1746 2627 2063 2678 dixit,⁴stgnificans
2073 2644 2140 2679 qua
2151 2631 2328 2678 marteglo-
2399 2634 2431 2667 Pi

1388 2679 1570 2723 rtficaturus
1590 2677 1645 2723 effe
1664 2679 1775 2712 Deum
1796 2708 1804 2716 .
1831 2684 1919 2729 Qis
1947 2693 2029 2730 ergo
2057 2682 2199 2731 ambigat
2217 2709 2230 2727 ‚
2255 2683 2331 2730 q'uis

1387 2734 1521 2776 ignoret
1538 2728 1625 2766 hanc
1642 2729 1852 2768 fortissimam
1865 2729 1993 2780 petram
2005 2757 2018 2775 ,
2042 2746 2114 2780 quae
2123 2732 2163 2770 ab
2172 2732 2331 2780 illa‘prin·

1387 2779 1483 2827 cipali
1507 2790 1598 2826 petra
1615 2785 1887 2817 communionem
1913 2786 1948 2818 δε
1977 2785 2107 2819 virtutis
2130 2782 2268 2831 *sumpsit
2292 2785 2329 2816 ἄ

1391 2832 1534 2866 nominis
1547 2857 1556 2870 ,
1582 2826 1651 2865 hoc
1670 2829 1868 2867 desiderium
1889 2829 2014 2880 semper
2033 2831 2177 2871 habuisse
2195 2832 2271 2877 „sut
2293 2831 2327 2864 Εἰ

1391 2879 1555 2932 moriendi
1577 2891 1641 2927 pro
1659 2877 1800 2916 Christo
1818 2880 1996 2919 constantia
2016 2883 2194 2920 donaretur
2219 2881 2232 2914 ἓ
2258 2877 2330 2931 Ve-'
2342 2902 2435 2932 Mm-
2453 2904 2500 2934 16.

1391 2942 1575 2967 rumtamen
1595 2933 1639 2965 ita
1658 2930 1851 2967 inevitabilis
1879 2943 1947 2969 erat
1973 2931 2155 2970 obluctatio
2182 2927 2327 2977 trepida·
2345 2943 2393 2975 18.

1387 2980 1509 3023 tionis,
1535 2985 1553 3010 ί1
1578 2990 1617 3017 ut
1637 2982 1690 3031 vir
1707 2985 1856 3031 martyrii
1887 2983 2082 3024 avidissimus
2103 3003 2114 3020 2
2147 2979 2327 3028 adepturus
2402 2990 2423 3023 q

1389 3032 1525 3078 quidem
1544 3029 1797 3068 denunciaretur
1816 3034 1987 3069 vietoriam
1996 3030 2167 3078 parrionis,
2193 3029 2327 3066 sednon

1392 3082 1458 3116 sine
1477 3083 1655 3117 tentatione
1677 3080 1880 3119 formidinis.
1906 3083 2034 3117 Merito
2052 3083 2154 3126 igitur
2179 3083 2247 3117 non
2276 3079 2327 3115 so-

1392 3131 1465 3168 lum
1492 3130 1533 3167 ab
1558 3131 1792 3179 incipientibus
1809 3157 1823 3176 ,
1858 3142 1973 3168 verum
2000 3132 2096 3169 etiam
2121 3142 2141 3167 a
2165 3135 2178 3152 ¹
2203 3142 2326 3179 prove-
2406 3147 2439 3175 ,-

2214 3181 2277 3217 &is

1438 3264 1457 3293 h
1479 3262 1535 3293 Ms.
1556 3261 1849 3299 Jolienfis,fiamendi
1868 3273 1947 3292 eam.
2330 3299 2331 3302 Ἴ

1432 3304 1443 3334 i
1463 3303 1511 3334 Sic
1542 3301 1605 3332 Mff.
1625 3301 1800 3331 Cambcron.
1820 3301 1851 3333 ἃ
1874 3303 1932 3337 Jol.
1952 3300 1984 3333 δε
2004 3302 2112 3333 Leonis
2131 3300 2237 3333 editio.
2258 3300 2324 3332 No·

1395 3344 1445 3375 stri
1465 3341 1576 3372 codices
1595 3340 1688 3370 excusi
1709 3352 1775 3370 vere
1791 3342 1927 3383 peisefia.

1434 3382 1452 3413 k
1475 3381 1558 3411 Editi
1586 3380 1766 3419 Prosperiani
1790 3402 1798 3417 ‚
1826 3381 1863 3411 ab
1889 3381 2040 3420 insidianti
2057 3381 2197 3423 superbia
2216 3403 2225 3412 .
2259 3377 2326 3411 ΜΠ·

1399 3421 1504 3453 Camb.
1525 3418 1556 3450 ὅ(
1577 3419 1633 3454 Jol.
1654 3421 1689 3453 ἀ
1711 3422 1772 3452 Leo
1793 3429 1826 3451 ut
1842 3422 1947 3462 supra.

1438 3463 1448 3491 l
1471 3460 1528 3490 ΜΓ.
1557 3459 1613 3495 jol.
1634 3468 1713 3490 caret
1735 3471 1823 3496 voce,
1839 3461 1969 3499 sanfiis.

1439 3511 1468 3531 m
1491 3498 1556 3543 Mis.
1577 3499 1682 3530 Camb.
1703 3500 1734 3531 δι
1755 3501 1812 3537 Joi.
1831 3503 1967 3539 aufertur.

1439 3551 1459 3570 n
1481 3539 1565 3570 Editi
1588 3540 1736 3580 Prosperi,
1757 3542 1900 3572 decertet.
1923 3541 1992 3575 Mis.
2017 3543 2124 3574 Camb.
2149 3543 2186 3577 &
2213 3542 2271 3580 Jbl·
2296 3546 2331 3571 ³⁴²

1399 3582 1479 3616 Leo,
1500 3580 1656 3610 decertent·

1439 3631 1459 3661 o
1479 3620 1562 3649 Alias
1583 3620 1691 3656 excusi,
1714 3620 1772 3661 ipse
1791 3622 1954 3653 Dominus.
1974 3621 2042 3655 Mss-
2060 3624 2167 3656 Camb.
2183 3621 2216 3654 δί
2233 3617 2331 3658 ῙΟῙ·’ὄ(

1406 3662 1476 3693 edit.
1498 3660 1625 3695 Leonis,
1645 3659 1700 3701 ipsi
1717 3662 1875 3693 Dominus.

1445 3711 1464 3740 p
1485 3699 1543 3730 Ms.
1563 3700 1712 3736 Jolienfis,
1734 3702 1863 3735 dicebat.

1444 3751 1464 3787 q
1485 3739 1542 3770 Ms.
1563 3740 1712 3777 Jolienfis,
1732 3752 1765 3771 ut
1785 3744 1847 3773 viro
1867 3744 1999 3783 martyrii
2016 3744 2176 3784 avidrffimo
2201 3740 2335 3780 >adeptura

1408 3781 1519 3822 quidem
1539 3781 1755 3812 denuntiaretur
1776 3783 1894 3813 vic-ioria
1910 3784 2060 3823 paffionis.

1451 3832 1464 3850 r
1486 3822 1534 3852 Ita
1560 3819 1633 3852 Mss.
1658 3822 1764 3854 Camb.
1784 3822 1816 3856 δι’
1836 3823 1972 3862 J01.cum
1994 3825 2069 3857 Leo.
2092 3819 2338 3864 Alii,'prove631}l·

1414 3862 1469 3891 mis
1477 3881 1484 3891 .
