2768 4004
2187 134 2216 186 3

538 247 2005 391 APPENDIX

321 383 914 524 OPERUM
976 433 1499 553 SANCTI
1559 421 2226 534 PROSPERI

705 601 778 673 A
866 601 958 690 Q
1020 604 1096 675 U
1181 604 1218 674 I
1297 606 1373 675 T
1458 610 1528 678 A
1610 610 1690 681 N
1775 613 1844 683 I·

1955 744 2225 756 ‘—

708 801 914 862 AD
997 803 1071 863 M
1153 804 1212 863 O
1296 805 1358 864 N
1441 807 1469 865 Ι
1551 810 1604 867 T
1686 812 1713 869 I
1797 813 1856 871 Ο

565 936 646 977 IN
675 935 927 978 LIBROS
958 936 1052 977 DE
1086 939 1264 979 VITA
1296 938 1977 986 CONTEMPLATIVA.

405 1064 471 1119 N
506 1062 783 1140 appendicem
822 1065 1032 1135 rejicimus
1071 1067 1207 1139 primo
1247 1066 1330 1119 loco
1371 1065 1499 1120 libros
1541 1067 1647 1123 duos
1687 1067 1738 1123 de
1780 1072 1885 1125 Vita
1943 1075 2227 1147 Contempla-

442 1146 571 1214 tiva,
612 1162 718 1220 opus
757 1147 855 1200 licet
895 1146 1071 1220 elegans
1113 1146 1172 1200 (9³
1208 1165 1317 1220 pene
1357 1149 1547 1201 omnium
1588 1147 1793 1204 laudibus
1834 1149 2202 1225 celebratiffimum
2214 1171 2239 1214 3.

310 1241 437 1301 atque
481 1223 536 1282 ab
573 1227 702 1280 annis
740 1224 999 1300 octingentis
1038 1224 1100 1278 ad
1140 1226 1326 1305 nostram
1366 1228 1490 1303 usque
1532 1245 1702 1284 aetatem
1734 1231 1891 1305 sancio
1932 1231 2139 1306 Prospero
2165 1232 2229 1304 as-

305 1306 500 1380 sertum.
545 1303 624 1360 Ab
666 1303 826 1359 offam
870 1326 1046 1382 namque
1079 1306 1236 1380 saeculo
1277 1305 1415 1360 medio
1426 1306 1654 1382 firriptores
1694 1312 1868 1365 inventi
1901 1312 2032 1385 sunt,
2073 1314 2144 1387 qui
2145 1309 2228 1386 fieb

312 1383 503 1439 auc-ioris
541 1383 674 1462 nostri
713 1387 875 1439 nomine
918 1402 1022 1459 opus
1063 1385 1178 1463 istud
1193 1385 1432 1441 laudavere
1449 1428 1462 1439 .
1503 1393 1554 1446 C
1557 1388 1851 1468 hrodogangus
1890 1394 2002 1445 enim
2043 1393 2231 1446 Meten-

302 1463 368 1541 fis
408 1465 651 1539 Episcopus
671 1508 686 1536 ,
727 1467 806 1542 qui
847 1464 923 1518 illo
957 1467 1114 1539 saeculo
1147 1464 1362 1539 florebat,
1405 1467 1465 1520 w
1504 1467 1654 1544 fludio
1683 1473 1899 1544 regularis
1940 1470 2174 1545 disciplinae
2216 1511 2231 1539 ‚

310 1547 379 1598 cui
417 1548 660 1604 Canonicos
701 1543 908 1621 Ecclefiae
942 1546 1031 1618 suae
1062 1544 1194 1618 subdi
1232 1547 1404 1613 voluit,
1445 1539 1676 1601 admodum
1719 1548 2064 1604 commendabilis
2105 1548 2231 1626 exsti-

310 1625 393 1692 tit,
433 1626 480 1678 in
519 1627 672 1700 regula
715 1631 766 1683 C
767 1625 1036 1679 anonicorum
1055 1667 1082 1695 ,.
1111 1627 1376 1700 Prosperum
1417 1625 1618 1680 librorum
1659 1626 1708 1680 de
1751 1626 1855 1681 Vita
1868 1629 2236 1702 contemplativa

310 1703 533 1761 auclorem
573 1709 783 1780 agnovit.
825 1701 948 1758 Idem
983 1704 1168 1784 praestat
1197 1707 1351 1777 Jonas
1395 1706 1733 1783 Aurelianensis
1754 1709 2024 1782 Episcopus,
2067 1707 2235 1782 quiflo-

310 1786 396 1836 ruit
430 1783 511 1855 sub
552 1788 827 1859 Pontificatu
878 1787 1073 1859 Eugenii
1114 1787 1187 1839 ΙΙ.
1230 1784 1291 1839 ’δ’
1332 1786 1539 1860 Gregorii
1580 1787 1682 1840 ΙΙΙ.
1726 1786 2044 1861 Imperantibus
2084 1784 2234 1842 Ludo-

308 1865 408 1915 ·vico
451 1866 534 1919 Pio
576 1865 637 1916 (5²
678 1866 850 1923 Carolo
889 1865 1047 1920 Calvo
1071 1908 1086 1936 ,
1127 1863 1174 1919 id
1216 1864 1307 1943 est,
1341 1866 1495 1937 saeculo
1529 1864 1751 1939 sequenti,
1792 1869 1837 1920 in
1878 1864 1981 1919 libro
2025 1864 2077 1918 de
2118 1866 2232 1917 Lai-

307 1940 394 1992 cali
433 1939 697 2016 institutione
714 1983 729 2008 ,
783 1945 855 2013 qui
889 1945 1082 2012 primum
1125 1943 1266 1997 editus
1305 1944 1365 2020 est
1406 1947 1452 1998 in
1492 1946 1625 1998 lucem
1666 1970 1694 2000 a
1735 1944 1972 2019 doffliffimo
2015 1945 2114 1998 viro
2157 1945 2230 1997 D.

306 2021 437 2076 Luca
479 2019 663 2074 Acherio
705 2019 934 2072 Monacho
975 2019 1341 2095 Saiigermanenfi
1383 2023 1572 2075 Ordinis
1613 2025 1666 2077 S.
1709 2023 1943 2078 Benediffli
1977 2029 2235 2097 congrega·-

0 2088 9 2159 Ι
308 2100 437 2153 tionis
475 2097 530 2152 S.
572 2101 734 2154 Mauri
773 2100 819 2152 in
859 2115 969 2152 tomo
1014 2120 1048 2151 1.
1084 2094 1157 2171 sui
1188 2099 1447 2173 scriptorum
1465 2116 1659 2155 veterum
1677 2101 1926 2176 Spicilegii.
1968 2101 2093 2156 thm
2115 2106 2159 2155 C
2162 2124 2235 2156 on-

309 2180 457 2233 cilium
497 2179 855 2257 Aquisgranense
887 2176 970 2250 sub
1010 2177 1153 2233 eodem
1193 2176 1424 2234 Ludovico
1467 2182 1553 2234 Pio
1594 2183 1639 2235 in
1681 2180 1823 2256 cauffa
1865 2179 2050 2254 ejusdem
2091 2183 2234 2236 Cani-

308 2260 496 2310 nicorum
535 2258 816 2332 institutionis
856 2256 1109 2313 celebratum
1149 2280 1261 2312 anno
1305 2259 1416 2312 818.
1459 2260 1554 2312 huic
1593 2262 1778 2329 opinioni
1808 2260 1969 2331 favere
2009 2259 2190 2316 videtur
2215 2298 2234 2327 ,

310 2355 404 2388 cum
444 2334 558 2408 hosce
597 2338 850 2391 Trafffatus
890 2352 940 2389 ut
982 2338 1290 2409 Prosperianos
1328 2336 1508 2405 usurpat
1538 2373 1553 2399 ,
1606 2355 1688 2386 non
1721 2334 1845 2407 fi’cus
1885 2357 1935 2388 ac
1975 2339 2231 2392 Concilium

309 2411 553 2488 Parisiense
586 2415 757 2484 sextum
789 2413 873 2486 sub
914 2413 1052 2465 eodem
1108 2414 1369 2484 Imperatore
1413 2409 1511 2487 post
1552 2433 1688 2466 annos
1737 2412 1937 2468 tredecim
1977 2416 2173 2472 coac-{um
2215 2455 2230 2469 .

310 2492 438 2564 Quin
477 2494 609 2546 etiam
649 2492 743 2546 huic
783 2492 900 2564 operi
939 2489 1195 2566 inscriptum
1234 2491 1389 2564 legitur
1428 2490 1629 2565 Prosperi
1668 2515 1815 2548 nomen
1843 2496 1890 2548 in
1929 2496 2232 2571 manuscriptis

311 2578 363 2630 C
364 2570 546 2626 odicibus
587 2570 779 2645 ejusdem
811 2573 954 2625 aetatis
987 2615 1003 2640 ‚
1047 2569 1108 2624 *θ’
1150 2572 1196 2623 in
1236 2569 1366 2623 editis
1406 2571 1709 2645 antiquioribus
1752 2571 1928 2627 habetur
1969 2576 2173 2649 insertum
2211 2593 2229 2629 ².

313 2655 388 2707 Ita
430 2651 603 2727 denique
645 2649 883 2718 creditu-m,
923 2648 1039 2705 nullo
1077 2648 1327 2725 refragante
1345 2692 1359 2718 ,
1400 2649 1471 2703 ab'
1496 2651 1683 2706 omnibus
1717 2651 1959 2730 posterioris
2000 2658 2092 2709 aevi
2122 2657 2230 2729 seri-

308 2730 504 2807 ptoribus
526 2771 539 2784 .
591 2731 897 2785 Nihilominus
953 2744 1098 2783 tamen
1138 2730 1258 2783 hodie
1300 2729 1462 2808 constat
1503 2732 1612 2784 inter
1651 2731 1832 2786 eruditos
1872 2755 1953 2787 non
1995 2734 2075 2811 effi
2117 2738 2228 2789 Pro-

304 2813 424 2887 speri
464 2810 579 2863 hocce
619 2828 724 2885 opus
763 2808 818 2863 de
843 2809 963 2863 Vita
1004 2811 1339 2884 contemplativa
1366 2854 1380 2878 ,
1432 2831 1508 2864 nec
1548 2813 1603 2865 iis
1643 2813 1791 2884 religio
1837 2812 1931 2886 fuit
1972 2829 2068 2866 tam
2107 2816 2225 2867 anti-

314 2894 407 2966 quis
445 2906 615 2966 tamque
655 2887 1031 2966 idoneis’teftibus
1061 2887 1201 2964 fidem
1242 2888 1440 2965 derogare
1459 2933 1472 2957 ,
1516 2891 1574 2943 θ’
1616 2891 1743 2944 libros
1779 2894 1967 2964 proxime
1999 2892 2225 2966 subjicien-

313 2969 390 3024 dos
428 2972 602 3043 parenti
641 2971 783 3023 alteri'
809 2968 1015 3045 ascribere
1032 2990 1056 3028 2·
1084 2971 1276 3038 Juliano
1307 2971 1472 3043 scilicet
1512 2973 1577 3023 cui
1617 2993 1838 3044 cognomen
1881 2989 1971 3026 erat
2013 2975 2226 3042 Pomerio,

315 3052 483 3104 natione
506 3051 698 3103 IrIauro
715 3091 728 3118 ,
770 3052 840 3125 qui
883 3048 1064 3104 Arelate
1104 3050 1380 3115 Rethoricam
1421 3073 1515 3104 cum
1555 3071 1717 3124 magna
1748 3050 1882 3126 famae
1927 3054 2052 3106 laude
2069 3052 2224 3121 docuit,

317 3128 620 3205 auditoremque
661 3127 811 3182 habuit
846 3126 1091 3203 'ijarium
1134 3131 1359 3202 Magnum
1400 3130 1580 3203 ejusdem
1620 3129 1735 3183 urbis
1745 3130 1887 3207 postea
1929 3133 2224 3209 Episcopum,

316 3226 365 3263 ut
404 3208 585 3286 testatur
624 3207 826 3283 ejusdem>
855 3209 1004 3281 sancti
1044 3207 1276 3283 Pontificis
1305 3211 1415 3262 ‘vitae
1458 3208 1562 3263 liber
1579 3250 1591 3262 .

395 3289 557 3358 Hujus
590 3306 734 3360 porro-
755 3288 968 3357 sententiae
1004 3287 1268 3360 probationes
1299 3293 1539 3361 suppetunt
1578 3311 1660 3343 non
1697 3305 1848 3362 paucae
1868 3330 1882 3342 .
1924 3291 2057 3344 Nam
2101 3311 2133 3344 1.
2174 3307 2222 3344 ut

0 3422 3 3428 ,
319 3388 368 3421 εκ
407 3367 623 3444 ipfiusmet
662 3366 863 3421 auc-ioris*
890 3367 1119 3445 testimonio
1160 3384 1459 3442 argumentum
1471 3370 1660 3442 primum
1678 3368 1911 3438 ducamus,
1952 3369 2103 3423 auffor
2122 3369 2221 3447 iste,

0 3459 3 3512 ξ
318 3455 339 3519 (
379 3445 483 3524 quod
512 3447 693 3524 solerter
732 3462 1010 3501 ante*·‘omnes
1050 3445 1303 3520 observavit
1340 3450 1443 3516 Jac.
1487 3446 1750 3502 ,sirmondus
1791 3451 1836 3502 in
1876 3451 1986 3502 notis
2003 3447 2061 3502 ad
2079 3452 2221 3526 Aqui-

0 3523 4 3542 ⁵
309 3528 550 3603 sgranense
588 3526 835 3582 Concilium
845 3561 859 3594 ,·
901 3527 1110 3599 >Hilarii
1150 3526 1458 3602 Arelatensis,
1500 3528 1570 3602 qui
1587 3526 1687 3579 obiit
1727 3548 1837 3580 anno
1879 3549 2000 3596 449.
2042 3528 2221 3584 Laudes

319 3599 530 3674 contexit,
571 3604 644 3660 lib.
690 3627 728 3659 z.
770 3622 865 3678 cap.
908 3626 960 3673 9.
984 3605 1117 3682 rquafi
1155 3609 1246 3677 ejus
1286 3628 1402 3681 quem
1443 3608 1563 3679 longe
1604 3622 1701 3660 ante
1745 3604 1854 3661 diem
1886 3607 2137 3684 supremum
2153 3608 2219 3660 ob—

319 3686 414 3759 iiffe
445 3687 684 3758 fiapponit:
739 3682 844 3760 quod
886 3678 990 3738 certe
1031 3687 1205 3760 aequalis
1244 3688 1445 3740 Hilario·
1474 3685 1657 3760 Prosper
1696 3683 1868 3763 asserere
1908 3685 2160 3763 nequivisset
2201 3729 2214 3747 .,

1879 3780 1896 3801 2
2100 3768 2171 3799 A!-

418 3772 453 3803 S.
479 3765 628 3812 Prosperi
637 3790 646 3800 .
1811 3780 1826 3802 a
