2652 4126
446 208 1068 266 ADVERSUS

242 301 388 338 eolentes
417 302 571 348 insignem
591 313 710 339 eorum
729 306 882 350 pietatem
914 305 1082 339 imitemur
1101 326 1111 343 ‚
1137 306 1171 338 &

242 350 452 389 Doctoribus
479 365 515 387 ea
534 352 700 388 occasione
729 356 1065 399 congregatis'aurem'
1090 365 1171 399 praev

224 401 354 437 'bentes'
385 401 598 447 profuturum
633 402 755 448 aliquid
791 406 1044 448 ignoratumque
1079 401 1172 438 nobis

240 451 500 488 anteadiscamus
509 476 521 494 ,
539 451 631 498 quod
642 452 682 487 ad
692 452 812 498 dogma
822 452 1085 488 confirmandum
1097 477 1107 494 ,
1117 463 1172 488 aut

240 503 281 537 ad
301 499 495 546 ambiguum
512 499 732 537 obscurumve
751 504 925 548 Scripturae
936 502 1047 537 locum
1069 501 1171 548 expli÷

240 551 379 587 eandum
390 575 402 592 ‚
426 561 480 586 aut
491 549 532 587 ad
544 563 677 587 morum
688 556 721 588 &
733 554 809 587 vitae
819 552 1078 588 emendationem
1099 564 1170 599 per-v

240 604 358 636 tineat.
383 601 541 636 Sedenim
561 613 622 635 vos
632 600 715 636 mihi
726 601 882 637 videmini
896 627 908 644 ,
928 605 1057 638 virtutis
1076 600 1172 637 omis,

239 650 276 686 so
296 650 405 687 studio
421 659 448 692 ς’
469 662 611 697 curaque
629 655 747 686 animae
767 649 950 697 posthabita
969 676 980 693 ,
1007 656 1069 687 toti
1085 656 1171 687 circa

239 702 447 737 Mammonae
457 699 566 736 sordes
577 725 587 742 ,
614 699 790 747 forumque
800 714 911 737 rerum
922 701 1083 737 venalium
1102 714 1172 736 ver-

239 750 322 788 saris
346 750 399 787 atii
408 749 607 796 quidemipfi
619 749 851 786 contrahentes
862 763 875 789 ,-
884 751 935 786 alii
947 751 1058 786 alienis
1068 755 1172 786 inten-

205 833 210 837 .
240 804 266 835 ti
285 798 513 846 inhiantesque
535 812 552 841 ,’
580 800 769 836 &aemulos
789 803 927 836 invicem
956 800 1145 836 sciscitantes
1163 827 1175 845 ,

241 850 416 897 quomodo
427 849 606 885 resalienae
624 850 849 897 depretientur
866 863 901 886 ac
913 850 1062 886 vilescant
1073 876 1080 884 .
1108 853 1175 885 Ve-

240 912 316 936 rum
334 909 418 946 agite
430 924 441 942 ,
467 900 637 935 transferte
657 899 741 936 mihi
762 900 904 936 studivm
920 899 987 936 hoc
1006 901 1044 936 ad
1063 899 1177 936 Eccle-

240 949 340 986 fiam:
359 949 533 997 relinquite
541 953 730 992 avaritiam,
757 949 845 986 illam
856 950 1150 986 circumforaneam
1160 974 1172 993 ,

241 999 334 1036 illam
345 1000 505 1036 Moenada
516 1015 528 1036 .-
539 999 750 1036 adversamini
765 1011 918 1047 tanquam
927 1012 1062 1046 turpem
1077 1013 1176 1036 mere-

241 1049 417 1092 triculam,
441 1048 650 1086 multitudini
669 1051 888 1092 arridentem,
915 1050 1066 1086 &alienis
1085 1064 1178 1086 orna-

243 1109 311 1135 tam
330 1099 474 1136 induviis
492 1111 528 1135 ac
550 1099 710 1136 fucatam.
737 1105 885 1141 Contra,
913 1111 1016 1135 amate
1036 1101 1180 1135 divinam

243 1148 329 1186 hanc
337 1174 350 1192 ,
359 1147 499 1196 probam
510 1174 522 1191 ,
534 1150 684 1195 pudicam
695 1175 705 1191 ,
715 1152 867 1186 amictam
875 1149 1010 1191 decore,
1021 1149 1181 1195 vultuque

245 1202 336 1246 gravi
356 1211 393 1234 ac
412 1199 570 1235 modesto
590 1224 601 1232 -
627 1203 679 1236 Sic
699 1205 787 1237 enim
806 1204 851 1236 ait
870 1199 1023 1235 Salomon
1043 1203 1074 1234 in
1095 1198 1182 1235 libro

12 1254 39 1280 1
100 1234 227 1304 {⁷⁰⁰⁸4'
242 1248 448 1286 Proverbiali
467 1264 476 1283 ε
498 1248 550 1282 Ne
561 1248 710 1282 dimittas
719 1249 862 1290 eam,(9'
873 1247 1183 1294 custodiet22d1tige

28 1318 30 1323 ·
65 1284 97 1306 ν’
125 1296 134 1305 ’
245 1310 339 1341 eam,
360 1296 616 1342 &conservabit
627 1310 676 1333 te.
696 1300 778 1336 Noli
793 1311 852 1347 per
862 1311 1093 1346 contemptum
1105 1312 1182 1346 ptae·

240 1352 348 1385 -rerire
360 1375 369 1390 ,
397 1353 514 1396 &quae
534 1353 567 1386 in
580 1349 686 1386 mensa
707 1348 967 1395 haepropofita,
991 1353 1067 1395 quia
1085 1353 1183 1394 gratis

245 1399 402 1445 conlequi
415 1411 509 1446 potes
519 1424 529 1440 ‚
551 1412 591 1435 ne
601 1399 770 1446 aspernare
781 1424 788 1431 .
799 1400 859 1434 Sed
871 1412 912 1433 eo
920 1402 1065 1444 gratiora
1075 1400 1136 1435 sint
1146 1412 1183 1434 ac

247 1451 568 1498 magis-expetantur
585 1474 598 1491 ,
622 1449 716 1496 quod
737 1461 796 1483 nos
815 1448 872 1484 hic
890 1462 958 1484 non
978 1448 1123 1485 sedemus
1141 1449 1182 1484 ad

239 1499 387 1535 modum
406 1498 592 1535 institorum
601 1511 680 1534 eum
702 1497 812 1534 statera
823 1512 859 1534 ac
870 1502 995 1534 trutina
1008 1512 1016 1536 ς
1044 1499 1098 1535 sed
1108 1502 1180 1534 uni-

247 1561 324 1585 cum
349 1549 514 1586 censemus
532 1548 663 1585 lucrum
684 1549 842 1584 auditoris
859 1549 900 1584 ad
928 1549 1080 1596 discipuli
1101 1548 1178 1584 salu-

246 1610 335 1634 tem.
350 1601 464 1636 :Lecta
482 1612 499 1634 a
517 1598 612 1635 nobis
632 1604 665 1634 in
683 1600 753 1634 aet-a
764 1598 1008 1646 Apostolorum
1030 1599 1118 1635 Pauli
1136 1598 1180 1635 ad

248 1649 379 1685 Festum
390 1653 425 1685 δε
435 1652 618 1696 Agrippam
628 1652 737 1684 oratio
747 1661 760 1688 ;
770 1649 860 1684 Pauli
870 1672 883 1690 ,
891 1652 1025 1695 inquam
1034 1670 1046 1691 -‚
1057 1654 1090 1684 δε
1103 1649 1182 1685 fide-

246 1699 287 1735 lis
303 1698 459 1747 Apostoli
479 1703 515 1735 &
534 1700 705 1747 prudentis
724 1702 883 1734 oratoris.
909 1698 1031 1734 Ac.tibi
1054 1701 1181 1747 peripe-

247 1751 362 1791 stum,
386 1749 707 1795 auditor‚fiquidem
718 1752 865 1785 animum
881 1749 1071 1791 advertisti,
1095 1761 1180 1796 quo-

246 1799 431 1836 modonec
449 1803 622 1835 veritatem
643 1799 698 1833 ille
707 1812 747 1838 ex
767 1811 859 1835 metu
870 1799 1010 1845 prodat,
1034 1803 1068 1835 &
1087 1798 1182 1834 obse·

242 1853 450 1896 quium-erga
462 1852 647 1896 Agrippam
659 1848 819 1884 sermonis
837 1849 987 1885 libertate
998 1860 1183 1896 temperans

239 1898 350 1935 duros
357 1902 567 1945 commitiget
584 1902 712 1935 animos
723 1910 822 1945 atque
830 1899 966 1935 deliniat
976 1924 988 1941 ,
1010 1912 1077 1934 non
1088 1898 1182 1935 aliter

245 1961 348 1996 quam
357 1949 380 1985 fi
393 1949 520 1985 belluas
528 1948 651 1995 aliquas
661 1952 818 1985 orationis
827 1974 840 1991 ‚
866 1960 903 1986 ut
912 1954 956 1985 ita
964 1950 1072 1984 dicam
1081 1974 1094 1991 ,
1103 1962 1182 1984 con-

245 2001 440 2035 trectatione
460 2003 656 2035 incantat-ev.
675 2001 888 2035 ·Vaticinatus
899 1998 1103 2035 estet-‚bodie
1123 2002 1184 2036 Za>

17 1622 42 1658 Ῑ.
61 1631 126 1663 ,Δί-ἲ.
138 1630 230 1668 25.&

16 1672 19 1681 '
64 1675 116 1704 26.

22 2063 27 2078 ;
62 2029 229 2067 ²¹⁶h“'‘3·
245 2046 393 2091 chat-ias,
420 2052 605 2095 ingentium
624 2050 666 2085 de
682 2052 868 2095 Unigenito
886 2048 1123 2097 mysteriorum
1140 2052 1184 2091 vja.-

10 2091 42 2163 l‘k
244 2110 358 2135 nuam·
375 2097 638 2133 nobisseserans
663 2112 722 2144 per
750 2099 893 2146 lapidem
916 2099 1040 2147 septem
1068 2099 1184 2135 oculo·

237 2144 603 2183 ruminushabent'em
613 2169 625 2186 ‚
646 2157 769 2190 perque
778 2148 1012 2185 candelabrum
1022 2163 1159 2186 aureum
1169 2175 1181 2191 ,

243 2192 453 2244 §spa-quod
463 2193 606 2231 lucernae
630 2193 755 2239 septem
766 2217 778 2234 ,
803 2193 940 2239 duoque
951 2203 1060 2229 trtmci
1079 2198 1183 2233 oliva?

240 2254 373 2280 eumin*
386 2243 499 2281 Multa
515 2243 873 2288 deincepsvsmpturae
899 2241 972 2277 loca
990 2241 1184 2277 thesaurum

242 2293 332 2331 boni
354 2291 528 2327 conditum
553 2288 800 2336 habent,:nqu=e
818 2300 1016 2336 percurrere
1042 2291 1180 2338 quidem

241 2345 361 2379 omnia
388 2340 486 2376 velim
494 2353 518 2382 r,
527 2366 529 2369 -
539 2343 576 2376 δε
600 2339 777 2386 spiritualis
789 2339 977 2376 ostendere
991 2344 1184 2376 conventus

242 2392 500 2432 abundantiam·
525 2394 755 2436 vernantia-get:
770 2402 823 2425 me
835 2394 868 2425 &
881 2387 1024 2436 impellit
1033 2388 1072 2423 ad
1091 2387 1182 2422 debi-

242 2454 320 2479 tum
330 2440 523 2477 solvendum
535 2437 696 2481 hesterna,
708 2439 899 2486 promiffio.
928 2443 1019 2474 Cum
1033 2440 1122 2472 enim
1133 2440 1183 2472 in-

245 2493 361 2529 stituta
377 2502 451 2527 tum
469 2502 486 2525 a
505 2488 602 2525 nobis
620 2491 798 2535 &it-incepta
812 2490 956 2523 avaritia:
971 2485 1044 2522 esset
1061 2485 1187 2522 accusa-

245 2546 298 2579 tio
309 2567 320 2585 ,
347 2553 454 2588 neque
462 2542 586 2586 exponi
596 2537 824 2584 densumque
841 2539 964 2572 vanitas
973 2538 1041 2582 ejus
1061 2539 1094 2572 δι
1107 2533 1185 2571 stul-

245 2596 320 2629 titia
338 2587 514 2639 potuiss'et,
538 2592 572 2624 in
593 2587 782 2624 hanoniam
791 2589 991 2632 ῑεὶεςίτιιιις.Ἰ
1009 2588 1122 2630 Quare
1140 2596 1184 2621 at-

240 2641 373 2679 >tendite
392 2666 404 2684 ,
429 2644 463 2676 &
483 2642 568 2686 aequi
588 2636 966 2674 veritatisvaestimatores
983 2649 1082 2683 atque
1102 2636 1186 2680 judi-

246 2705 301 2729 ces
311 2690 414 2727 estote
423 2718 431 2726 .
457 2693 540 2726 Non
551 2692 641 2724 enim
648 2687 809 2723 alienis-de
822 2685 918 2723 rebus
926 2712 938 2729 ,
957 2686 1011 2722 sed
1020 2686 1062 2722 de
1073 2685 1186 2724 nostra

246 2741 395 2790 ipsorum
413 2739 511 2776 salute
530 2738 730 2786 disceptatur
751 2762 761 2778 ‚
787 2742 820 2773 δε
841 2737 1065 2773 damnatorios
1085 2735 1184 2782 quos-

247 2805 315 2840 que
349 2789 494 2828 calculos
528 2786 682 2825 adversus
715 2790 885 2835 propriam
921 2790 1061 2823 animam
1095 2785 1183 2832 quafi

248 2855 338 2879 ream
350 2846 383 2877 &
395 2841 502 2877 domo
520 2838 573 2875 vel
593 2837 675 2874 urbe
691 2837 882 2874 eliciendam
900 2837 1040 2885 quisque
1060 2839 1182 2872 mittit*-

247 2894 399 2930 Avaritia
417 2895 527 2938 itaque
544 2887 673 2924 estnon
684 2887 792 2924 solum
812 2891 958 2935 pecuniae
975 2898 1184 2923 caeterorum—

249 2955 315 2990 que
325 2941 496 2978 bonorum
504 2938 684 2986 cupiditate
693 2937 819 2973 fervere
830 2941 863 2973 &
876 2937 976 2979 ferri,
1004 2937 1181 2984 praesentia-

248 3005 316 3040 que
332 2988 725 3036 aliisinsupercumulare
734 2987 837 3024 velles
855 2987 938 3028 sed,
963 2986 1116 3023 universe
1135 2985 1184 3020 lo·

250 3041 388 3090 quendo
397 3067 410 3084 ‚
428 3038 573 3088 qualibet
582 3042 616 3073 in
628 3051 663 3073 re
673 3037 856 3085 plusquam
866 3049 924 3084 par
931 3037 979 3073 est
988 3062 999 3079 ‚
1009 3047 1064 3073 aut
1074 3035 1161 3072 adest
1171 3061 1184 3078 ‚

251 3103 373 3137 cupere
389 3095 422 3126 δι
433 3089 584 3127 affeetare
595 3113 603 3121 .
629 3091 673 3124 Et
685 3087 849 3123 adiabolo
857 3087 992 3134 quidem
1014 3098 1183 3134 peccatum

249 3137 320 3178 hoc
338 3143 500 3181 manavit,
525 3141 583 3185 qui
604 3141 703 3174 initio
722 3150 798 3183 cum
818 3138 1097 3173 eminentiffimam
1118 3139 1182 3172 Ar,

250 3189 403 3237 changeli
413 3189 605 3235 dignitatem
616 3192 650 3224 ἅτ
661 3188 814 3224 ordinem
821 3186 1006 3230 obtineret*²
1015 3220 1019 3222 .
1029 3190 1063 3222 &
1073 3198 1184 3234 tyran-

249 3240 366 3277 nidem
383 3252 419 3275 ac
447 3237 831 3281 rebellionem2.adversus
859 3238 1068 3273 divinitatem
1086 3235 1183 3272 moli-

250 3301 305 3327 tus
314 3289 362 3326 est
378 3290 511 3326 demens
521 3313 534 3330 ,
558 3300 595 3323 ac
608 3299 691 3324 mox*
700 3290 739 3323 >in
750 3300 858 3323 aerem
878 3298 985 3324 terrae:
994 3289 1185 3335 proximum

188 3366 203 3386 ζ
250 3338 465 3380 deturbatus,
492 3337 599 3374 malus
618 3336 714 3374 nobis
733 3342 766 3374 δι
788 3341 861 3374 vitae
883 3337 1001 3373 nostrae
1019 3337 1121 3374 faetus
1138 3335 1186 3371 est

252 3391 381 3425 vicinus
397 3398 533 3436 ratque
551 3387 635 3423 adeo
645 3400 752 3435 neque
769 3388 978 3424 divinitatem
989 3413 1000 3429 ,
1025 3399 1123 3434 quam
1131 3399 1184 3421 ca-

250 3437 386 3486 ptabat,
410 3439 548 3484 adeptus
557 3437 624 3475 τῆς
646 3436 911 3483 &Archangeli,
936 3449 1007 3484 quo
1017 3435 1183 3483 fulgebat,

250 3487 532 3526 honoremamifit
552 3501 561 3521 =
587 3488 670 3523 servi
679 3486 778 3523 instar
789 3488 901 3529 infidi,
926 3490 982 3534 qui
1002 3490 1183 3523 temerariis

250 3538 333 3575 aulis
341 3542 376 3574 in
385 3538 546 3574 latronem
557 3537 671 3577 evafit3
689 3549 727 3573 ac
733 3540 819 3572 canis
829 3536 956 3573 illiusin
966 3539 1129 3573 Gentium
1141 3535 1183 3572 fa—

251 3588 340 3625 bulis
351 3597 373 3630 ,ῒ
387 3591 445 3635 qui
464 3591 498 3626 δε
517 3600 650 3623 carnem
662 3587 827 3635 perdidit,
851 3590 883 3622 &
902 3586 1054 3623 umbram
1071 3588 1089 3627 (
1108 3598 1183 3621 nam

251 3639 431 3686 quomodo
450 3650 521 3674 rem
548 3641 679 3673 inanem
699 3640 733 3672 δε
753 3635 1116 3683 incomprehensibilem
1134 3636 1147 3670 ?
1169 3639 1183 3675 )

314 3687 459 3725 bendere
465 3699 532 3723 non
542 3690 653 3734 potuit
662 3685 758 3724 ..Post
767 3685 858 3723 hunc
870 3690 994 3734 primus
1004 3684 1184 3722 hominum

11 3739 29 3790 'v‘
78 3727 176 3766 Genes.
192 3734 239 3762 ²⁵·
251 3738 427 3786 voluptate
446 3736 604 3786 pellectus
622 3740 735 3773 vetitas
745 3734 878 3783 sumpfit
896 3736 1016 3785 dapes,
1032 3735 1183 3773 *summo-

13 3794 19 3818 ἰ·
80 3779 168 3808 '⁰⁴¹‘
253 3802 318 3837 que
327 3786 714 3880 effidsssiimmortalitatis
731 3785 847 3831 bono,
871 3783 1181 3833 fieutffismupostea

383 3863 391 3871 -
481 3849 540 3871 ern
551 3862 560 3872 ι

63 2226 193 2258 Zachaer.
200 2237 229 2262 4.

1151 207 1770 266 AVARITIA
1815 220 1888 262 M.

2049 233 2150 287 275

1233 313 1369 349 propter
1389 302 1598 350 pulmentum
1626 305 1695 348 jure
1720 307 1985 354 primogeniturae
2003 331 2011 340 .
2036 308 2098 343 Sed
2123 310 2159 344 &

1232 352 1481 388 multitudinem
1508 352 1593 388 hanc
1623 354 1808 400 linguarum
1827 360 1861 392 &
1882 355 2075 391 idiomatum
2099 361 2159 392 im·
2196 370 2325 401 Hebrm

1233 403 1400 438 moderata
1417 404 1639 449 quorumdam
1658 406 1819 452 cupiditas
1848 410 1880 441 i'n
1903 408 2000 441 vitam
2018 405 2159 442 nostram
2176 420 2205 438 v·
2219 414 2262 438 16·

1233 452 1419 491 introduxit
1438 479 1446 487 ·
1473 455 1545 495 Qui
1563 453 1733 490 faelicitate
1747 458 1850 491 nimia
1868 455 2069 491 lascivientes
2088 467 2162 490 cum
2177 450 2246 479 Gen.
2264 458 2310 482 ¹¹·

1235 506 1386 549 pervium
1397 501 1454 537 fibi
1467 502 1590 538 coelum
1601 502 1914 547 foreeredidiffentz,
1922 504 2164 551 *ridendamque

1231 554 1299 596 ejus
1316 552 1356 587 ad
1385 551 1571 587 adscensum
1591 556 1709 590 turrim
1731 554 1847 591 moliti
1868 553 2018 591 incastum
2038 552 2134 590 elsent
2153 578 2164 595 ,

1231 613 1301 637 tum
1314 600 1369 648 ipsi
1390 599 1531 637 cohibiti
1545 601 1615 638 sunt
1626 607 1660 638 &
1671 607 1824 647 coerciti,
1849 616 1919 640 tum
1931 617 1992 653 pro
2010 602 2166 640 consensu

1234 662 1466 698 concentuque
1493 650 1649 689 sermonis
1684 654 1851 691 dissidium
1885 666 1982 701 atque
2004 653 2165 690 dislensioi·

1233 714 1310 736 nem
1321 704 1516 737 invexerunt
1526 726 1537 743 ,
1548 701 1765 750 humanaeque
1775 708 1862 749 genti
1873 704 2042 740 molestam
2055 714 2095 739 ex
2104 702 2165 738 ob·

1234 751 1401 787 sturarum
1422 750 1506 785 sono
1527 764 1672 795 vocum,
1699 755 2000 801 interpretandique
2019 753 2166 789 laborem

1234 802 1458 847 reliquerunt.
1489 804 1558 842 Iam
1570 814 1650 837 vero
1669 802 1797 838 Pharao
1807 806 1948 849 quarein
1967 815 2067 839 tantas
2086 814 2164 838 tam·
2182 804 2265 835 Exod.
2275 813 2302 840 9·
2314 806 2340 834 8·

1236 862 1303 898 que
1313 854 1412 886 varias
1430 850 1625 886 calamitates
1642 854 1781 889 incidit?
1805 857 1929 890 Nonne
1949 854 2023 901 plus
2045 852 2164 894 haben·
2185 856 2231 875 ¹0·

1234 901 1269 936 di
1280 901 1460 946 cupiditate
1472 926 1480 941 ,
1491 900 1751 950 dominandique
1761 907 1935 949 peregrino
1948 902 2077 951 populo
2089 929 2099 946 ,
2109 905 2166 949 qui
2202 903 2286 933 Exod.
2297 911 2309 931 ¹
2319 911 2343 932 ¹-

1237 948 1322 986 nihil
1344 951 1410 994 ejus
1427 951 1467 985 ad
1486 954 1661 996 imperium
1682 955 1858 998 pertineret
1875 956 1887 988 ἓ
1911 956 2004 989 Hinc
2023 952 2167 994 factum,
2183 945 2276 978 &14

1238 1011 1276 1036 ut
1288 1024 1297 1042 ‚
1323 1012 1399 1036 cum
1418 999 1539 1035 alienos
1557 1013 1625 1035 non
1643 1002 1844 1044 dimitteret,
1869 1004 1941 1038 suos
1951 1003 2170 1050 deperderet,

1234 1063 1303 1097 qua
1315 1049 1417 1095 strage
1428 1053 1726 1096 primogenitorum
1738 1076 1748 1092 ‚
1774 1054 1878 1097 quain
1900 1054 2035 1096 trajefiiu
2054 1053 2150 1090 maris
2160 1075 2169 1083 .

1241 1103 1329 1136 Nam
1340 1102 1462 1135 omitto
1483 1099 1603 1135 fluenta
1623 1101 1811 1147 sanguinea,
1838 1113 1986 1137 ranarum
2008 1101 2171 1135 infinitam

1242 1149 1390 1185 sobolem
1408 1176 1420 1192 ‚
1456 1148 1658 1186 bruchorum
1678 1162 1794 1187 tetram
1814 1150 1902 1186 luem
1921 1177 1934 1194 ,
1969 1150 2172 1198 pustularum

1232 1199 1502 1248 ,papularumque
1521 1198 1643 1235 foedam
1669 1204 1877 1246 eruptionem
1896 1225 1907 1242 ,
1931 1205 1965 1236 δε
1989 1200 2172 1247 quadrupe-

1232 1250 1323 1285 -dum
1338 1262 1452 1285 necem
1477 1262 1553 1285 cum
1573 1261 1687 1286 caetera
1707 1250 1956 1298 clade&peste,
1983 1263 2046 1296 qua
2067 1263 2174 1298 popu·-

1246 1300 1295 1335 lus
1331 1304 1510 1347 AEgyptius
1544 1299 1591 1335 ob
1625 1303 1792 1336 avaritiam
1827 1312 1925 1347 atque
1958 1299 2173 1347 cupiditatem

1245 1349 1587 1395 Principisdamnatus
1607 1350 1672 1386 est.
1698 1350 1788 1386 Alibi
1801 1364 1884 1386 vero
1912 1362 2080 1398 peccatum
2098 1348 2173 1385 hoc

1244 1399 1328 1435 mala
1349 1397 1450 1434 scabie
1470 1402 1504 1434 &
1523 1398 1607 1446 spissa
1634 1399 1723 1446 lepra
1743 1401 1946 1436 vindicatum
1969 1401 2069 1436 didici
2091 1426 2100 1434 .
2127 1402 2174 1435 Et

1243 1451 1334 1495 juxta
1360 1461 1492 1484 mecum
1520 1447 1577 1484 hic
1602 1450 1773 1485 recordare
1794 1477 1803 1491 ‚
1827 1450 1974 1497 quisquis
2001 1448 2173 1490 historiam

1241 1512 1328 1535 amas
1340 1524 1349 1539 ‚
1377 1503 1411 1534 δι
1422 1498 1527 1534 Elisaei
1541 1499 1689 1546 praeclara
1698 1499 1779 1535 faeta
1787 1499 1931 1535 libenter
1938 1500 2029 1536 audis
2038 1509 2173 1545 ,quem-

1239 1548 1419 1585 admodum
1436 1550 1585 1585 Naaman
1606 1549 1660 1584 ille
1670 1553 1792 1597 Syrus,
1821 1549 1995 1597 postquam
2007 1552 2040 1584 in
2052 1549 2174 1590 vJorda—
2189 1542 2238 1602 v4i
2250 1535 2347 1573 R‘g·¹'

1240 1611 1283 1634 ne
1302 1596 1444 1640 laviss'et,
1472 1611 1490 1633 a
1508 1599 1598 1646 lepra
1617 1599 1715 1635 fuerit
1735 1599 1887 1636 liberatus
1908 1613 1918 1638 3
1943 1609 2123 1646 contraque
2138 1604 2173 1634 e'a
2189 1584 2271 1643 [suet
2280 1625 2306 1649 4·
2317 1625 2349 1643 v.

1241 1660 1416 1694 correptus
1437 1660 1517 1695 puer
1537 1651 1638 1685 Giezi
1650 1674 1661 1691 ‚
1690 1663 1770 1697 puer
1789 1662 1902 1686 avarus
1920 1654 1954 1686 δε
1974 1653 2174 1696 imperitus„
2193 1663 2239 1692 27.

1242 1702 1301 1745 qui
1331 1698 1533 1744 spiritualem
1552 1703 1687 1745 gratiam
1707 1725 1719 1742 ,
1753 1703 1992 1746 gratuitamque
2012 1700 2173 1735 Doctoris
2212 1694 2351 1732 4.Reg.5.

1243 1748 1290 1784 sui
1310 1747 1470 1783 medelam
1500 1752 1609 1794 pretio
1628 1750 1809 1785 venditarat
1826 1773 1836 1782 .
1862 1749 1956 1795 Qid
1976 1748 2177 1784 Absalonem
2193 1741 2274 1770 ²⁸²7·

1238 1798 1403 1836 mitiffitni
1439 1800 1537 1843 patris
1563 1797 1707 1833 ferocem
1742 1799 1964 1843 audacemque
1998 1797 2104 1833 filium
2137 1796 2179 1840 ad

1238 1847 1460 1894 parricidium
1488 1847 1595 1892 adegit
1615 1850 1627 1883 ?
1661 1850 1785 1884 Nonne
1811 1845 2037 1894 intempestiva
2061 1845 2181 1882 succes-
2203 1885 2207 1889 ⁴

1246 1898 1343 1934 fionis
1363 1899 1459 1941 regiae
1477 1902 1511 1932 &
1530 1896 1819 1933 alienainvadendi
1837 1898 2076 1943 diripiendique
2087 1899 2180 1942 cupi-

1239 1949 1327 1987 ditas
1345 1950 1356 1983 ἓ
1391 1949 1406 1987 Ι
1412 1947 1506 1983 udam
1535 1947 1616 1993 quid
1635 1960 1653 1981 e
1671 1946 1821 1990 catalogo
1847 1945 2180 1990 Discipuloruntmao-
2196 1949 2353 1983 Lucam.

1244 2000 1384 2046 punxit,
1411 2001 1444 2032 &
1458 2010 1499 2032 ex
1522 1995 1690 2042 Apostolo
1702 1995 1908 2044 proditorem
1926 1994 2027 2031 fecit?
2053 1998 2178 2031 Nonne
2196 1999 2228 2026 4-

1243 2061 1320 2084 cum
1341 2045 1576 2094 gazophylacii
1598 2046 1698 2082 infida
1723 2044 1992 2089 administratio,
2017 2056 2092 2080 tum
2110 2044 2181 2092 pre-

1243 2102 1331 2135 tium
1356 2097 1476 2133 infame
1497 2121 1508 2138 ,
1543 2101 1577 2132 δε
1598 2097 1812 2134 denariorum
1844 2094 1973 2142 aliquot
1998 2095 2181 2143 propudio-

1240 2148 1315 2185 -sum
1335 2148 1620 2183 auctoramentum
1638 2149 1651 2182 ?
1678 2149 1814 2182 Ananiae
1833 2145 1974 2192 denique
1991 2149 2026 2181 δι
2044 2142 2180 2191 Sapphi-

1242 2212 1290 2232 τε
1316 2197 1415 2232 tristis
1440 2197 1533 2231 unde,
1552 2199 1586 2231 δι
1612 2199 1755 2240 tragicus
1772 2200 1807 2231 in
1831 2194 2181 2241 ActisApostolorum
2199 2186 2259 2217 ΑΒ·
2270 2195 2296 2222 5·

1243 2245 1374 2277 exitus?
1399 2245 1525 2277 Nonne
1543 2245 1618 2285 quia
1636 2242 1765 2277 suarum
1791 2245 1885 2278 furto
1902 2257 2011 2280 rerum
2031 2247 2182 2291 proptio,-

1246 2303 1391 2338 rumque
1424 2289 1638 2325 denariorum
1683 2289 1850 2334 sacrilegio
1892 2290 1955 2326 sese
1972 2292 2184 2338 contamina*

1247 2343 1340 2376 rant?
1365 2340 1511 2381 Deficiet
1531 2351 1583 2374 me
1609 2340 1678 2374 dies
1696 2364 1708 2380 ,
1734 2340 1756 2374 fi
1776 2339 1942 2374 ministros
1964 2345 1999 2375 δε
2018 2339 2182 2387 ‘mancipia

1245 2390 1388 2423 avaritiae
1412 2388 1622 2422 dinumerare
1650 2398 1782 2432 pergam
1803 2410 1811 2418 -
1847 2389 1959 2430 Quare
1987 2388 2178 2426 missamsae—

1242 2440 1330 2471 ciam
1350 2447 1493 2470 veterem
1513 2432 1705 2475 historiam,
1731 2436 2001 2480 &quotidianam
2022 2442 2107 2475 vitae.
2121 2451 2179 2485 ex,-

1247 2488 1437 2532 perientiam
1452 2484 1669 2528 interrogabo
1688 2509 1698 2523 ‚
1733 2484 1914 2528 cujusmodi
1933 2486 1998 2522 fera
2023 2488 2180 2527 fitavar‘ffi

1244 2539 1313 2578 tia,
1338 2545 1539 2581 quamaegre
1559 2547 1643 2580 quos
1662 2534 1759 2569 semel
1780 2533 2014 2582 prehenderit,
2028 2538 2122 2575 velabi
2137 2538 2179 2575 fi-

1244 2597 1301 2620 nat
1311 2610 1322 2626 ,
1348 2597 1384 2619 ut
1396 2595 1510 2629 vegeta
1519 2582 1644 2631 semper
1653 2597 1690 2619 ac
1701 2584 1805 2620 valida
1816 2609 1827 2626 ,
1846 2597 2014 2632 nunquam
2026 2588 2180 2625 debilites

1247 2647 1302 2671 tur
1316 2647 1417 2682 atque
1427 2634 1577 2671 deficiats
1603 2633 1654 2669 sed
1665 2646 1740 2670 cum
1763 2638 1890 2680 iisquos
1907 2635 1965 2672 sibi
1985 2636 2178 2682 subjecerits,

1242 2684 1447 2720 consenescat
1465 2688 1499 2719 δε
1531 2695 1685 2729 perennet
1704 2708 1712 2716 .
1742 2684 1952 2721 Libidinosus
1982 2699 2177 2734 amatorque

1243 2747 1430 2781 corporum
1451 2751 1462 2777 5
1497 2733 1551 2780 ubi
1574 2736 1644 2779 jam·
1658 2733 1790 2780 longam
1819 2736 1970 2771 insaniam
1989 2737 2176 2779 insanivit,

1245 2786 1463 2821 remiffionem
1484 2784 1649 2831 finemque
1668 2783 1776 2820 morbi
1798 2785 1929 2821 tandem
1948 2789 2098 2828 invenit,
2124 2787 2176 2823 vel

1246 2834 1421 2883 postquam
1452 2833 1583 2869 senilem
1611 2833 1678 2880 ipse
1697 2845 1824 2870 aetatem
1852 2838 1960 2880 attigit
1978 2860 1990 2876 ,
2015 2836 2068 2871 vel
2098 2850 2176 2872 cum

1245 2899 1315 2921 eam
1339 2897 1439 2930 quam
1454 2896 1547 2919 amat
1572 2883 1736 2919 exoletam
1764 2884 1852 2919 videt
1876 2896 1912 2919 ac
1942 2884 2032 2921 floris
2057 2885 2176 2922 exstiti.-

1243 2937 1288 2971 «Sti
1309 2963 1316 2970 .
1351 2933 1498 2970 Gulosus
1525 2937 1646 2969 ventris
1671 2932 1899 2980 voluptatibus
1924 2933 2100 2980 aliquando
2125 2949 2175 2971 re—

1244 2989 1392 3024 nuntiat,
1419 2983 1485 3019 five
1503 2983 1636 3032 quando
1648 2985 1708 3024 iam
1727 2982 1848 3019 satietas
1866 2995 1941 3020 eum
1958 2988 2086 3031 coepit,
2100 2984 2175 3022 >five

1243 3047 1321 3072 curn
1332 3032 1520 3070 stomachus
1531 3059 1543 3075 ‚
1567 3046 1676 3080 eaeque
1695 3043 1799 3080 partes
1812 3058 1820 3074 ‚
1849 3031 1966 3079 quibus
1976 3033 2088 3071 cibum
2098 3039 2175 3072 conL

1243 3085 1410 3139 coquendi
1422 3087 1467 3118 vis
1477 3097 1515 3119 ac
1525 3095 1641 3119 munus
1651 3109 1664 3125 ,
1688 3081 1921 3118 imbecilliores
1932 3082 2022 3119 sanctae
2031 3108 2043 3124 ,
2054 3083 2175 3121 defide-

1244 3140 1332 3172 rium'
1351 3139 1385 3170 &
1402 3136 1621 3181 appetentiam
1641 3133 1728 3169 illam
1738 3131 1880 3168 hiantem
1901 3131 2066 3169 sedarunt.
2092 3138 2175 3171 AmL·

1241 3184 1380 3221 bitiosus
1398 3209 1408 3225 ,
1434 3182 1606 3231 postquam
1626 3186 1659 3218 in
1680 3182 1793 3218 multis
1811 3182 1839 3218 se
1859 3183 1987 3226 iad-avit
2006 3181 2172 3227 theatris-4

1242 3235 1378 3282 spectari
1398 3235 1529 3271 tandem
1556 3232 1638 3268 velle
1664 3236 1697 3269 &
1725 3236 1831 3268 inanes
1852 3232 1931 3268 flare
1948 3232 2066 3278 glorias
2089 3234 2171 3270 defle

1242 3288 1310 3321 nit.
1337 3287 1463 3321 Verum
1472 3286 1613 3319 avaritiae
1634 3281 1768 3318 morbus
1779 3280 1936 3327 ejusmodi
1956 3281 2076 3318 malum
2104 3283 2172 3327 esti)

1242 3347 1280 3372 ut
1300 3337 1354 3371 vix
1373 3346 1519 3381 unquam
1528 3330 1719 3368 eovliberari
1740 3332 1839 3378 pollis
1860 3346 1870 3366 ε
1887 3335 1930 3369 ,δι
1958 3333 2171 3377 (μιεπιεάωον

1242 3386 1323 3422 dum
1350 3382 1421 3420 haec
1449 3383 1572 3429 semper
1606 3385 1713 3417 virens
1738 3393 1834 3426 atque
1859 3380 2170 3419 frondenssstdera

1243 3434 1354 3471 adsitas
1383 3437 1527 3480 irrepens
1553 3430 1670 3468 arbore
1695 3430 1801 3467 valide
1819 3431 2109 3469 circumvolvitur-
2133 3437 2168 3469 85

1243 3483 1404 3520 adhaeret3
1429 3495 1466 3518 ac
1477 3495 1516 3517 ne
1526 3485 1623 3518 ramis
1641 3481 1776 3527 quidem
1787 3480 2083 3519 fatiscentibusaut
2100 3490 2169 3518 are)

1243 3534 1334 3570 fastis
1353 3532 1477 3569 recedit
1496 3557 1508 3574 ‚
1535 3531 1592 3567 nifi
1621 3534 1693 3578 quis
1712 3530 1817 3567 flexus?
1834 3529 1923 3570 ,istos
1937 3534 1972 3566 &
1990 3535 2170 3577 anguineos

1243 3583 1329 3632 quasi
1340 3595 1442 3629 gyros
1453 3581 1540 3616 ferro
1551 3581 1633 3616 secet
1653 3595 1662 3625 ²,
1687 3584 1729 3619 ita
1740 3592 1798 3616 nec
1815 3583 1900 3618 avari
1911 3588 2056 3616 mentem
2067 3606 2081 3623 ,
2095 3581 2168 3619 *flue

1243 3636 1370 3680 juvenis
1387 3630 1444 3667 hic
1462 3631 1526 3667 five
1545 3630 1640 3666 senex
1658 3655 1682 3672 ,.
1695 3633 1727 3665 in
1747 3628 1932 3668 libertatem
1953 3629 2045 3667 facile
2063 3631 2168 3669 vindis

1242 3686 1321 3719 caris
1341 3706 1353 3723 ‚
1388 3680 1446 3716 nifi
1466 3680 1578 3717 sobrio
1599 3679 1816 3727 prudentique
1835 3678 2170 3724 consilio-welutmv

1242 3732 1345 3770 chaera
1367 3729 1520 3767 morbum
1539 3729 1703 3768 discideris
1721 3751 1730 3762 ·
1755 3732 1889 3767 Avarus
1902 3733 2094 3778 propinquis
2120 3731 2168 3767 est

1240 3781 1395 3825 odiosus,
1412 3779 1541 3818 famulis
1552 3783 1655 3827 gravis
1666 3804 1678 3823 ,
1692 3781 1803 3863 amiclisl
1811 3778 1961 3822 inmitis,-
1969 3780 2167 3831 exterserit&

2049 3830 2117 3865 fici-
