2652 4126
494 271 583 319 clyti
596 296 608 320 ‚
626 268 709 311 &ad
719 269 877 316 fastigium
889 267 1106 304 humanarum
1118 267 1317 311 dignitatum
1327 265 1429 301 evecti

495 333 558 369 per
567 324 738 365 vanitatem
749 333 828 367 opes
847 315 1047 353 exhauriunt
1060 341 1070 357 ‚
1097 329 1164 351 non
1177 317 1280 352 modo
1290 317 1354 351 line
1364 315 1430 350 sru-

495 372 552 408 §tu
563 369 636 414 ,sed
647 374 763 407 &cum
775 377 930 415 peccatos
953 367 1087 414 dicique
1100 379 1174 402 vere
1186 366 1293 413 potest
1307 395 1313 403 .
1330 377 1427 419 quam

494 419 644 462 sublimis
654 430 771 456 eorum
783 416 946 458 thronus,
973 426 1043 453 tam
1054 416 1207 462 insignem
1218 415 1276 452 ess‘e
1297 416 1429 452 demen-

492 474 590 509 tiam.
610 466 708 510 'Cum
720 465 1001 513 enim-permultos
1011 465 1166 514 capessere
1186 466 1308 503 soleant
1321 465 1428 502 hono*

492 534 543 557 res
563 545 575 564 ,
612 522 645 556 &
670 516 874 565 ampliffimas
885 519 1000 561 Regiae
1020 517 1226 566 praestetur-as
1245 516 1395 552 obtinere
1414 540 1426 558 ,

492 581 594 618 quam
612 566 793 613 plurimum
804 579 821 601 e
831 564 979 614 qualibet
998 578 1150 603 extruere
1159 580 1264 613 opum
1277 566 1422 603 student.

489 618 583 657 Ethi
605 618 739 665 quidem
750 615 949 663 stipendium
975 616 1116 652 militare
1127 616 1218 653 suum
1239 621 1426 654 incommo-

487 669 569 710 dum
581 670 733 710 vei-tunt,
758 665 970 706 illiiustitiam
988 670 1023 703 ὅ(
1043 670 1212 703 veritatem
1239 670 1346 714 pretio
1374 668 1426 703 sae·

486 721 560 768 pius
570 717 748 759 addicunt,
773 715 826 752 alii
839 714 1008 752 thesauros
1028 728 1208 766 gazamque
1221 721 1343 762 regiam
1369 717 1424 752 de-

485 767 702 815 peculanrur,
728 771 761 802 δι
774 769 886 802 omnia
896 766 1044 815 undique
1064 767 1160 803 nullo
1169 767 1221 803 vel
1243 766 1353 803 infami
1374 766 1426 802 vel

482 821 603 865 iniquo
614 814 827 866 praetermisso
837 815 944 859 lucro,
954 826 1032 853 cum
1043 816 1164 853 offensa
1175 821 1343 860 Numinis,
1353 829 1426 853 coa-

480 878 639 908 cervants
665 879 752 902 nunc
761 878 871 902 autem
884 866 1073 913 praefident,
1099 879 1282 915 aurumque
1302 879 1424 914 conge-

480 916 567 954 stum
579 943 591 960 ,
602 921 687 953 intra
697 917 796 953 breve
805 928 938 964 tempus
948 942 959 959 ,
980 920 1013 952 in
1023 921 1150 964 aurigas
1160 943 1171 961 ,
1182 917 1332 954 tibicines
1343 942 1354 960 ‚
1364 922 1424 954 rni-¹

479 980 568 1010 mos,
580 967 744 1003 saltatores
754 991 766 1009 ,
775 967 933 1013 spadones
945 965 1147 1004 distribuunt
1161 995 1169 1003 .
1183 968 1287 1005 Addo
1297 980 1422 1016 propu-

478 1018 534 1060 dia
544 1017 834 1059 muliercularum,
854 1029 926 1064 quae
937 1030 1059 1065 corpus
1084 1018 1179 1055 suurn
1202 1018 1253 1053 vel
1274 1018 1420 1054 carnifici

478 1067 592 1106 venale
602 1067 764 1114 praebeant
776 1092 786 1109 ‚
805 1066 972 1103 bestiarios
983 1070 1132 1115 impuros
1143 1094 1154 1116 2
1164 1072 1198 1105 &
1209 1067 1250 1104 ab
1261 1072 1350 1105 omni
1364 1067 1419 1115 spe

477 1117 657 1157 derelistos
675 1144 686 1160 ‚
714 1118 859 1164 ipsasque
879 1116 999 1154 belluas
1018 1143 1030 1161 ‚
1055 1118 1176 1164 quibus
1196 1118 1318 1154 alendis
1336 1130 1420 1155 auro

475 1180 560 1213 opus
577 1168 780 1214 sumptuque
798 1170 831 1202 in
844 1180 958 1203 carnes
977 1178 1033 1203 aut
1052 1180 1199 1205 mazam.
1226 1167 1289 1205 Ista
1308 1179 1418 1204 autem

474 1220 589 1253 omnia
618 1229 683 1252 non
711 1217 770 1253 alia
795 1217 906 1259 causa,
932 1229 1033 1264 quam
1060 1229 1097 1254 ut
1118 1218 1263 1266 ipsorum
1291 1223 1423 1255 nomina

472 1266 696 1308 contraffibus
717 1279 754 1302 ac
780 1267 969 1313 diplomatis
982 1268 1253 1315 praescribantur.
1280 1272 1316 1305 Ο
1342 1269 1422 1306 stul-

471 1320 580 1358 titiam
600 1318 610 1353 !
635 1330 659 1353 o
678 1318 883 1354 caecitateml
913 1320 1002 1354 Deus
1015 1319 1215 1366 pollicetur,
1234 1332 1352 1355 eorum
1364 1323 1421 1366 qui

472 1380 631 1415 pauperes
642 1366 727 1403 alent
747 1367 982 1404 nominalibris
994 1368 1205 1412 viventibus,
1226 1369 1419 1406 immortali-
1461 1397 1464 1400 ⁴

468 1416 530 1454 bus
550 1443 562 1460 ,
589 1417 902 1464 incorruptibilibus
926 1420 1119 1467 inscriptum
1141 1424 1178 1456 iri
1199 1433 1284 1468 quos
1311 1432 1420 1467 neque

467 1470 563 1504 tineae
585 1481 692 1514 neque
722 1479 855 1516 tempus
874 1468 1043 1506 absument
1062 1497 1070 1505 .
1099 1472 1144 1505 Et
1174 1469 1238 1506 hos
1260 1482 1295 1506 tu
1319 1469 1421 1506 libros

466 1530 534 1556 non
546 1517 674 1555 affeetas
688 1545 697 1562 ‚
724 1531 795 1554 non
808 1523 969 1555 rationem
990 1531 1160 1556 tantorum
1184 1518 1416 1567 promiss'orum

465 1566 588 1613 habes,
614 1581 683 1604 non
694 1574 866 1614 memoriae
882 1571 999 1606 divinae
1018 1575 1033 1615 (
1049 1573 1106 1618 qui
1128 1569 1275 1606 liberille
1297 1575 1416 1612 vivus)

465 1617 623 1663 inscribi,
642 1619 854 1668 insignit-ique
866 1619 974 1656 studes
984 1635 993 1656 x
1005 1621 1057 1656 sed
1069 1632 1184 1656 contra
1200 1621 1412 1668 magnifacisa

465 1666 634 1708 tabulariis
643 1675 789 1713 exarari,
801 1684 818 1707 a
830 1672 1046 1716 mangonibus
1058 1672 1249 1718 praedicari,
1268 1684 1284 1707 a
1295 1670 1416 1707 vilibus

466 1721 694 1766 adulatoribus
704 1726 812 1768 excipi
826 1720 959 1768 plausu,
988 1722 1090 1757 malus
1101 1722 1251 1757 utilitatis
1271 1720 1413 1762 arbiter,

467 1775 596 1818 ineptus
617 1775 834 1817 &imperitus
855 1784 965 1807 rerum
978 1770 1168 1807 aestimator.
1198 1775 1290 1816 Quin
1304 1775 1414 1818 potius

466 1834 647 1869 pauperem
669 1823 786 1864 iniuria
814 1820 970 1857 affe&um
991 1833 1161 1857 munerare
1184 1836 1192 1856 ε
1221 1835 1288 1856 non
1310 1822 1413 1858 Muli-

464 1884 544 1910 cum
555 1869 747 1908 dissolutum
766 1886 777 1906 ι
794 1871 885 1907 affice
896 1871 1059 1907 beneficio
1069 1872 1202 1907 viduam
1213 1884 1278 1919 pro
1288 1871 1412 1915 scorto,

464 1922 638 1958 mulierem
657 1921 811 1955 decenter
822 1921 1010 1956 conclusam
1032 1935 1093 1968 pro
1104 1934 1138 1956 ea
1151 1935 1225 1968 quae
1236 1922 1266 1957 se
1276 1922 1413 1966 vulgat?

464 1974 594 2017 inquire
614 1969 654 2005 de
664 1971 806 2016 Virgine
824 1969 928 2005 saneta
942 1973 1017 2006 Deo
1039 1971 1213 2016 psallente,
1240 1976 1272 2008 &
1295 1972 1410 2019 sperne

467 2020 629 2070 psaltriam
651 2020 905 2056 inverecundam
925 2033 961 2055 ac
985 2021 1090 2067 palam
1112 2035 1206 2057 cantu
1229 2024 1319 2058 velut
1341 2023 1412 2058 inss-

466 2071 530 2110 diis
550 2068 702 2107 homines
724 2073 974 2117 intemperantes
994 2084 1179 2120 captantem
1201 2087 1209 2108 ε
1236 2073 1284 2108 ser
1310 2085 1409 2121 opem

464 2120 617 2171 pupillo,
644 2119 744 2156 libera
757 2133 933 2168 pauperem
950 2134 1017 2157 aero
1026 2122 1132 2158 alieno
1152 2136 1188 2158 ac
1198 2123 1350 2165 foenooe,
1377 2127 1411 2159 &

465 2171 609 2218 gloriam
631 2182 821 2218 perpetuam
845 2170 991 2207 videbis.
1020 2176 1065 2208 At
1078 2186 1112 2209 tu
1136 2173 1263 2209 loculos
1281 2187 1414 2210 evae-uas

466 2220 502 2257 in
513 2233 643 2269 turpem
653 2225 751 2256 animi
764 2221 1002 2256 relaxationem
1013 2246 1026 2261 ‚
1053 2226 1085 2254 in
1098 2224 1199 2257 risum
1212 2225 1409 2255 indecorum

468 2274 504 2306 &
531 2271 769 2306 inconditum:
806 2281 913 2312 neque
947 2267 1130 2301 consideras
1166 2280 1264 2313 quam
1293 2267 1411 2302 multas

467 2329 653 2367 pauperum
690 2317 846 2363 lacrymas
872 2316 975 2351 dones
995 2341 1006 2357 ,
1045 2329 1103 2361 per-
1135 2328 1216 2360 quas
1241 2329 1320 2362 opes
1348 2317 1412 2351 illae-

469 2379 534 2404 tuae
550 2366 722 2406 constatae,
750 2365 956 2410 quammulti
982 2368 1017 2398 in
1031 2365 1159 2400 vincula
1185 2367 1411 2406 conjee'tiver-

469 2417 640 2461 beratique
661 2413 800 2454 suerint,
826 2423 881 2448 aut
902 2413 942 2447 ad
962 2411 1115 2460 laqueum
1139 2408 1326 2448 acctsserint
1339 2438 1346 2448 ,
1374 2423 1411 2448 ut

471 2466 534 2504 tibi
563 2463 714 2511 suppetat
738 2464 830 2510 quod
857 2465 997 2498 Scenieis
1024 2461 1190 2498 hodierno
1216 2462 1270 2497 die
1300 2462 1413 2508 largia-

474 2521 537 2555 ris.
566 2517 715 2561 thuis,
741 2512 875 2559 quaes0,
901 2512 999 2547 finis?-
1023 2513 1186 2547 Vanitas..
1205 2511 1282 2547 1²0st
1301 2515 1414 2549 omnia

475 2567 790 2610 tumulusexiguus,
819 2575 1002 2610 paucorum
1023 2561 1204 2598 obolorum
1219 2562 1313 2598 vestis
1338 2575 1414 2598 cor—

477 2615 649 2664 pusculum
660 2613 804 2650 ambiens
826 2627 833 2648 :
860 2625 896 2648 ac
910 2612 1010 2660 paulo
1023 2613 1094 2660 post
1115 2611 1322 2648 necessarium
1331 2624 1415 2647 tena-

479 2670 568 2715 poris
583 2665 705 2701 malum
719 2689 728 2704 ‚
754 2662 905 2705 oblivio,
930 2676 1001 2711 quae
1012 2664 1152 2705 cuneta,
1178 2666 1264 2698 circa
1276 2675 1348 2710 quar
1369 2662 1416 2698 su-

478 2717 608 2756 daveris
623 2740 635 2757 ‚
660 2712 802 2751 tenebris
828 2713 975 2748 involvat
993 2729 1003 2748 ι
1029 2714 1081 2749 sed
1102 2718 1134 2749 ἀ
1156 2713 1313 2757 judicium
1334 2714 1418 2747 divi·

480 2779 559 2801 num
580 2792 592 2808 ‚
617 2769 650 2799 Se
672 2762 918 2810 indeprecabilis
940 2763 1015 2799 mali
1041 2763 1199 2811 propositi
1221 2763 1364 2798 vindifia
1382 2775 1418 2798 ac

482 2827 578 2863 poena
589 2840 596 2848 .
624 2812 768 2850 Ubinam
780 2812 939 2848 Consules
950 2818 983 2849 &
994 2813 1089 2849 fasc-es
1101 2828 1109 2848 τ
1122 2818 1277 2859 Propone
1287 2812 1348 2848 tibi
1371 2811 1418 2848 ob

480 2864 596 2904 oculos
607 2889 619 2906 ,
644 2867 678 2899 &
689 2875 841 2898 enumera
851 2866 931 2908 qui,
949 2862 1092 2909 heri‚qui
1105 2863 1337 2900 nudiustertius
1349 2863 1417 2899 sue-

482 2926 559 2954 runt
570 2929 582 2949 ε.
597 2925 707 2948 nonne
719 2911 775 2948 hic
785 2912 922 2960 quidem
936 2940 943 2951 .
957 2924 993 2949 ut
1005 2913 1202 2949 facinorosus
1211 2913 1325 2959 aliquis
1336 2937 1347 2955 2
1360 2925 1418 2959 per

481 2967 685 3012 repentinam
711 2975 844 2998 armatae
868 2963 1088 2999 multitudinis
1115 2964 1302 2999 seditionem
1330 2965 1416 3009 capi-

483 3025 516 3055 te
543 3025 709 3050 truncatus
721 3011 787 3056 est,
813 3011 1058 3060 ostentatusque
1077 3015 1201 3059 majore
1222 3013 1293 3060 post
1305 3025 1418 3048 necem

487 3077 624 3111 pompa,
654 3076 753 3109 quam
765 3075 840 3099 cum
863 3067 894 3098 in
922 3077 1020 3099 curru
1040 3062 1202 3105 sublimis,
1230 3069 1263 3100 &
1282 3062 1418 3099 exsulta-

483 3114 613 3157 bundus
634 3111 920 3149 transveheretur?
945 3113 1000 3149 ille
1023 3125 1139 3160 praeter
1158 3116 1320 3149 exerc-itus
1340 3125 1418 3160 prae—

483 3164 610 3200 fec‘tura
644 3163 783 3198 eundem
809 3163 945 3208 adeptus
971 3161 1137 3199 honorem
1158 3188 1169 3205 ,
1204 3166 1236 3198 in
1263 3167 1417 3198 extremis

488 3216 627 3261 AEgypti
662 3211 842 3259 Libyaeque
870 3212 989 3249 finibus
1008 3238 1020 3255 ,
1053 3216 1086 3247 in
1113 3212 1195 3247 locis
1220 3212 1357 3248 arenosis
1384 3217 1418 3248 δε

487 3263 641 3299 humoris
673 3265 780 3298 omnis
813 3261 1016 3308 humanique
1049 3261 1155 3300 cultus
1191 3262 1380 3309 expertibus
1407 3288 1418 3304 ‚

488 3315 706 3351 damnationis
733 3311 932 3357 supplicium
951 3312 1096 3355 stteiens,
1121 3312 1300 3348 miffirrime
1316 3315 1422 3348 extin-

490 3364 560 3399 &us
579 3362 647 3398 est?
673 3363 767 3406 Quid
779 3362 819 3397 de
846 3375 887 3398 eo
912 3363 1079 3405 dicamus,
1104 3361 1285 3408 qui&ipse
1311 3362 1421 3398 denu-

490 3426 586 3449 mero
611 3411 798 3449 Consulum
822 3423 919 3458 atque
945 3413 1067 3448 ducum
1096 3415 1256 3447 exercitus
1282 3415 1314 3446 in
1341 3423 1425 3447 terra

490 3460 660 3499 Colchide
687 3474 773 3497 nunc
800 3462 922 3508 degens
942 3487 954 3504 ,
990 3461 1203 3497 barbarorum
1231 3460 1424 3497 humanitati

494 3516 594 3547 vitam
618 3515 649 3549 ὃς
677 3512 826 3557 spiritum
851 3511 979 3547 debet?
1003 3511 1174 3547 praesidem
1200 3523 1308 3548 autem
1329 3511 1423 3548 illum

494 3563 723 3605 refioremque
751 3564 931 3606 provinciae
955 3560 1165 3597 forriffimum
1185 3565 1219 3596 ὃ(
1239 3562 1399 3596 ἱηνὶᾶυῐη
1419 3587 1427 3601 ,

496 3622 532 3648 ut
558 3609 759 3647 existimabat
777 3637 788 3654 ,
813 3611 916 3655 qualis
943 3614 1021 3646 vitae
1045 3610 1250 3658 catastrophe
1275 3614 1400 3658 excipit
1421 3634 1429 3642 .

498 3662 645 3698 Primum
669 3661 806 3705 quidem
834 3661 941 3696 filium
962 3661 1054 3696 suum
1075 3661 1159 3697 vidit
1177 3665 1282 3707 capite
1302 3671 1430 3696 trunca-

501 3719 595 3747 tum,
621 3714 652 3743 δέ
667 3710 731 3754 ipse
744 3710 852 3755 postca
862 3710 989 3754 capitali
1003 3710 1156 3746 sententia
1173 3712 1344 3747 damnatus
1364 3709 1430 3751 est,

500 3755 684 3809 laqueoque
703 3759 786 3803 gulae
813 3762 873 3803 jam
894 3762 1052 3803 admoto,
1078 3759 1251 3797 clementia
1272 3762 1430 3806 Principis

855 173 1173 235 SANCTt
1225 170 1590 230 ASTERII
1641 164 2027 227 H0M1L1A

1489 261 1638 298 manibus
1663 262 1828 298 carnificis
1853 273 2027 310 exemptus
2054 261 2130 300 ests
2155 271 2193 299 ut
2217 265 2416 309 quantulum

1486 315 1569 347 aetati
1589 311 1775 358 supererat,
1797 311 1896 354 senex
1923 316 1955 347 in
1977 311 2138 349 dolore&
2152 313 2330 353 calamitate
2346 317 2418 351 stn-

1489 361 1589 408 suque
1615 360 1778 398 malorum
1805 366 1934 407 exigens
1953 387 1966 405 ‚
1989 375 2026 398 ac
2055 362 2170 410 plenus
2195 363 2366 402 dedecoris
2383 369 2418 403 Ge

1487 413 1696 455 ignominie,
1721 412 1777 447 tali
1804 415 1912 458 magni
1931 412 2118 454 consulatus
2134 416 2225 454 exitu
2251 419 2316 451 vita
2326 414 2418 451 deee-

1487 461 1597 495 deret.
1625 461 1742 506 Quid?
1766 462 1858 508 quod
1868 474 1954 497 anno
1972 462 2138 511 superiore
2158 466 2304 511 gigantea
2323 475 2418 512 pror·

1485 509 1534 546 sus
1559 510 1698 547 facinora
1716 523 1815 559 atque
1839 515 1939 548 etiam
1957 517 2077 556 maiora
2087 512 2299 558 molitusest,
2324 516 2418 560 cujus

1485 559 1576 596 sexus
1599 563 1631 596 in
1651 560 1790 598 dubium
1818 561 1993 600 vocabatur
2011 589 2023 611 ‚
2050 563 2218 613 virgasque
2235 563 2418 601 consulares

1483 608 1662 653 affeetavin
1687 615 1858 659 quivirgas
1882 610 2001 649 heriles
2018 613 2174 659 effugerat
2193 640 2206 658 ,
2230 626 2266 650 ac
2288 624 2419 651 tantum

1484 660 1610 697 telluris
1622 658 1758 708 possedit
1770 687 1782 705 ,
1807 673 1968 709 quantum
1976 676 2036 700 nec
2047 662 2139 701 ficile
2149 666 2341 706 nominare,
2359 666 2419 711 qui

1483 721 1574 745 nunc
1604 714 1718 758 exigua
1742 711 1896 748 conditur
1913 711 2039 750 humo
2058 738 2070 756 ,
2106 716 2138 750 δι
2167 713 2363 761 quantulum
2387 715 2419 749 ei

1483 772 1551 795 non
1572 772 1672 797 nemo
1690 761 1896 798 miseratione
1915 774 2024 800 motus
2047 766 2224 811 impertiit.
2250 767 2332 800 Non
2358 765 2419 810 igl-

1484 820 1540 845 tur
1564 822 1641 846 vere
1670 813 1759 856 juxta
1786 811 1962 860 sapientem
1989 812 2081 849 illum
2100 812 2322 850 Ecclefiastem
2346 811 2420 850 haec

1483 859 1555 895 talis
1574 861 1694 897 cuneta
1719 865 1838 899 vanitas
1858 866 2058 905 vanitatum,
2083 875 2119 899 ae
2140 862 2192 899 vel
2217 862 2419 912 ampliffimae

1483 910 1659 956 dignitates
1686 914 1791 948 inania
1811 913 1963 959 quaedam
1983 912 2047 949 visa
2066 915 2100 948 δι
2119 912 2244 952 ostenta
2274 912 2420 950 somnio·

1481 962 1581 996 rum?
1605 973 1677 1008 quae
1689 974 1765 997 cum
1782 962 1821 998 ad
1834 960 1936 998 breve
1953 974 2080 1010 tempus
2089 961 2318 1006 obicem-unt,
2344 962 2419 1011 post

1479 1010 1598 1046 deinde
1617 1011 1795 1058 diffugiunt
1825 1016 1858 1048 δε
1877 1014 2070 1049 evanescunt
2090 1038 2102 1056 ,
2127 1017 2161 1050 &
2180 1026 2257 1049 cum
2274 1012 2420 1060 aliquan·

1478 1071 1549 1096 tum
1570 1060 1766 1103 floruerint,
1791 1061 1900 1099 subito
1910 1063 2130 1100 marcescunt.
2158 1061 2355 1099 Sednoshic
2379 1063 2422 1100 fl·

1478 1122 1554 1146 nem
1563 1110 1692 1199 dicendi
1714 1110 1886 1156 facientes,
1911 1112 2041 1156 laudem
2061 1117 2095 1155 δι
2111 1111 2250 1166 gloriam
2267 1116 2418 1155 Servato-

1483 1173 1512 1197 rt
1542 1172 1585 1198 tri
1609 1173 1744 1204 tlemus.

1516 1368 1795 1409 EIUSDEM
1829 1370 2081 1410 ASTERII
2113 1365 2387 1407 HOMILIA'

1540 1471 1581 1504 In
1607 1466 1722 1505 locum
1742 1469 1915 1516 Evangelii
1935 1470 2115 1511 secundum
2132 1469 2359 1513 Matthaeum‚

1494 1565 1549 1600 An
1576 1565 1675 1603 liceat
1702 1565 1826 1602 bomini
1852 1567 2015 1604 dimittere
2042 1582 2170 1610 uxorem
2201 1579 2400 1625 quacumque
2432 1592 2495 1632 Cap
2525 1600 2561 1630 ,Ω

1857 1631 1896 1655 ex
1923 1620 2038 1669 causa.
2496 1614 2504 1625 ⁸
2563 1613 2573 1624 ⁷

1541 1718 1689 1759 Raeclara
1711 1717 1909 1758 Christianis
1934 1725 1969 1758 δε
1994 1721 2116 1760 labor1's
2131 1722 2312 1762 amantibus
2338 1722 2418 1760 dua·

1566 1783 1640 1806 rum
1668 1769 1715 1806 est
1732 1769 1851 1808 harum
1873 1772 1992 1819 copula
2018 1786 2053 1809 ac
2080 1776 2242 1814 concursu
2261 1775 2416 1815 dierum.

1474 1819 1654 1862 Sabbathi,
1680 1825 1839 1867 iuquam,
1864 1826 2122 1866 &Dominicae,
2149 1837 2228 1876 quas
2241 1826 2416 1872 tempusin

1471 1871 1590 1908 orbtm
1627 1883 1797 1907 recurrens
1825 1871 2045 1911 hebdomadis
2082 1870 2224 1921 lingulis*
2251 1876 2415 1918 reducit..

1470 1926 1561 1959 Nam
1581 1921 1669 1970 quali
1697 1933 1815 1957 matres
1840 1934 1896 1958 aut
1917 1927 2061 1962 nutrices
2082 1925 2233 1966 Ecclesiae
2252 1929 2286 1962 δε
2309 1917 2416 1974 popu-

1471 1972 1544 2009 lum
1563 1983 1786 2017 congregant,
1812 1972 2040 2014 &sacerdotes
2065 1974 2104 2010 ad
2125 1975 2315 2011 docendum
2335 1984 2418 2010 con-

1472 2023 1576 2058 fidere
1586 2022 1709 2058 faciunt
1727 2036 1737 2057 ε
1765 2033 1862 2068 atque
1872 2023 1955 2063 adeo
1974 2036 2052 2061 cum
2062 2023 2241 2074 distipulos
2262 2036 2333 2062 tum
2344 2025 2418 2062 Do-

1471 2074 1578 2109 &ores
1603 2072 1641 2108 ad
1672 2075 1851 2108 animarum
1878 2086 1991 2110 curam
2018 2073 2148 2115 ducunt
2165 2079 2199 2112 &
2221 2074 2420 2124 impe-llunt.‘

1471 2122 1564 2159 Mihi
1592 2122 1728 2171 quidem
1750 2121 1881 2159 autibus
1907 2123 2017 2160 adhuc
2042 2124 2170 2158 insonat
2195 2123 2416 2160 hestern'idie'i

1471 2172 1614 2214 concio‚'
1641 2172 1845 2213 infidemque
1870 2172 2041 2203 memoriae
2069 2173 2153 2204 circa
2181 2183 2255 2222 quae
2272 2183 2345 2208 tum
2371 2171 2413 2206 la-
2429 2190 2483 2230 ΞΥ,
2494 2190 2594 2230 53v3

1470 2222 1626 2252 botarum
1649 2216 1729 2249 fuit.
1757 2215 2012 2252 Videocrucem
2035 2215 2151 2263 spiritu
2174 2218 2415 2268 Prophetiaeab
2483 2211 2493 2224 ⁸
2534 2214 2541 2222 ⁵
2565 2213 2572 2221 ⁴

1470 2264 1561 2300 Esaia
1582 2263 1680 2299 fixam
1700 2287 1712 2302 ‚
1737 2276 1772 2297 ac
1792 2263 1980 2299 vestimenta
2009 2269 2149 2302 Domini
2182 2268 2270 2316 quafi
2290 2268 2415 2307 calcan-

1469 2320 1510 2350 tis
1538 2319 1571 2348 in
1597 2311 1752 2347 torculari
1781 2322 1902 2346 cruore
1923 2314 2022 2348 tinen
2044 2340 2056 2356 ,
2080 2325 2181 2362 atque
2206 2319 2414 2359 servatorem

1470 2363 1577 2410 ipsum
1605 2362 1719 2395 dextra
1746 2363 1918 2406 praemium
1941 2363 2170 2409 praeferentem
2193 2391 2201 2399 .
2230 2368 2343 2406 Video
2365 2359 2417 2408 Sa-
2453 2397 2468 2426 3
2491 2389 2516 2417 R
2563 2394 2577 2423 ς

1471 2411 1644 2446 lamonem
1669 2422 1794 2458 aequam
1813 2411 1925 2454 judicii
1953 2416 2110 2452 trutinam
2132 2414 2325 2459 librantem:
2353 2423 2416 2459 mi-
2432 2399 2557 2467 μἰςῗὲ
2581 2407 2592 2420 ⁸

1473 2461 1555 2496 seret
1583 2472 1635 2495 me
1661 2460 1820 2495 debitor-is
1850 2463 2038 2509 Evangelici
2059 2489 2069 2506 ,
2103 2469 2162 2511 qui
2189 2465 2354 2508 lenitatem
2381 2475 2416 2514 δε

1472 2509 1681 2547 clementiam
1705 2522 1767 2557 qua
1781 2512 1948 2552 Dominus
1966 2526 2040 2562 erga
2066 2514 2171 2563 ipsum
2193 2512 2298 2556 suerat
2318 2521 2418 2572 υἷας,

1475 2565 1506 2597 in
1524 2560 1722 2596 conservum
1740 2573 1807 2595 non
1817 2560 1990 2601 adhibuit3
2015 2564 2066 2601 sed
2077 2577 2137 2611 per
2158 2569 2418 2616 imprudentiam

1477 2614 1508 2647 δι
1528 2610 1803 2647 inhumanitatem
1834 2610 1920 2648 suam
1940 2614 2035 2660 ipsius
2052 2615 2268 2656 calamitatem
2297 2611 2419 2661 instau-

1478 2665 1581 2697 ravit.
1607 2665 1645 2697 In
1668 2658 1719 2696 his
1730 2663 1817 2696 enim
1828 2662 1989 2708 capitibus
2006 2665 2239 2714 diesuperiore
2259 2674 2418 2718 proximo

1477 2710 1706 2749 versabamur,
1733 2723 1846 2746 omnes
1867 2712 2020 2762 scitisqui
2040 2728 2109 2752 non
2127 2717 2340 2766 indiligenter
2350 2727 2418 2760 ani-

1478 2775 1569 2798 mum
1591 2759 1792 2796 advertistis.
1820 2763 2037 2801 Hodieetiam
2058 2765 2159 2803 multa
2181 2769 2275 2810 nohis
2287 2772 2418 2819 praecla-

1478 2825 1511 2848 ra
1531 2815 1563 2846 in
1585 2810 1689 2846 mensa
1713 2835 1723 2853 ‚
1750 2823 1849 2858 quam
1870 2814 1988 2850 videtis
2007 2841 2019 2858 ‚
2047 2811 2188 2863 Spiritus
2208 2822 2386 2869 proposuit
2403 2848 2418 2870 ‚

1478 2863 1580 2898 adieci
1602 2873 1709 2896 autem
1736 2864 1885 2898 animum
1910 2865 1950 2900 ad
1969 2867 2119 2910 =tzarrulos
2146 2868 2224 2906 istos
2250 2884 2287 2909 ac
2308 2863 2416 2914 tenta,

1478 2923 1568 2948 tores
1589 2909 1781 2950 Pharisae0s3
1806 2916 1838 2948 ἃ
1859 2914 2082 2961 improbitatis
2102 2930 2219 2957 eorum
2241 2920 2417 2963 vehemen-

1478 2974 1528 2998 ter
1554 2960 1713 2997 misereor
1735 2986 1745 3002 ‚
1770 2963 1863 3008 quod
1891 2964 1995 3011 ipstim
2015 2966 2176 3016 sapientiae
2202 2970 2325 3010 sontem
2352 2971 2416 3015 suis

1477 3010 1798 3056 interrogatiunculis
1825 3015 2066 3054 circumvenire
2090 3020 2225 3065 aggreffi
2250 3020 2324 3060 sunt
2343 3047 2353 3064 ,
2381 3025 2415 3059 in

1483 3064 1754 3108 contrariumque
1765 3062 1957 3109 quaestiones
1974 3078 2109 3108 eorum,
2137 3069 2306 3115 Unigeniti
2332 3072 2415 3111 divi-

1478 3116 1578 3148 nitate
1605 3123 1753 3146 vertente
1772 3136 1784 3154 ‚
1809 3113 1980 3150 conatibus
2004 3119 2038 3150 &
2063 3115 2188 3154 autibus
2205 3118 2266 3159 suis
2283 3123 2414 3163 excide.

1479 3173 1556 3198 runt
1576 3188 1584 3196 .
1611 3164 1664 3198 De
1681 3161 1802 3208 quibus
1822 3166 1856 3198 δι
1874 3163 1981 3203 Esaias
2005 3162 2095 3204 hisce
2115 3167 2223 3208 verbis
2244 3175 2411 3209 vaticinari

1477 3210 1560 3249 mihi
1581 3211 1712 3246 videtur
1731 3225 1738 3246 :
1766 3212 1968 3246 Convert'ens
1985 3213 2150 3260 sapientes
2168 3219 2342 3268 atrofiam,
2368 3222 2411 3258 ἀ·
2430 3226 2483 3266 lfa.
2504 3235 2540 3262 44
2559 3239 2594 3261 vt

1473 3261 1643 3307 scientiam
1669 3272 1774 3293 eorum
1793 3261 1967 3302 stultitiam
1989 3264 2137 3314 faciens²
2164 3267 2208 3302 Θ·
2225 3271 2411 3316 appendens
2430 3277 2477 3302 ²5.

1480 3310 1584 3344 verba
1590 3309 1687 3356 pueri
1689 3309 1744 3354 sui
1753 3336 1760 3344 .
1772 3314 1825 3347 Ac
1833 3311 1941 3349 rursus
1953 3315 2065 3353 David
2075 3330 2087 3349 .·
2107 3316 2244 3364 Linguis
2244 3318 2316 3364 Juis
2324 3322 2411 3357 dolo·
2429 3309 2474 3348 Pl·
2486 3315 2512 3344 5⁸
2522 3315 2598 3345 ’‘³⁴¹''

1474 3361 1512 3406 fe
1522 3359 1663 3406 agebant
1680 3373 1691 3393 .·
1712 3359 1829 3402 judica
1837 3360 1911 3394 illos
1922 3360 2031 3398 Deus:
2050 3361 2412 3416 decidantacogitatio'.

1484 3410 1616 3454 bussuis
1626 3437 1634 3444 .
1661 3413 1897 3447 Verumtamen
1907 3417 2009 3459 gratia
2019 3419 2063 3451 eis
2071 3415 2141 3453 esto
2149 3443 2161 3460 ‚
2182 3418 2260 3457 licet
2268 3422 2415 3459 adversa-

1483 3463 1559 3502 riis,
1584 3460 1675 3506 quod
1685 3460 1830 3496 divinam
1849 3460 2039 3507 sapientiam
2049 3466 2088 3502 ad
2097 3467 2263 3509 edendum
2283 3461 2414 3520 respon-

1486 3510 1554 3546 stan
1566 3513 1765 3549 excitarunt.
1792 3510 1941 3549 nostrum
1961 3526 1998 3551 ut
2009 3517 2040 3551 in
2053 3516 2144 3553 usum
2163 3516 2234 3560 haec
2244 3519 2359 3561 litteris
2378 3536 2416 3562 ac

1488 3563 1655 3611 memoriae
1668 3559 1901 3604 proderentur.
1930 3565 2017 3600 Ecce
2028 3569 2114 3603 enim
2133 3573 2384 3612 matrimonium
2405 3598 2417 3616 ,

1491 3607 1578 3645 idest
1599 3621 1648 3643 res
1659 3607 1810 3645 humanae
1820 3614 1896 3648 vitae
1916 3619 2078 3659 maxima,
2103 3617 2245 3656 velutad
2265 3634 2418 3662 normam

1491 3658 1547 3694 hic
1564 3658 1720 3704 dirigitur
1738 3683 1750 3701 ‚
1785 3659 1930 3708 finesque
1959 3668 2037 3700 certi
2073 3666 2277 3710 definiuntur
2294 3671 2360 3717 ejus
2385 3675 2420 3711 &

1490 3706 1748 3744 contrahendi&
1758 3708 1949 3748 diffolvendi
1960 3739 1971 3755 ‚
1998 3715 2129 3764 Qubus
2139 3713 2323 3767 diligenter*
2336 3733 2422 3762 uter-

1489 3771 1555 3811 que
1570 3768 1677 3795 coetus
1702 3761 1735 3795 ἃ
1761 3758 1854 3798 sexus
1877 3764 2048 3808 attendat,
2083 3779 2154 3814 quo
2179 3779 2250 3806 tum
2276 3770 2423 3811 foeminae

2294 3831 2367 3857 tum
