2652 4126
311 1199 372 1231 Λᾶ.
381 1209 446 1239 9.5.

284 1356 377 1387 Man.
387 1357 431 1397 8.3
438 1367 463 1389 a.

276 1396 348 1439 Job.
359 1406 386 1428 1.
396 1406 443 1428 η.

284 1495 297 1516 1
302 1487 378 1517 ,Con
385 1497 398 1518 1
404 1497 448 1528 ²·7
453 1509 461 1518 .

281 1527 347 1562 <9⁶0-

281 2261 411 2320 Psaelss-su
423 2288 448 2318 3·

495 241 613 324 “248
711 242 983 304 ScmPTA
1028 253 1109 299 ET
1149 247 1569 297 MoNUMENTA
1610 250 1759 309 QUAE
1785 219 2307 294 op.s.1>ims‘1›ssm.

501 339 614 391 ipsum
639 355 713 379 ama
732 367 744 385 ,
779 340 828 376 illi
855 339 956 386 flagra
975 361 987 379 ,
1024 335 1076 372 illi
1103 333 1194 371 inhia
1219 326 1291 382 quo
1317 335 1429 376 iocun—

1488 329 1599 367 homo
1624 329 1707 366 dicit
1725 355 1737 373 ‚
1769 335 1803 367 δι
1829 329 1963 367 homini
1997 330 2079 367 dicit
2104 346 2115 367 ε
2149 344 2210 369 nec
2243 326 2302 381 >qu'i
2325 322 2410 372 dicit

505 394 581 430 dius
607 392 696 429 nihil
722 393 852 427 invenis
874 413 886 429 ‚
911 399 982 435 quo
1006 385 1128 423 melius
1147 410 1159 427 ‚
1185 397 1256 432 quo
1281 383 1388 419 laetius
1415 407 1428 424 ‚
1486 391 1597 417 certus
1622 379 1693 423 est,
1719 393 1781 416 nec
1805 385 1864 428 qui
1890 382 2011 419 audit;
2046 385 2124 430 quia
2152 382 2209 419 ille
2234 382 2408 433 dicitbho'-

507 457 579 493 quo
604 443 794 480 diuturnius
816 465 824 473 .
853 436 948 482 Quid
972 439 1065 472 enirn
1091 445 1160 471 tam
1188 434 1386 471 diuturnum
1411 456 1425 474 ‚

494 505 603 542 quam
641 491 673 527 id
698 488 791 537 quod
828 486 877 523 est
903 485 1144 535 sempiternum
1166 486 1178 520 ἒ
1214 488 1298 521 Non
1324 486 1424 519 times

498 554 542 582 ne
567 538 747 590 aliquando
772 551 789 574 a
815 548 850 573 te
875 546 990 586 pereat
1011 561 1022 578 ‚
1048 539 1107 582 qui
1134 535 1213 571 facit
1239 547 1280 571 ne
1305 544 1341 570 tu
1366 545 1424 582 pe-

499 605 571 628 reas
595 618 604 626 .
640 594 673 627 Si
708 601 791 637 ergo
825 598 864 624 tu
899 590 1035 623 invocas
1071 588 1186 622 Deum
1206 610 1218 627 ‚
1250 595 1424 632 tamquam

495 645 615 678 -Deum
635 665 647 683 ,
683 638 813 676 securus
846 634 921 673 esto
954 635 1122 673 exaudiris
1157 649 1166 669 ι
1203 638 1350 683 pertines
1382 633 1424 669 ad

495 691 600 728 istum
635 689 768 726 versum
798 712 810 731 ‚
843 693 888 725 Et
917 687 1055 725 multum
1081 684 1251 730 misericors
1286 682 1423 720 omnibus

500 738 721 778 invocantibus
739 748 789 776 te.

546 789 634 827 Noli
669 801 752 836 ergo
777 789 889 825 dicere
909 813 922 831 ‚
957 786 1049 823 Illud
1075 785 1162 823 mihi
1198 797 1268 821 non
1295 784 1388 820 dedit
1413 807 1422 817 ·

495 839 589 878 Redi
614 838 656 876 a‘d
681 838 918 876 conscientiam
944 848 1060 879 tuam,
1079 836 1195 878 libra,
1220 838 1422 882 interroga,

493 902 612 938 pacere
638 889 690 925 illi
715 888 816 925 noli.-
833 893 865 925 Si
891 900 971 924 vere
998 890 1113 924 Deum
1140 883 1327 928 invocasti,
1352 897 1422 921 cer—

492 951 546 976 tus
573 938 669 982 esto,
693 943 774 987 quia
799 939 834 975 id
859 939 948 975 forte
966 937 1060 986 quod
1086 935 1224 973 volebas
1248 946 1420 984 tempora-

486 990 592 1033 liter,
617 988 696 1026 ideo
719 1002 790 1026 non
816 988 932 1031 dedit,
957 993 1034 1036 quia
1061 1000 1129 1023 non
1156 986 1219 1023 tibi
1239 985 1418 1035 proderat.

487 1040 690 1083 AEdificetur
715 1043 752 1078 in
775 1037 846 1076 hoc
871 1052 934 1075 cor
959 1037 1108 1075 vestrum
1131 1062 1143 1080 ‚
1170 1039 1300 1073 Fratres
1317 1060 1329 1078 ,
1353 1045 1416 1071 cm·

485 1089 724 1127 Christianum
745 1115 758 1133 ,
782 1103 844 1126 cor
868 1089 968 1126 fidele
990 1103 998 1123 :
1036 1101 1076 1124 ne
1104 1090 1270 1134 incipiatis
1304 1083 1415 1121 tristes

484 1139 564 1178 Ξὲᾶἰ
586 1166 598 1183 ,
615 1140 731 1177 'veluti
757 1139 898 1176 fraudati
926 1138 1093 1174 desideriis
1120 1136 1237 1172 vestris
1257 1161 1283 1179 ,.
1304 1139 1352 1171 ire
1378 1138 1412 1171 in

483 1189 755 1237 indignationem
782 1200 901 1224 contra
928 1191 1042 1224 Deum
1065 1214 1072 1222 .
1098 1189 1235 1223 Etenim
1262 1198 1330 1222 non
1357 1198 1414 1221 ex-

484 1241 578 1288 pedit
604 1237 761 1275 adversus
787 1238 962 1275 stimulum
990 1238 1164 1274 calcitrare
1182 1264 1189 1272 .
1226 1238 1411 1274 Recurrite

482 1290 527 1327 ad
554 1293 758 1338 Scripturas.
786 1288 977 1325 Exauditur
1003 1286 1180 1330 diabolus,
1206 1291 1240 1323 δι
1259 1298 1330 1322 non
1355 1299 1414 1323 ex-

480 1339 615 1378 auditur
626 1337 834 1388 Apostolus.
862 1338 958 1385 Quid
977 1337 1076 1374 vobis
1086 1338 1244 1375 videtur?
1265 1336 1410 1386 quomo-

479 1391 527 1428 do
551 1390 778 1427 exaudiuntur
802 1388 1001 1425 daernones?
1036 1391 1209 1426 Petierunt
1237 1386 1267 1423 se
1299 1390 1348 1423 ire
1375 1390 1410 1423 in

482 1453 631 1490 porcos,
658 1445 692 1476 δε
717 1437 908 1476 concessum
933 1437 981 1475 est
999 1442 1064 1475 eis.
1092 1437 1286 1483 Quomodo
1311 1450 1410 1473 exau—

477 1492 567 1529 ditus
592 1490 640 1527 est
650 1489 829 1527 diabolus?
854 1491 954 1527 Periit
977 1487 1043 1531 Iob
1066 1487 1289 1529 tentandum,
1314 1492 1410 1524 &ac-

476 1567 503 1587 „
528 1544 638 1589 cepit.
665 1539 858 1586 Quomodo
885 1553 954 1576 non
981 1538 1157 1576 exauditus
1182 1538 1230 1574 est
1259 1537 1409 1586 Aposto-

475 1616 504 1638 „
527 1590 656 1628 stolus?
675 1594 714 1626 In
726 1589 978 1638 magnitudine,
997 1593 1132 1638 inquit,
1159 1588 1405 1624 revelationum

474 1667 503 1687 ‚‚
528 1655 569 1678 ne
595 1641 743 1677 extollar
761 1666 773 1684 ,
807 1640 902 1677 datus
927 1639 976 1676 est
1003 1638 1089 1676 mihi
1116 1638 1271 1676 stimulus
1298 1642 1406 1675 carnis

474 1718 503 1736 „
529 1691 755 1739 meaeangelus
782 1690 897 1728 satan-'e
922 1694 981 1738 qui
1008 1703 1061 1726 me
1081 1689 1299 1737 colaphizet:
1328 1702 1405 1736 pro-

474 1768 502 1786 „
529 1754 602 1790 pter
628 1740 724 1789 quod
749 1752 802 1777 ter
829 1743 1022 1777 Dominum
1051 1744 1168 1786 rogavi
1196 1750 1233 1775 ut
1260 1740 1406 1775 auferret

473 1817 502 1836 ,‚
527 1805 603 1828 eum
630 1805 647 1827 a
674 1803 752 1833 me,
778 1795 811 1827 Sc
832 1791 922 1826 dixit
949 1789 1062 1832 mihi,
1087 1788 1219 1826 Sufficit
1244 1788 1307 1825 tibi
1333 1802 1408 1836 gra·

473 1867 502 1885 ‚,
527 1845 572 1877 tia
600 1854 695 1878 meas
721 1853 798 1877 nam
811 1844 917 1876 virtus
946 1843 980 1876 in
994 1840 1191 1876 infirmitate
1210 1839 1404 1887 perficitur:

474 1891 663 1929 Exaudivit
688 1903 766 1927 eum
792 1903 894 1938 quem
920 1889 1119 1939 disponebat
1146 1890 1304 1926 damnare
1323 1915 1336 1933 ‚
1371 1895 1404 1926 δέ

472 1954 543 1977 non
554 1940 730 1977 exaudivit
754 1953 856 1982 eum,
885 1952 987 1988 quem
1000 1939 1138 1977 volebat
1151 1939 1281 1976 sanare.
1309 1943 1401 1976 Nam

472 1995 507 2028 δι
533 2003 618 2038 aeger
644 1993 730 2038 petit
756 1989 862 2025 multa
888 2002 906 2025 a
932 1989 1092 2032 medico,
1117 2003 1186 2026 non
1213 1989 1270 2026 dat
1296 1989 1402 2026 rnedi-

472 2054 531 2078 cus
552 2055 560 2075 :
587 2053 656 2076 non
682 2039 819 2076 exaudit
845 2037 886 2075 ad
913 2039 1151 2083 voluntatem,
1177 2051 1216 2077 ut
1241 2040 1399 2077 exaudiat

472 2090 516 2127 ad
526 2089 716 2127 sanitatem.
745 2093 839 2138 Ergo
849 2088 1020 2127 medicum
1043 2101 1139 2127 tuum
1158 2103 1247 2139 pone
1259 2093 1399 2134 Deum,

473 2152 552 2189 pete
584 2140 627 2177 ab
653 2141 716 2178 illo
742 2140 878 2177 salutem
897 2164 910 2182 ,
943 2145 978 2177 &
1003 2140 1086 2177 salus
1120 2152 1177 2177 tua
1203 2140 1271 2190 ipse
1298 2145 1362 2177 erit
1389 2155 1399 2177 ε

473 2204 546 2228 non
563 2190 653 2240 quasi
672 2190 810 2228 salutem
837 2190 1066 2233 extrinsecus,
1091 2190 1145 2225 sed
1166 2202 1203 2227 ut
1230 2189 1312 2226 salus
1331 2190 1398 2237 ipse

474 2241 538 2279 sits
561 2254 602 2277 ne
613 2239 722 2276 rursus
746 2252 836 2275 ames
846 2239 946 2274 aliam
973 2238 1112 2273 salutem
1138 2236 1405 2284 praeter-ipsum?

475 2290 530 2327 sed
566 2288 752 2337 quomodo:
782 2285 885 2323 habes
921 2289 957 2321 in
990 2285 1124 2322 Psalmo
1144 2310 1155 2327 ,
1190 2288 1261 2321 Dic
1286 2288 1404 2321 animae

475 2353 562 2377 tneae
578 2365 590 2382 ‚
613 2339 705 2375 Salus
730 2349 785 2373 tna
812 2349 878 2383 ego
903 2334 975 2371 sum
996 2363 1004 2371 .
1031 2334 1130 2380 Quid
1154 2334 1196 2371 ad
1211 2345 1253 2370 -te
1274 2360 1286 2376 ,
1321 2333 1404 2381 quid

476 2389 540 2427 tibi
568 2389 678 2429 dicat,
703 2397 742 2422 ut
765 2386 798 2421 se
823 2384 885 2420 tibi
911 2383 998 2419 det?
1026 2387 1087 2421 Vis
1114 2393 1152 2419 ut
1177 2384 1234 2419 det
1261 2384 1292 2419 se
1317 2383 1405 2419 tibi?

479 2438 589 2486 Quid*
604 2437 628 2474 fi
646 2435 741 2484 quod
767 2437 818 2471 vis
838 2432 986 2475 habere,
1010 2445 1080 2468 non
1107 2432 1182 2468 vult
1207 2432 1275 2481 ipse
1300 2443 1337 2468 ut
1348 2432 1406 2468 ha-

476 2489 554 2527 beas
573 2513 585 2531 ,
609 2497 648 2524 ut
673 2485 703 2523 se
729 2484 793 2521 tibi
819 2483 907 2519 det?
940 2482 1188 2530 Impedimenta
1212 2493 1369 2518 removet
1394 2507 1406 2525 ‚

478 2550 518 2577 ut
543 2541 646 2575 intret
671 2535 715 2573 ad
738 2546 790 2571 te.
817 2537 911 2571 Bona
937 2536 1083 2580 cogitate
1110 2538 1144 2570 δε
1170 2532 1375 2569 considerate
1391 2557 1404 2574 ,

481 2591 612 2626 fratres
631 2613 642 2630 ‚
668 2600 740 2635 quae
766 2584 823 2621 dat
848 2586 942 2620 Deus
963 2581 1204 2631 *peccatoribus
1225 2596 1235 2621 3
1262 2587 1294 2619 &
1323 2582 1405 2618 hinc

479 2638 659 2686 intelligite
685 2635 767 2684 quid
793 2634 901 2670 servet
925 2632 1027 2669 servis
1051 2632 1114 2669 suis
1134 2660 1141 2668 .
1168 2631 1405 2671 peccatoribus

482 2684 790 2737 blasphemantibus
824 2695 903 2720 eum
938 2682 1092 2731 quotidie
1129 2682 1186 2719 dat
1220 2683 1339 2719 caelum
1374 2688 1407 2718 ἅτ

482 2749 631 2780 terram,
654 2736 711 2772 dat
736 2735 847 2771 fontes
865 2760 877 2777 ,
900 2733 1028 2770 fruetus
1048 2758 1059 2775 ‚
1084 2732 1222 2769 salutem
1243 2758 1255 2775 ‚
1282 2732 1372 2769 filios
1397 2758 1409 2775 ,

483 2791 599 2834 copias
618 2812 630 2828 ,
655 2784 873 2822 ubertatem=
906 2782 978 2820 haec
1004 2786 1117 2819 omnia
1143 2782 1232 2819 bona
1258 2795 1326 2818 non
1353 2782 1411 2818 dat

484 2837 544 2875 nifi
570 2840 664 2873 Deus
683 2863 690 2870 .
725 2838 798 2880 Qui
824 2833 904 2870 talia
940 2832 1172 2880 peccatoribus
1206 2832 1262 2869 dat
1280 2858 1292 2874 ‚
1325 2831 1409 2880 quid

485 2899 564 2923 eum
592 2896 686 2934 putas
721 2884 850 2920 servare
878 2881 1034 2920 fidelibus
1059 2882 1154 2920 suis?
1187 2886 1342 2919 Hoccine
1366 2882 1408 2918 d'e

484 2937 550 2974 illo
574 2933 783 2972 sentiendum
809 2933 861 2970 est
879 2958 891 2976 ,
916 2936 994 2980 quia
1019 2936 1078 2982 qui
1104 2933 1183 2969 talia
1209 2933 1305 2969 maiis
1329 2932 1408 2975 dat,

485 2985 574 3022 nihil
610 2986 717 3022 fervat
741 2983 840 3021 bonis
858 2985 875 3018 ἓ
906 2987 1021 3020 Immo
1047 2995 1132 3019 vero
1165 2982 1274 3019 servat
1292 3008 1304 3026 ‚
1338 2995 1407 3018 non

486 3047 634 3078 terram,
660 3034 715 3071 sed
732 3035 871 3071 caelum.
897 3034 1012 3070 Vilius
1037 3033 1128 3069 forte
1153 3032 1280 3080 aliquid
1306 3032 1408 3075 dico,

484 3099 564 3122 cum
599 3086 678 3121 dico
702 3084 820 3122 caelum
843 3098 854 3120 τ
887 3083 942 3120 sed
975 3082 1117 3131 seipsum
1153 3086 1212 3130 qui
1247 3082 1326 3118 fecit
1352 3095 1411 3118 car·

486 3135 576 3172 lum.
604 3135 767 3171 Pulcrum
792 3133 841 3170 est
866 3134 984 3169 caelum
1006 3158 1019 3176 ‚
1052 3132 1107 3168 sed
1133 3132 1268 3180 pulcior
1293 3131 1341 3167 est
1367 3132 1413 3169 fa-

485 3184 637 3222 bricator
671 3184 742 3220 caeli
771 3210 780 3219 .
815 3183 878 3219 Sed
912 3181 1015 3218 video
1048 3181 1167 3218 caelum
1196 3207 1209 3224 ,
1243 3185 1278 3217 δι
1313 3182 1411 3218 illum

486 3247 557 3272 non
585 3233 686 3270 video
704 3260 713 3269 .
747 3232 880 3269 Oculos
904 3235 995 3268 enim
1030 3230 1132 3268 habes
1156 3231 1199 3267 ad
1226 3231 1410 3268 videndum

487 3285 607 3321 caelum
628 3309 640 3327 ‚
673 3296 734 3319 cor
760 3282 912 3319 nondum
947 3279 1050 3318 habes
1081 3280 1125 3317 ad
1156 3280 1342 3318 videndum
1369 3282 1413 3318 ffi-

487 3333 696 3371 bricatorem
723 3333 793 3369 caeli
811 3360 820 3369 .
855 3332 940 3369 Ideo
973 3334 1067 3366 venit
1091 3330 1133 3366 de
1167 3331 1253 3367 caelo
1286 3335 1320 3367 in
1347 3343 1412 3368 ter-

489 3396 562 3421 ram
582 3410 594 3426 ‚
627 3395 665 3420 ut
692 3382 831 3420 mundet
858 3396 920 3418 cor
938 3407 950 3424 ‚
974 3394 1045 3428 quo
1069 3380 1223 3417 videatur
1247 3384 1306 3429 qui
1334 3381 1413 3418 fecit

488 3433 609 3471 caelum
638 3438 673 3471 δε
700 3444 844 3469 terram.
871 3431 933 3469 Sed
959 3431 1058 3480 plane
1083 3443 1160 3467 cum
1187 3433 1346 3478 patientia
1370 3431 1413 3468 sa·

486 3482 599 3521 -lutem
625 3484 765 3531 expecta
792 3510 799 3517 .
833 3480 970 3530 Quibus
1004 3491 1037 3517 te
1077 3480 1329 3517 medicamentis
1355 3484 1413 3517 cu'-

490 3545 543 3570 ret
573 3558 584 3574 ‚
617 3532 675 3568 ille
701 3535 799 3568 novit
819 3544 834 3572 ,⁴
865 3531 988 3580 quibus
1026 3529 1226 3567 sefflonibus
1244 3555 1257 3573 ‚
1292 3530 1413 3578 quibus

490 3581 712 3625 ustionibus,
746 3582 804 3618 ille
829 3586 955 3618 novit.
991 3582 1049 3617 Tu
1083 3579 1146 3617 tibi
1181 3580 1412 3628 aegritudinem

485 3631 698 3679 ‚comparasti
717 3632 887 3680 peccando
906 3646 914 3666 ε
941 3629 997 3666 ille
1015 3633 1110 3666 venit
1136 3643 1204 3666 non
1230 3629 1338 3667 solum
1361 3629 1410 3666 fo-

496 3691 597 3722 vere,
620 3680 674 3717 sed
699 3686 734 3719 &
758 3681 864 3717 secare
891 3686 925 3717 &
950 3693 1066 3717 urere.
1093 3682 1175 3716 Non
1193 3679 1286 3716 vides
1310 3692 1412 3727 quan»

495 3739 530 3764 ta
554 3727 710 3766 homines
730 3736 898 3778 patiantur
923 3729 982 3766 sub
1007 3729 1221 3766 medicorum
1240 3728 1415 3772 manibus,

497 3778 588 3825 spem
623 3781 782 3814 incertam
817 3779 960 3815 homine
994 3783 1215 3826 promittente
1235 3782 1253 3810 ?
1278 3777 1416 3815 Sanabe-

500 3834 568 3872 tis,
592 3826 676 3864 dicit
701 3827 849 3864 medicus
870 3851 881 3870 ,
905 3826 1066 3865 sanaberis
1085 3852 1097 3871 ,
1124 3828 1146 3864 fi
1173 3828 1310 3865 secuero
1326 3854 1335 3864 .
1370 3830 1417 3866 'Et

1476 433 1596 472 mini,
1621 433 1679 478 qui
1705 443 1774 466 non
1801 430 1880 467 fecit
1907 430 2083 468 hminem
2102 457 2114 475 ,
2147 437 2181 468 δε
2206 444 2274 469 non
2301 434 2407 482 perse*-

1484 482 1537 517 ete
1563 478 1622 516 scit
1647 480 1731 528 quid
1755 491 1873 528 agatur
1899 485 1932 517 in
1959 480 2128 519 homine:
2163 486 2198 519 δι
2225 490 2337 520 tamen
2363 484 2406 520 ad

1483 529 1586 566 verba
1621 527 1774 566 hominis
1801 529 2077 578 plus‘nestientis
2110 531 2192 581 quid
2227 544 2343 582 agatur
2371 534 2405 572 in

1479 578 1627 616 ‘homine
1652 579 1760 615 credit
1787 579 1898 617 homo
1918 581 2070 624 {subdit
2091 580 2241 619 membra
2260 589 2272 625 ',
2307 578 2404 632 ligari

1482 628 1514 665 se
1540 632 1687 677 patitur,
1711 641 1768 666 aut
1787 630 1987 679 plerumque
2012 636 2111 668 etiam
2133 628 2404 678 non'ligatus'ffi'-

1483 690 1578 716 catur
1603 689 1660 715 aut
1685 683 1815 718 uriturs
1843 685 1875 716 δι
1901 686 2023 730 accipit
2047 683 2136 718 forte
2162 682 2298 718 salutem
2326 697 2403 732 pau-

1483 741 1605 765 corum
1631 728 1762 765 dierum
1785 755 1797 772 ,
1831 731 1894 776 jam
1922 732 2046 767 sanatus
2066 731 2209 780 quando
2235 738 2402 772 moriatur

1482 782 1664 827 ignorans‚·
1689 783 1723 815 δε
1743 778 1875 816 fortasse
1902 781 1982 826 dum
2010 792 2147 818 curatur
2170 786 2339 835 τιιοτὶῑιιι·ἒ
2364 790 2398 823 &

1480 826 1748 865 sortass'e'curari
1774 842 1843 866 non
1871 834 2014 879 poterit.
2040 833 2108 870 Cui
2128 840 2244 869 'autem
2268 837 2399 883 promi-

1479 879 1519 916 sit
1543 881 1638 916 Deus
1662 878 1815 927 aliquid,
1839 884 1873 917 δε
1899 879 2041 920 fefellit?

1555 1088 1609 1122 Ex
1633 1084 1710 1123 libro
1743 1084 1878 1133 ejusdem
1902 1088 1940 1123 de
1968 1086 2085 1134 spiritu
2110 1089 2154 1126 θ’
2178 1087 2286 1125 littera
2304 1113 2317 1135 ‚

1671 1142 1675 1146 ’
1864 1147 1931 1184 cap.
1961 1148 2018 1182 27.

1569 1238 1622 1273 Ec
1646 1250 1764 1276 movet
1783 1261 1796 1279 ‚
1831 1236 1925 1284 quod
1951 1237 2140 1274 naturaliter
2169 1250 2226 1273 eos
2252 1242 2268 1282 (
2289 1240 2398 1286 genti·¹
2434 1238 2488 1270 CA
2503 1249 2578 1271 rur

1595 1286 1643 1323 les
1668 1288 1793 1325 scilicet
1816 1288 1831 1326 )
1856 1287 1943 1324 dixit
1969 1292 1984 1331 (
2010 1286 2199 1336 Apostolus
2223 1287 2238 1327 )
2263 1296 2329 1333 quae
2356 1288 2398 1326 le-
2442 1279 2598 1326 xxva.

1465 1339 1517 1380 gis
1538 1335 1616 1380 sunt
1638 1336 1745 1382 facere
1766 1364 1778 1382 ,
1813 1349 1881 1373 non
1909 1336 2034 1386 spiritu
2052 1338 2154 1381 Dei,
2187 1350 2257 1375 non
2291 1335 2356 1380 fide
2384 1318 2598 1390 ‚ss‘aeffiffigff

1470 1398 1540 1422 non
1568 1390 1694 1434 gratia.
1720 1389 1804 1425 Hoc
1828 1391 1918 1424 enim
1943 1392 2013 1436 agit
2037 1387 2172 1438 spiritus
2198 1386 2398 1438 gratiae'sut
2417 1399 2491 1429 idem
2514 1380 2595 1437 quod

1468 1439 1651 1483 imaginem
1688 1440 1755 1487 Dei
1784 1462 1797 1480 ,
1829 1440 1863 1473 in
1897 1450 1962 1486 qua
2001 1437 2208 1475 naturaliter*
2236 1433 2314 1474 faffi
2349 1437 2397 1474 su·
2417 1439 2570 1470 secundnm

1469 1499 1543 1522 mus
1564 1512 1577 1528 ,
1604 1486 1761 1524 instauret
1789 1491 1822 1523 in
1849 1487 1946 1524 nobis
1965 1515 1974 1523 .
2001 1488 2135 1525 Vitium
2164 1490 2292 1537 quippe
2315 1488 2398 1524 con*
2415 1489 2546 1525 naturam

1467 1546 1518 1571 tra
1546 1544 1713 1573 naturam'
1733 1537 1782 1574 est
1801 1563 1812 1579 ,
1847 1538 1941 1586 quod
1976 1541 2094 1587 utique
2132 1538 2221 1574 sanat
2255 1541 2360 1587 gratia
2386 1527 2596 1590 effgssgss‘epa‘

1466 1597 1612 1635 propter
1637 1599 1738 1635 quam
1764 1590 1845 1624 Deo
1870 1587 1995 1624 dicitur
2015 1615 2027 1632 ,
2053 1588 2198 1631 Miserere
2226 1591 2318 1630 mei,
2345 1587 2399 1631 121⁴
2418 1601 2494 1631 Rom.
2512 1580 2596 1631 Lu.

1465 1649 1507 1672 na
1535 1640 1672 1673 animm
1702 1649 1806 1674 meam
1827 1662 1839 1678 ‚
1873 1640 2019 1683 quoniam
2034 1642 2184 1684 ‘peccavi
2211 1636 2289 1674 tibi.
2315 1634 2398 1675 Pross
2416 1641 2492 1680 Psal.
2507 1649 2594 1678 eto-5·
2650 1639 2652 1641 ’

1465 1686 1543 1722 inde
1579 1687 1778 1724 naturaliter
1812 1686 1973 1724 homines*
2018 1690 2094 1737 quae
2129 1688 2210 1736 legis
2244 1685 2327 1723 sunt‘
2353 1685 2399 1724 fa-

1465 1740 1559 1773 ciunt
1590 1751 1599 1772 ε
1636 1739 1692 1785 qui
1720 1741 1812 1773 enim
1838 1736 2003 1774 hocssnon
2031 1738 2157 1774 faciunt
2178 1763 2189 1778 ‚
2225 1740 2312 1778 vitio
2338 1736 2398 1774 sud

1466 1800 1535 1822 non
1562 1786 1825 1834 faciunt.‘Quo
1853 1790 1947 1824 vitio*
1963 1787 2023 1830 le&
2051 1789 2118 1834 Dei
2144 1787 2193 1824 est
2220 1787 2327 1824 delata
2354 1785 2397 1824 de

1465 1835 1626 1873 cordibus
1653 1852 1662 1872 :
1687 1847 1725 1874 ac
1747 1846 1813 1886 -p'er
1838 1836 1909 1874 hoc
1930 1864 1941 1881 ,
1967 1835 2062 1875 'vitio
2083 1838 2194 1875 sanato
2217 1839 2228 1880 ‚'
2254 1835 2399 1875 cum=ilss

1465 1887 1511 1923 lic
1537 1885 1716 1930 scribitur,
1742 1888 1829 1924 flunt
1855 1901 1930 1936 quae
1946 1888 2037 1936 'legis
2064 1888 2138 1925 {unt
2164 1886 2361 1935 naturaliter
2385 1901 2399 1923 s

1464 1950 1539 1973 non
1566 1938 1661 1990 quod
1689 1951 1749 1986 per
1786 1942 1939 1976 naturam
1966 1939 2082 1986 negata
2105 1937 2277 1988 'fit-gratia
2296 1950 2308 1981 ,·
2330 1935 2399 1987 *sed

1460 1991 1577 2037 potius
1603 2001 1663 2036 per
1689 1991 1832 2036 gratiam
1861 1988 2156 2037 reparata-natu&
2174 1986 2496 2035 :versibium'xm
2512 2002 2595 2030 5.12.

1459 2041 1516 2086 qui
1521 2051 1543 2086 p
1546 2050 1587 2086 pe
1612 2039 1764 2074 hominem
1791 2041 1958 2085 peccatum
1968 2052 1969 2055 ¹
1978 2038 2135 2077 ’ῖπιῐῆὶζ-υῗέ
2144 2043 2145 2046 ’
2155 2039 2192 2075 'in
2201 2045 2205 2050 ¹
2215 2027 2366 2087 'indnd‘dv‘d
2374 2036 2403 2082 ’ζ’

1460 2092 1504 2126 &¹
1537 2099 1594 2134 per
1610 2092 1787 2134 ‘peccatum
1814 2092 1897 2125 mers
1929 2114 1942 2132 ‚
1964 2089 2096 2130 &zita
2125 2091 2237 2126 'omnes
2262 2084 2402 2136 hm

1456 2137 1670 2184 pertransiit,
1704 2142 1736 2174 in
1759 2151 1819 2183 quo
1844 2143 1948 2173 o‘mnes
1971 2133 2189 2185 pedatim
2218 2136 2233 2171 'z'
2247 2133 2401 2186 *ei‘iffio‘

1464 2191 1543 2233 quia
1569 2196 1636 2221 non'
1652 2186 1697 2226 est*
1719 2185 1869 2226 dminaio
1887 2188 1913 2225 3¹
1933 2185 2153 2227 egrnf‘ssfeom
2171 2183 2273 2226 D'eRf
2283 2181 2398 2231 ‚im-¹
2415 2197 2493 2230 Ram,
2501 2205 2592 2236 3³3„

1464 2236 1531 2268 can·
1553 2235 1660 2274 gratis
1685 2241 1743 2276 per
1761 2234 1903 2276 gratiam
1933 2232 2027 2277 ipfius
2051 2239 2067 2266 .'
2105 2237 2183 2283 Qu'a
2211 2226 2397 2278 [eralidfliii

1465 2284 1628 2317 interiore
1663 2279 1805 2316 homine
1841 2287 2022 2329 renovato⁸
2040 2280 2166 2329 justitia
2201 2280 2400 2328 sci-'ibiniig

1464 2343 1565 2378 quam
1600 2331 1700 2377 culpa
1733 2330 1905 2366 deleverat
1941 2345 1949 2365 :
1984 2329 2127 2367 &*haec
2163 2326 2401 2375 misericdfflia‘

1463 2381 1563 2427 super
1596 2388 1700 2427 genus
1730 2378 1922 2416 'humanum
1962 2391 2021 2428 per
2065 2378 2248 2422 christum
2283 2380 2397 2423 Jeffim'

1464 2432 1659 2465 Dominum
1693 2429 1848 2466 nostrum
1879 2457 1886 2465 .
1922 2435 2015 2466 vnus
2049 2433 2140 2467 enim·
2158 2437 2244 2468 Deus
2262 2440 2284 2473 ·,'
2302 2430 2399 2469 iana?

1460 2481 1508 2572 ἓν·
1533 2480 1687 2526 mediator
1712 2482 1775 2515 Dei
1799 2480 1844 2516 &⁴
1868 2479 2026 2520 hominum
2048 2480 2155 2518 'homo
2174 2480 2320 2526 ‘christus‘
2340 2483 2399 2530 'Ie-J
2416 2469 2523 2503 ¹5¹⁸*
2532 2477 2590 2505 Μ·

1480 2540 1516 2564 us
1534 2555 1542 2563 .
1586 2547 1587 2550 ¹
2193 2536 2195 2545 ³
2298 2544 2306 2550 ’
2333 2536 2349 2551 ,-
2382 2530 2399 2551 ⁷²

2282 2570 2298 2592 .’
2319 2580 2398 2599 nrm,

1568 2739 1622 2771 Ex
1645 2738 1838 2773 enarratione
1862 2742 1885 2772 Ῑ.
1912 2737 1944 2772 in
1961 2734 2128 2820 {salmam
2153 2720 2358 2792 ἕλ’]ι’Χ’ῙΙΤ. ᾗῗ’Φ
2392 2731 2395 2734 ’
2575 2728 2585 2754 ³

1858 2797 1942 2822 num.
1995 2812 2003 2821 .

1531 2882 1698 2922 Ublatum
1731 2883 1780 2920 est
1806 2883 2003 2922 sacrificium
2039 2889 2159 2926 Aaron
2179 2912 2192 2930 ‚
2226 2892 2260 2925 Sc
2287 2884 2393 2935 cripit
2409 2890 2590 2922 Sacrificium

1555 2931 1617 2971 effe
1636 2934 1839 2971 'sacrificium
1861 2935 2040 2973 secundum
2067 2937 2222 2975 ordinem
2243 2935 2378 2974 Melchi
2409 2931 2534 2962 Christi.

1467 2982 1584 3019 sedech
1604 3011 1611 3019 .
1631 3010 1641 3020 .
1659 3011 1668 3020 .
1688 3012 1697 3020 .
1724 2986 1898 3021 Dominus
1924 2986 2039 3022 noster
2064 2987 2152 3029 Jesus
2179 2986 2339 3024 Christus
2356 2990 2390 3023 in
2414 2971 2521 3040 'lganh'
2536 2973 2586 3002 ²⁶·

1467 3045 1614 3081 corpore
1635 3038 1669 3069 «Sc
1689 3032 1844 3080 sanguine
1871 3035 1932 3071 suo
1957 3036 2069 3072 voluit
2093 3034 2155 3072 effe
2175 3035 2311 3073 salutem
2332 3050 2392 3074 no—
2411 3022 2426 3040 ι
2447 3031 2456 3041 ⁸

1469 3082 1598 3119 stram.
1633 3083 1734 3120 Unde
1770 3095 1880 3121 autem
1916 3085 2170 3122 commendavit
2205 3099 2330 3135 corpus
2357 3093 2391 3124 δε

1468 3132 1660 3180 sanguinem
1696 3132 1789 3169 suum
1818 3137 1831 3170 ‚²
1874 3136 1929 3170 De
1964 3133 2159 3171 humilitate
2193 3135 2247 3173 ἤια
2275 3164 2284 3173 .
2318 3128 2392 3173 'Nifi

1469 3186 1561 3218 enim
1580 3181 1658 3218 esset
1684 3181 1848 3227 humilis„
1874 3184 2234 3229 nec‘manducaretur,
2259 3199 2321 3223 nec
2346 3186 2394 3222 bi-

1469 3232 1607 3269 beretur
1623 3259 1632 3268 .
1669 3232 1815 3280 Respice
1838 3233 2046 3270 altitudinem
2074 3238 2082 3270 i
2113 3235 2172 3272 {ius
2191 3261 2214 3278 ‚v
2236 3240 2277 3273 In
2303 3239 2428 3298 prin-J
2443 3267 2482 3287 a„
2501 3267 2512 3286 Χ
2537 3267 2548 3287 3

1470 3286 1562 3330 cipio
1596 3293 1667 3318 erat
1703 3282 1855 3319 Verbum
1882 3307 1894 3324 ‚
1939 3287 1974 3320 &
2009 3248 2164 3322 Vergum
2200 3280 2393 3332 erat‘apud
2429 3270 2443 3288 ⁰

1471 3335 1606 3374 Deum,
1631 3334 1770 3368 &Deus
1796 3342 1865 3367 erat
1883 3332 2057 3371 Verbum.
2085 3338 2174 3372 Ecce
2199 3334 2293 3372 cibus
2312 3332 2394 3372 Επι-

1470 3386 1620 3430 piternus
1648 3395 1657 3417 t
1692 3381 1746 3417 sed
1771 3380 1972 3419 manducant
1998 3385 2122 3433 Angeli
2145 3412 2154 3426 ‚
2191 3382 2393 3426 manducant

1471 3431 1618 3479 supernae
1638 3434 1791 3467 Virtutes
1801 3435 1818 3473 ‚'
1840 3433 2041 3470 manducant
2065 3434 2208 3478 caelestes'
2228 3435 2393 3484 Spiritus,

1471 3485 1506 3518 δι
1542 3480 1776 3516 manducantes
1811 3480 2027 3527 saginantur,
2063 3488 2097 3522 &
2132 3490 2299 3533 integrum
2326 3498 2391 3523 ma«

1472 3540 1530 3567 net
1563 3530 1658 3577 quod'
1680 3543 1738 3565 eos
1772 3529 1864 3567 satiat
1889 3536 1924 3569 &
1948 3533 2122 3572 laetific'at.
2158 3538 2245 3582 Quis
2280 3539 2395 3572 amem

1473 3579 1585 3617 homo
1611 3578 1716 3627 poss'et
1742 3579 1784 3615 ad
1809 3580 1905 3618 illum
1932 3582 2080 3620 cibum?
2111 3585 2212 3625 Unde
2237 3584 2302 3621 cor'
2323 3584 2395 3621 tarn

1470 3630 1631 3666 idoneum
1667 3629 1718 3665 illi
1743 3628 1852 3666 cibo?
1884 3631 2080 3681 Oportebat
2105 3647 2188 3683 ergo
2222 3646 2260 3671 ut
2282 3635 2396 3671 mensa

1472 3679 1530 3716 illa
1562 3677 1754 3715 laffitefceret
1781 3704 1794 3722 ,
1814 3685 1861 3717 ’ἃ
1896 3682 1938 3719 ad
1974 3684 2134 3731 parvulos
2170 3684 2361 3732 perveniret
2386 3711 2395 3720 .

1472 3728 1572 3766 Unde
1615 3738 1726 3764 autem
1763 3730 1803 3766 fic
1839 3729 1931 3768 cibus
1973 3733 2069 3774 lacsp?
2101 3735 2190 3771 unde
2216 3732 2316 3770 ‘cibus
2361 3737 2396 3770 in

1474 3778 1525 3815 lac
1559 3783 1771 3814 convertitur
1791 3790 1805 3815 3-
1837 3781 1894 3816 nifi
1921 3794 1981 3829 per
2014 3795 2148 3819 carnem
2175 3783 2356 3827 traiiciatur
2380 3784 2395 3818 ?

1475 3832 1566 3866 Nam
1601 3827 1805 3867 materhoe
1839 3830 1919 3869 facit
1937 3859 1945 3868 .
1981 3834 2090 3878 Quod
2114 3833 2290 3870 manducat
2325 3846 2396 3869 ma·

2273 3893 2326 3920 tCl'
2336 3907 2350 3925 ³
