2644 4160
651 170 1634 232 ·PRAEFAT1·0.
2141 195 2229 240 νη

121 310 157 343 ,,
196 272 387 327 minus
417 277 672 343 quatuor
694 266 749 325 se
770 268 1040 344 recepisse
1081 268 1213 342 ipsis
1253 268 1325 326 D.
1349 268 1394 326 P
1468 268 1611 344 speri
1655 269 1928 346 Episcopi
1972 273 2228 346 ipsorum

117 394 155 424 ‚,
198 348 606 407 lucubratione
634 355 786 423 typis
806 348 913 407 suis
939 348 1257 409 excudere:
1284 288 1618 412 neeffi'anm
1642 350 1701 409 id
1729 353 1993 426 praestare
2022 355 2229 427 potuis-

107 467 152 505 -‚,
195 427 278 498 se,
321 443 562 505 propter
601 429 957 504 exemplaria
999 444 1131 489 tum
1170 448 1379 504 parum
1422 446 1691 491 accurate
1731 431 2014 508 descripta
2041 475 2055 502 ‚
2096 449 2228 494 tum

116 554 152 585 ‚,
196 508 491 568 nonnullis
519 507 855 568 desideratis·
876 508 1161 587 opusculis
1189 509 1529 584 imperfecta
1556 551 1569 564 .
1616 512 1998 588 Quapropter
2037 518 2062 586 (
2106 513 2229 573 sub-

115 636 150 665 „
193 590 281 648 dit
316 591 352 659 )
375 601 442 647 ut
470 587 635 648 vobis
665 590 1050 666 gratificarer,
1092 603 1271 665 atque
1299 589 1684 650 studiosorum
1712 593 2035 652 commodis
2065 593 2229 652 inscr-

3 678 13 707 '·
113 714 148 746 ‚,
190 677 409 738 vitem,
450 667 774 728 editionem
797 677 1039 731 minime
1060 669 1538 747 praecipitandam
1569 678 1810 745 putavi:
1852 671 1945 729 sed
1972 679 2227 747 primum

17 814 20 819 ,
111 798 147 825 ,,
191 749 575 811 vehementer
599 750 961 822 conandum,
986 765 1054 811 ut
1081 769 1253 827 opuS‚
1287 750 1324 807 sl
1346 770 1465 824 quo
1486 751 1660 824 paeto
1683 752 1806 811 fieri
1841 752 2024 828 posset
2045 794 2059 821 ,
2076 761 2230 827 prius

115 875 167 906 ‚‚.
194 829 439 905 pristino
465 835 675 899 nitori,
716 850 1121 908 germanaeque
1142 836 1472 907 integritati
1502 831 1930 891 restitueretur.
1974 832 2230 894 Proinde

111 958 149 986 „
191 911 307 969 huc
333 908 468 968 illuc
492 909 662 969 miffis
683 909 922 982 litteriS,
965 918 1277 989 negotium
1305 909 1439 968 dedi
1462 916 1659 970 amicis
1687 916 1743 971 &
1771 912 1957 970 Gallis
1988 915 2048 971 &
2088 913 2231 971 Ger-

112 1035 148 1066 „
188 996 401 1060 maniS‚
444 988 759 1065 praesertim
802 987 1221 1051 humaniorum
1254 991 1597 1050 *litterarum
1638 993 2069 1050 studiosioribus
2102 1038 2118 1063 ,
2160 1007 2229 1052 ut

14 1068 26 1096 '³
113 1113 150 1147 -‚,
192 1069 475 1147 quidquid
516 1069 685 1142 hujus
726 1071 978 1131 auCtoris
1000 1072 1158 1148 apud
1186 1078 1371 1131 cosin
1403 1078 1657 1148 antiquis
1692 1071 2231 1132 Bibliothecislate-

111 1179 148 1227 5,
189 1166 309 1222 ret,
352 1165 479 1210 tam
519 1150 778 1211 lacerum
818 1171 999 1227 quam
1040 1159 1342 1230 integrum
1382 1152 1457 1210 ad
1499 1172 1594 1212 me
1614 1153 2120 1212 transmitterent.
2165 1154 2229 1211 A

111 1233 322 1311 quibus
345 1238 499 1291 inter
525 1232 637 1291 alia
666 1233 1043 1296 vetustissima
1063 1232 1422 1308 exemplaria
1443 1232 1625 1293 allata
1647 1232 1779 1293 sunt
1808 1233 1974 1292 simul
1997 1253 2126 1309 quae
2146 1233 2234 1291 de-

116 1357 151 1387 „
193 1312 595 1372 siderabantur
638 1311 913 1387 opuscula
946 1331 958 1364 -·
1002 1334 1216 1392 nempe
1265 1314 1386 1374 duo
1423 1312 1586 1374 versu
1627 1316 1866 1375 heroico
1894 1360 1911 1386 ‚
1957 1316 2037 1371 De
2070 1316 2236 1372 Provi-

114 1429 151 1468 -,‚
192 1391 355 1451 denua
380 1391 480 1449 Dei
507 1412 719 1463 unum,
760 1393 1012 1453 alterurn
1060 1409 1149 1461 nep>
1175 1411 1370 1464 ἀχαριςᾱ,
1409 1417 1427 1446 .·
1478 1409 1756 1470 praeterea
1798 1394 2045 1470 Expofitio'
2066 1404 2116 1451 in
2155 1413 2235 1470 po-

112 1519 149 1548 „
181 1475 391 1549 stremos
411 1493 569 1529 unum
594 1477 663 1545 &J
688 1484 1051 1551 quinquaginta
1080 1472 1330 1548 Psalmos:
1373 1481 1608 1542 omnia,
1653 1490 1721 1533 ut
1763 1482 1977 1549 opinor
2006 1519 2022 1545 ‚
2064 1494 2097 1532 a
2141 1494 2237 1533 no·

119 1600 154 1627 ,‚
196 1554 723 1628 straetempestatis
755 1556 1090 1614 hominibus
1122 1572 1244 1612 non
1283 1551 1424 1607 visa.
1461 1551 1571 1610 His
1613 1554 1794 1629 igitur
1858 1555 2130 1613 omnibus
2183 1556 2239 1613 si-

112 1681 149 1708 „
193 1634 316 1695 mul
342 1642 495 1694 inter
523 1631 578 1692 se
604 1634 1032 1710 diligentissime
1060 1631 1311 1700 collati5‚
1357 1630 1522 1691 effeci
1552 1634 1794 1693 tandem
1818 1650 1884 1694 ut
1916 1637 2012 1694 hic
2051 1635 2237 1694 vester

111 1761 148 1790 ‚,
191 1714 465 1790 Prosper,
510 1720 598 1773 vir
627 1728 751 1772 tam
780 1711 1030 1781 saudim,
1071 1729 1251 1786 quam
1278 1712 1575 1782 eruditus,
1619 1728 1720 1773 tot
1745 1731 1906 1774 retro
1933 1715 2139 1774 saeculis
2177 1722 2238 1773 in

110 1836 146 1870 ‚‚
188 1795 451 1856 tenebris
470 1791 837 1862 delitescenS,
882 1792 1054 1852 situm
1100 1798 1434 1866 cariemque
1481 1793 1665 1867 paffus
1695 1838 1711 1864 ‚
1755 1810 1918 1853 totus
1961 1795 2182 1852 nitidus
2223 1839 2240 1865 ‚

110 1914 145 1948 5,
188 1895 392 1951 puruS‚
435 1883 780 1949 integerque
808 1879 868 1932 in
891 1873 1081 1933 lucem
1110 1878 1324 1930 exiret.
1372 1870 1678 1933 Hactenus
1716 1874 2049 1952 Stephanus
2090 1874 2240 1949 Gry·

103 1958 275 2033 phius
299 1997 312 2009 .
359 1956 451 2014 Ex
484 1953 649 2024 cujus
690 1953 878 2012 verbis
914 1953 1210 2030 colligitur
1241 1997 1255 2022 ,
1312 1968 1698 2030 quaecumque
1734 1971 1875 2015 ante
1920 1954 1973 2014 se
2008 1955 2242 2015 fuerant

107 2035 436 2096 editatunc
483 2053 516 2092 a
560 2038 691 2091 viris
723 2033 907 2092 doetis
953 2041 1253 2110 recognita
1278 2077 1293 2102 ‚
1336 2035 1550 2093 omiffis
1580 2053 1786 2109 tamen
1819 2052 1945 2096 tam
1978 2037 2244 2113 Epistola

113 2114 412 2178 Caelestini
430 2115 599 2189 Papae
618 2113 692 2172 ad
708 2112 998 2188 Episcopo
1017 2113 1228 2173 Gallia:
1257 2133 1363 2188 pro
1382 2113 1664 2191 Prospero
1687 2120 1749 2189 ’ὃς
1765 2117 2026 2186 Hilario,
2063 2136 2245 2193 quam

110 2195 255 2256 sedis
284 2193 644 2271 Apostolicae
665 2193 965 2255 sententiis
997 2194 1071 2252 de
1099 2193 1312 2255 Gratia
1350 2195 1464 2253 Dei
1495 2197 1763 2255 &libero
1803 2198 2051 2256 arbitrio
2076 2219 2094 2250 .·
2131 2198 2249 2255 alia

113 2296 261 2336 vero
297 2276 395 2335 his·
422 2274 622 2334 addita
645 2319 661 2346 ,
702 2295 829 2351 quae
860 2275 936 2335 ab
973 2294 1047 2334 eo
1082 2273 1496 2334 recensentur:
1535 2277 1746 2351 quibus
1774 2276 2252 2337 'annumerandae

114 2356 225 2434 Res
212 2357 462 2433 pensiones
486 2354 558 2414 ad
589 2355 837 2432 capitula
862 2353 1151 2426 Gallorum,
1196 2358 1255 2416 &
1281 2354 1352 2412 ad
1387 2360 1438 2415 C
1439 2355 1638 2432 opitula
1680 2358 2019 2435 objaHionum.
2035 2362 2249 2415 ⁴Vincen-

115 2447 394 2496 tianarum.
437 2436 660 2512 Hisque
680 2436 951 2496 omnibus
975 2436 1191 2513 praefigi
1220 2442 1450 2499 curavit
1479 2444 1666 2496 vitam
1693 2437 1952 2510 ejusdem
1987 2437 2250 2513 Prosperi

117 2538 152 2577 a
197 2518 421 2592 Joanne
465 2518 744 2578 Antonio
775 2516 1069 2576 Flaminio
1108 2517 1383 2579 Imolensi
1419 2532 1811 2577 contextam:
1852 2517 1925 2574 de
1967 2535 2080 2592 qua
2110 2517 2251 2592 quid

121 2597 494 2659 sentiendum
522 2597 637 2674 legi
666 2597 859 2672 potest
880 2597 1029 2656 infra
1060 2597 1315 2655 articulo
1334 2615 1434 2654 x1.
1481 2596 1635 2654 Vitae
1663 2594 1843 2654 saneti
1880 2596 2169 2673 Prosperi.

201 2675 431 2735 Verum
459 2695 620 2738 anno
646 2677 868 2734 Christi
911 2687 1068 2751 ¹565·
1092 2675 1340 2749 Joannes
1362 2675 1614 2734 Sotellus
1652 2674 2051 2735 Montinensis
2081 2721 2098 2745 ‚
2140 2675 2251 2735 Lo-

124 2761 285 2816 vanii
323 2761 564 2815 minoris
600 2755 848 2831 Collegii
887 2756 1330 2832 Theologorum
1375 2755 1645 2813 alumnus
1685 2800 1703 2825 ‚
1736 2753 2125 2814 ⁴{Reverendo
2183 2763 2245 2816 in

99 2835 372 2897 ⁴(ihristo
397 2834 559 2894 Patri
590 2835 666 2892 D.
688 2834 914 2893 Carolo
942 2834 1185 2896 Vander
1202 2833 1436 2893 Linden
1466 2833 1631 2894 sacrae
1667 2835 2005 2912 Theologiae
2038 2835 2252 2896 Bacca-

125 2916 358 2986 laure0‚
400 2917 457 2975 &
500 2914 852 2974 Monasterii
891 2916 1182 2979 Parcensis
1214 2914 1455 2974 Ordinis
1490 2915 2051 2974 Praemonstratenfis
2094 2916 2252 2991 apud

129 2996 472 3056 Lovanium
511 2995 745 3054 Abbati
794 3002 1163 3069 nuncupavit
1203 3013 1422 3054 novam
1457 3014 1635 3070 quam
1675 2997 1932 3054 instituit
1985 3000 2253 3072 Operum

128 3075 393 3152 Prosperi
440 3075 621 3136 nostri
662 3076 1147 3137 emendationem
1181 3115 1195 3134 2
1261 3075 1331 3134 In
1368 3095 1482 3150 qua
1519 3075 1754 3150 quidem
1792 3075 2056 3135 editione
2106 3075 2255 3136 nihil

132 3167 395 3233 priorum
419 3155 828 3231 repraesentare
855 3157 1077 3226 omisit,
1122 3158 1180 3216 ἅτ
1207 3156 1488 3215 nonnulla
1515 3157 1626 3214 alia
1657 3163 1897 3231 proprio
1918 3157 2120 3215 labore
2160 3156 2255 3221 ad-

135 3237 319 3300 didit:
361 3235 572 3297 scilicet
596 3236 774 3294 Libros
798 3235 920 3292 duos
966 3238 1048 3292 De
1080 3239 1339 3295 Vocatione
1379 3241 1610 3294 Gentium
1645 3281 1662 3306 ,
1702 3244 1804 3311 qui·
1843 3236 1980 3294 alias
2002 3236 2256 3295 Ambro-

136 3318 246 3389 sio,
263 3376 266 3381 ,
286 3320 345 3378 &
366 3317 489 3376 aliis
511 3315 853 3392 quibusdam
875 3316 1053 3375 affiffl
1079 3317 1466 3392 legebantur
1502 3316 1597 3373 ille
1617 3330 1825 3374 autem
1855 3314 1996 3375 falso
2020 3316 2257 3390 quidem

135 3442 175 3470 „
219 3396 732 3464 SffiMediolanensi
755 3397 1034 3457 Antistiti
1065 3398 1244 3457 tribui
1273 3397 1522 3466 fatetur,
1564 3410 1627 3454 at
1655 3396 1882 3454 auetori
1905 3395 2005 3454 suo
2023 3395 2259 3469 Prosper

94 3498 98 3501 ·
141 3523 178 3551 „
218 3491 492 3554 reputat
514 3476 937 3546 restituendos,
982 3497 1105 3537 non
1127 3491 1364 3535 tantum
1386 3477 1471 3537 ob
1490 3476 1625 3549 styli
1656 3479 1712 3536 &
1757 3476 1972 3551 phrasis
2005 3475 2260 3536 fimilitu—

142 3604 179 3632 „
219 3559 450 3629 dinem,
492 3557 588 3618 sed
630 3563 812 3616 etiam
850 3563 987 3630 quia
1022 3564 1083 3615 in
1123 3555 1501 3617 Bibliotheca
1532 3556 1898 3631 regularium
1929 3557 1989 3613 S.
2007 3555 2261 3615 Martini

143 3685 179 3712 „
221 3640 596 3698 Lovanienfis
641 3640 697 3696 &
737 3644 796 3694 in
834 3634 1206 3695 Bibliotheca
1251 3638 1531 3694 Abbatiae
1577 3636 2114 3705 camberonensis,
2154 3654 2265 3694 nec

142 3766 178 3793 ,‚
220 3740 341 3781 non
377 3724 438 3776 in
469 3716 862 3783 Bonneffienfi
887 3717 1152 3779 Abbatia
1185 3716 1343 3791 apud
1372 3714 1743 3776 Namurcum
1768 3723 1832 3774 in
1859 3715 2263 3792 antiquiffimis

146 3846 182 3874 ,‚
223 3798 654 3874 exemplaribus
690 3797 856 3862 MSS.
903 3797 1200 3859 habentur
1238 3802 1489 3860 nomino
1519 3796 1677 3854 beati
1730 3794 1994 3871 Prosperi
2023 3837 2036 3850 .
2081 3795 2265 3853 Certe

2077 3902 2100 3919 ,‚
2128 3878 2208 3911 Am-
