2684 4140
370 240 872 301 CARMEN
940 237 1081 299 'DE
1163 240 1790 301 INGRATrs.

1989 245 2053 313 83

123 350 222 399 275
263 334 528 402 Impertite
563 330 683 388 velit
715 336 750 401 Ρ,
778 328 805 376 θ’
842 331 956 389 Nec
992 338 1130 388 enim
1169 332 1247 387 vel
1284 349 1508 404 ternpore
1542 333 1710 389 nostro

257 403 598 471 Omnibus-in
635 408 771 454 terris
806 409 907 467 jam
944 419 1132 457 certum
1168 404 1239 458 est
1271 404 1571 461 'infinuatum
1629 440 1632 446 ·

257 472 448 529 Christi
493 471 830 540 Evangelium
868 496 878 526 :

916 492 981 526 ne
1016 473 1211 540 dicam,
1247 474 1453 527 exordia
1490 482 1515 519 ff
1553 476 1676 528 doni
1701 477 1725 501 ’-

255 541 382 598 Non
419 541 630 615 potuisse
665 540 806 596 fimul
845 558 953 597 toto
991 543 1243 598 decurrere
1280 544 1503 596 mundo.

258 613 355 667 Illa
392 611 598 683 quidem
635 613 702 680 ad
737 614 945 668 cundikos
982 612 1240 668 ferri'sunt
1277 613 1399 679 iuffa
1437 635 1449 668 t

1488 610 1571 666 sed
1608 633 1708 667 uno

116 683 217 734 280
255 683 512 753 Tempore
547 703 649 738 non
684 704 713 737 a
754 690 876 751 itur,
915 685 1053 754 quod
1090 700 1314 756 tempore
1352 683 1533 737 dicitur
1568 704 1691 737 uno.

254 753 514 824 Dumque
541 751 636 808 suis
671 701 837 807 atf'itus
875 755 1110 823 Domino
1144 754 1396 826 pandente
1434 754 1695 821 ministris,

254 820 501 876 Crescunt
535 829 793 898 primitiae,
830 821 1014 879 fuerint
1049 831 1260 879 omnino
1295 823 1485 879 neceffe
1521 823 1592 878 est

248 891 497 963 Qaedam‘
533 907 769 949 terrarum
805 910 1000 965 parteS,
1037 895 1318 1019 ubib‘gratia
1352 893 1582 948 nondum

1161 985 1193 1019 o

251 962 424 1017 Corda
464 964 730 1019 hominum
768 965 984 1019 tenebris
1017 970 1042 1009 d
1079 985 1106 1019 a

1197 966 1350 1019 lverat
1385 971 1411 1009 ff
1430 968 1747 1034 ·impietatiS,

29 1051 35 1102 *¹
109 1033 212 1102 285
249 1031 325 1086 Et
362 1033 469 1088 dira
491 1029 751 1103 -innumeri
783 1033 996 1091 demerfi
1033 1035 1183 1090 nod'te
1219 1034 1473 1108 peribant,

168 1110 174 1116 ’
246 1103 386 1159 Cum
425 1103 590 1158 multae
625 1120 830 1176 accepto
863 1104 1111 1175 fulgerent
1148 1105 1339 1160 lumine
1375 1118 1590 1158 mentes.

316 1175 425 1229 AN·
450 1174 646 1229 bonitas
681 1175 854 1230 divina
890 1177 1097 1248 quidem
1134 1195 1236 1229 non
1274 1175 1460 1230 destitit
1493 1192 1670 1228 omnes

244 1242 396 1298 Velle
434 1261 607 1298 vocare
645 1245 903 1315 homineS,
940 1253 964 1291 b
1000 1245 1222 1302 sednon
1258 1244 1399 1300 fimul
1435 1260 1554 1315 apta
1589 1241 1785 1298 fuerunt

247 1313 421 1367 Corda
434 1350 451 1380 ,
488 1313 667 1386 quibus

737 1315 897 1370 offent
933 1317 1143 1371 conferri
1182 1316 1314 1370 dona
1345 1314 1544 1378 'salutis3

105 1400 209 1451 290
248 1383 396 1436 Dum
436 1403 634 1439 morum
668 1335 854 1439 ogfistit
889 1383 1056 1441 feritas
1093 1387 1367 1440 truculenta
1404 1393 1429 1428 ff
1467 1382 1737 1451 magistriS,
1807 1456 1810 1457 γ

243 1451 595 1526 Difficilesq‘ue
631 1454 786 1527 aditu
811 1463 837 1501 ff
871 1454 1149 1511 transcurrit
1185 1461 1343 1520 gratia
1379 1470 1575 1521 gentes:

240 1523 350 1593 Ut,
393 1533 595 1579 uoniam
634 1524 794 1580 lucem
833 1525 996 1579 offerri
1034 1521 1292 1589 voluisset,
1330 1528 1381 1579 δε
1420 1529 1435 1574 i
1474 1521 1533 1574 fis

238 1597 265 1635 ff
302 1595 322 1635 ’ἶ
355 1543 714 1650 ὒεωὸηίὶτειτε
754 1597 897 1647 Deus
934 1613 952 1657 3
988 1591 1067 1647 sua
1105 1609 1352 1664 quemque
1388 1609 1417 1642 a
1462 1587 1592 1643 versa
1629 1589 1884 1661 voluntas,

238 1663 472 1732 Arguat,
508 1673 561 1722 &
597 1665 740 1733 culpa
778 1663 1075 1731 obstringat,

1112 1666 1228 1730 quia
1265 1665 1289 1703 ll
1329 1659 1520 1713 lumine
1555 1666 1718 1730 primo

101 1751 204 1803 295
244 1733 341 1788 Per
379 1741 499 1790 vitia
535 1731 791 1804 oppresso,
829 1732 885 1787 fit
922 1731 1055 1785 faCta
1094 1729 1301 1799 indigna
1339 1727 1584 1783 secundo?

309 1803 468 1873 Qod
507 1802 540 1856 fi
581 1801 826 1869 firmatur,
865 1808 1193 1872 nequicquam
1268 1799 1503 1854 ledimus
1539 1800 1683 1866 illos,

234 1870 344 1943 Qui
381 1873 574 1928 nullum
608 1879 636 1917 Ι
671 1878 897 1925 innatum
938 1878 1113 1925 vitium
1149 1890 1214 1924 na
1233 1870 1458 1925 centibus
1492 1877 1662 1938 aiunt,
1702 1871 1724 1910 ἵ

237 1941 592 2014 Incolumique
628 1961 801 1996 ornnes
839 1961 954 1996 cum
990 1940 1214 1995 libertate
1250 1948 1430 1996 creari:

236 2009 420 2063 Gratia
458 2031 584 2079 quos
620 2012 808 2063 Christi
846 2017 1132 2066 meritorum
1167 2018 1398 2066 examine
1432 2011 1557 2077 iusto

100 2097 202 2148 300
240 2078 445 2147 Eligat,
484 2087 535 2135 &
574 2080 753 2146 dignos
792 2087 891 2135 vita
932 2099 1101 2150 vocet,
1136 2089 1472 2154 accipiatque.

235 2149 479 2220 Namque
513 2155 539 2194 Ι
576 2165 841 2227 utrumque

147 2330 190 2368 ἲ.
202 2339 284 2375 275.
295 2327 365 2363 Nec
373 2328 458 2365 enim
467 2333 534 2368 διε.
544 2331 692 2373 >videns
703 2332 791 2370 idem
800 2345 1048 2383 argumentum,

101 2378 247 2428 respons.
268 2380 308 2417 ad
326 2385 427 2430 capit.
449 2382 540 2419 Gall.
561 2398 590 2421 c.
610 2397 645 2432 4.
666 2384 713 2419 D.
731 2383 768 2418 L.

145 2433 188 2469 '7-
213 2442 300 2478 ²77·
329 2432 438 2475 Doni,
464 2435 684 2483 >Evangeliiz
709 2434 882 2474 ficutinfra
900 2442 941 2478 ᾖ.
962 2438 1043 2486 289.

97 2478 200 2514 Dona
221 2479 361 2525 salutis.
387 2482 436 2516 D.
461 2485 499 2518 Ι..

121 2580 127 2588 ·
147 2533 190 2570 *-
207 2532 289 2579 284.
300 2531 530 2578 Absolverat)
554 2537 677 2574 Fateor
687 2563 700 2582 ,
723 2541 758 2574 in
769 2538 866 2575 editis
876 2542 1042 2587 antiquio-

97 2577 192 2616 ribus
210 2580 270 2618 esse
290 2581 525 2627 Absorpserat:
551 2583 607 2622 sed
619 2598 700 2633 repu
764 2598 780 2624 t
797 2588 979 2625 sententias
1002 2593 1040 2624 δι

97 2630 304 2668 credendum
325 2630 373 2668 est
392 2630 448 2668 hic
461 2634 623 2680 scriptum
633 2598 876 2671 ἕὶιίΠῖ-ῗσηεόνίε
891 2637 934 2670 ab
949 2635 1041 2668 olve-

93 2690 150 2714 rat
163 2705 174 2723 ,
201 2681 283 2717 ficut
293 2681 377 2718 infra
389 2685 430 2722 ᾔ.
441 2683 524 2718 881.
541 2682 706 2728 Pomaque
722 2683 913 2730 absolvere.
939 2682 1039 2719 Doti.

92 2729 224 2764 Lovan.
234 2732 328 2767 Idem
338 2734 404 2778 jam
412 2743 488 2768 ante
497 2745 538 2770 ex
547 2733 739 2779 conje&ura
748 2745 839 2772 certa
856 2734 1040 2773 indicatum

91 2793 113 2817 a
130 2780 346 2819 traduetore.
373 2782 556 2830 Utriusque
573 2785 701 2830 judicio
719 2784 817 2828 fulti,
842 2789 878 2822 δε
904 2785 1039 2834 insuper

14 2827 46 2875 ’,ἔ
68 2832 258 2870 >necteris
283 2832 462 2882 exemplo,
486 2831 575 2871 hanc
599 2845 722 2871 vocem
739 2838 851 2872 textui
869 2834 1039 2874 restituere

12 2909 14 2912 -
86 2894 160 2919 uon
185 2881 430 2920 dubitavimus.

139 2931 228 2967 Ibid.
242 2933 441 2979 Impietatis:
467 2935 551 2984 >pro
563 2935 758 2974 infidelitate
767 2962 781 2982 ,
789 2948 829 2975 ut
837 2949 905 2973 non
924 2936 1034 2975 solum

87 2981 189 3022 Libri
198 2983 278 3021 sacri
290 3011 304 3029 ,
329 2983 382 3021 sed
392 2988 491 3022 etiam
503 2985 678 3034 prophana
689 2988 806 3030 iudicia
816 2987 902 3025 olim
918 2986 1034 3036 loque-

88 3031 212 3072 bantur
223 3061 232 3070 .
257 3037 348 3072 Hinc
365 3034 550 3072 Christiani
571 3036 755 3084 Impietatis
773 3038 829 3077 seu
848 3035 1034 3072 Atheotetos

91 3083 234 3123 damnati
245 3090 288 3130 (a
299 3090 428 3134 paganis
437 3085 626 3125 errantibus
636 3115 646 3125 .
670 3089 688 3130 )
707 3087 805 3124 Dua.
824 3089 908 3123 Lov.

140 3138 183 3173 ᾗ.
210 3137 293 3173 738.
317 3136 385 3170 sed
395 3134 588 3181 nonfimul)
613 3141 666 3176 Sic
676 3141 740 3187 Ep.
759 3140 801 3178 ad
819 3140 941 3178 Rufin.
960 3152 1031 3189 cap.

95 3195 112 3219 ι
122 3193 151 3230 5.
162 3185 217 3218 An
230 3185 403 3221 dicendum
412 3185 457 3230 esl
467 3212 480 3230 ,
505 3191 616 3237 inquit
625 3216 638 3233 ‚
666 3189 831 3224 voluntati
843 3189 909 3224 Dei
918 3189 1034 3224 huma·

90 3245 153 3268 nas
161 3230 305 3277 obsistere
313 3236 503 3272 voluntates
512 3263 523 3282 ,
548 3240 593 3273 O·
604 3240 763 3285 tamferos
782 3249 911 3287 tamque
929 3239 1033 3275 intra·

90 3281 230 3318 flabiles
238 3283 349 3322 borum
359 3286 518 3323 bominum
527 3300 648 3333 mores,
673 3299 711 3324 ut
721 3290 943 3338 Evangelium
953 3291 1028 3326 ideo

20 3364 21 3369 ,
92 3346 158 3369 mn
179 3333 338 3382 audiam,
363 3343 380 3383 (
393 3337 463 3376 hoc
482 3338 553 3384 est,
578 3343 588 3376 i
629 3354 654 3377 is
674 3353 742 3378 non
763 3342 986 3390 praedicetur,
1010 3342 1028 3383 )

91 3383 176 3432 quia
190 3384 413 3437 praedicationi
428 3388 531 3436 impia
542 3391 640 3425 corda
648 3403 709 3426 mm
726 3401 864 3438 pateant
874 3397 894 3426 ?
918 3392 1030 3440 Quod,

85 3434 158 3522 gip
183 3435 414 3523 inavihidem
445 3444 577 3489 egregie
609 3455 749 3492 quoque
784 3442 999 3491 praecluditur
1018 3470 1028 3479 .

92 3585 131 3622 D
141 3533 193 3622 iri
223 3549 304 3584 290.
329 3537 526 3586 Mugillris)
557 3541 600 3581 Id
633 3542 703 3587 est,
734 3543 1031 3584 Praedicatoribusz

131 3612 184 3677 ’ὴ
195 3612 205 3622 ·
212 3652 230 3675 2
237 3652 257 3686 9
266 3651 280 3674 1
310 3638 518 3684 Tranfiurrit
526 3643 565 3688 .·)
575 3657 641 3680 non
653 3657 717 3693 pro
722 3645 887 3692 percurrit
898 3671 909 3690 ,
934 3657 972 3683 ut
981 3648 1031 3683 inl

94 3685 161 3725 fra.
190 3692 268 3734 581.
278 3690 341 3727 Sed
353 3703 417 3738 pro
424 3693 644 3736 pretercurrit
654 3720 668 3738 ,
693 3695 746 3731 seu
756 3696 900 3742 praeterit
913 3721 923 3732 .
947 3699 1030 3744 Agi-

95 3746 151 3775 tur
161 3744 251 3779 enim
262 3741 304 3777 de
316 3739 470 3789 gentibus
480 3767 500 3786 ,‚
518 3755 620 3790 quas,
644 3756 684 3782 ut
701 3745 824 3784 dicitur
842 3747 929 3784 insta
948 3749 972 3780 6
976 3758 1029 3792 50.

193 3790 312 3825 Gratia
321 3790 462 3836 neglexit
473 3791 623 3839 degentes
632 3793 739 3829 mortis
749 3796 782 3830 in
793 3796 908 3831 umbra
919 3823 928 3832 .
939 3800 1030 3834 D.L.

141 3841 182 3879 f.
209 3852 291 3889 293.
320 3840 548 3897 Detnwlirare
571 3846 637 3882 διε.
662 3845 816 3890 )Phrafis
839 3846 944 3897 dura,
969 3859 1030 3885 nec

203 3891 396 3939 S.Prospera
406 3917 416 3927 .

876 2149 1018 2209 fimul
1054 2150 1248 2230 sapitis,
1284 2159 1372 2229 qui
1410 2151 1602 2218 dicitis,
1639 2149 1836 2205 Omnes

1107 2336 1230 2386 sspiens
1239 2335 1395 2386 prosperi
1403 2332 1591 2373 sacilimem
1599 2359 1608 2368 .
1634 2335 1755 2370 Putem
1771 2333 1913 2370 omnino
1930 2327 2043 2378 legen·

1106 2389 1210 2432 dum,
1236 2389 1281 2422 Se
1300 2385 1499 2430 monstratu
1524 2396 1562 2422 ut
1573 2384 1704 2434 periodi
1721 2383 1827 2420 sensus
1844 2382 1905 2426 fit,
1929 2383 2045 2419 Deum

1105 2438 1263 2477 omnibus
1271 2438 1381 2475 lucem
1390 2437 1537 2474 oblatam
1547 2432 1685 2472 volume
1693 2458 1706 2478 ,
1716 2436 1718 2438 ’
1730 2447 1769 2471 ac
1778 2447 1814 2471 re
1824 2433 1891 2481 ipsa
1907 2430 2045 2468 obtulis-

1105 2490 1137 2527 se
1145 2516 1159 2534 ,
1183 2503 1250 2539 qua
1257 2502 1366 2527 unum
1376 2487 1488 2526 saltem
1497 2491 1612 2526 Deum
1620 2496 1739 2522 verum
1748 2483 1959 2531 agnoscerent
1969 2493 1980 2519 5
1998 2490 2044 2516 at-

1099 2532 1844 2630 gttxfflffitiztszssspsergffstss‘?
1853 2533 2044 2619 255251122

1733 2607 1746 2626 5

1098 2638 1168 2681 eius
1186 2634 1319 2671 cultum
1335 2636 1533 2683 pertinentia
1549 2631 1744 2676 noscerent,
1768 2632 1828 2670 nifi
1853 2635 1965 2681 prima
1980 2629 2042 2668 ista.

1098 2684 1175 2724 luce
1184 2698 1244 2734 per
1253 2687 1333 2722 vitia
1341 2681 1490 2734 oppressa
1500 2709 1513 2727 ‚
1536 2682 1568 2719 st
1576 2682 1677 2719 altera
1686 2681 1742 2720 illa
1753 2683 1908 2731 indignos
1927 2681 2038 2719 reddi—

1099 2734 1213 2773 diffent
1223 2763 1231 2772 .
1265 2733 1394 2783 Estque
1418 2734 1517 2783 plane
1541 2732 1725 2769 conformis
1755 2733 1850 2771 locus
1875 2733 2039 2770 Δυᾶοι-ἰς

1098 2785 1206 2837 Epist.
1231 2787 1273 2824 ad
1298 2788 1387 2834 Aug.
1408 2784 1496 2834 posts
1520 2783 1672 2828 medium
1690 2812 1699 2821 .
1724 2781 1999 2830 Quandoquidem
2025 2807 2039 2826 ‚

1099 2838 1197 2881 ajunt
1207 2862 1219 2881 ,
1244 2834 1475 2882 inexcusabiles
1475 2833 1550 2876 sint
1560 2860 1572 2878 ‚
1597 2833 1656 2881 qui
1665 2833 1711 2869 θ
1719 2833 1766 2868 ad
1773 2832 1868 2869 unius
1877 2832 1954 2867 veri
1968 2832 2038 2867 Dei

1098 2887 1219 2922 cultum
1233 2886 1401 2934 potuerint
1417 2883 1534 2929 instrui
1556 2883 1772 2932 intelligentia
1798 2883 1965 2927 naturali,
1991 2883 2036 2917 (9¹

1099 2938 1317 2984 Evangelium
1328 2936 1399 2971 ideo
1409 2948 1470 2971 non
1481 2934 1650 2971 audierint
1663 2963 1674 2982 ‚
1700 2934 1779 2982 quia
1790 2934 1980 2982 necfuerint
1989 2946 2037 2969 re-

1094 2988 1245 3036 cepturi.
1270 2988 1374 3027 Do&-
1399 2991 1528 3025 Lovan.

1145 3045 1186 3080 ir.
1215 3052 1300 3088 294·
1323 3037 1459 3074 Lumine
1466 3038 1594 3085 primo)
1619 3051 1741 3087 nempe
1750 3034 1967 3084 intelligentia
1977 3047 2035 3070 na-

1094 3089 1200 3125 turali
1211 3117 1222 3133 ‚
1248 3089 1304 3127 ista
1313 3090 1356 3127 de
1364 3102 1430 3139 qua
1439 3089 1519 3127 loco
1527 3093 1630 3127 citato
1639 3117 1647 3126 .
1660 3094 1708 3130 57.
1719 3087 1809 3136 stqu.
1820 3100 1903 3126 vero
1912 3088 1939 3121 S
1940 3098 2035 3122 ecun-

1093 3141 1136 3175 do
1148 3167 1159 3184 ,
1186 3141 1219 3179 id
1231 3139 1278 3177 est
1287 3166 1301 3186 ‚
1326 3138 1512 3188 Evangelio
1521 3167 1533 3185 ‚
1558 3152 1597 3178 ut
1607 3139 1731 3178 ibidem
1740 3137 1836 3174 Doel.
1846 3138 1932 3173 Lov.

1143 3196 1183 3231 ᾗ.
1212 3204 1295 3238 297.
1320 3192 1497 3235 Innatum)
1532 3194 1645 3240 potius
1678 3203 1779 3240 quam
1803 3188 1937 3224 illatum
1949 3214 1960 3233 ‚
1993 3201 2034 3228 ut

1092 3241 1144 3280 alii
1157 3256 1168 3279 z
1191 3255 1264 3280 tum
1273 3242 1368 3291 quod
1379 3242 1462 3279 infra
1473 3246 1514 3282 ᾗ.
1525 3244 1608 3278 826.
1619 3241 1766 3280 fimiliter
1776 3240 1905 3290 legatur
1915 3266 1930 3285 ,

1190 3292 1289 3327 Nunc
1307 3292 1407 3327 talem
1425 3292 1555 3339 Innasci
1571 3298 1637 3331 &c.

1092 3356 1164 3382 tum
1189 3344 1282 3392 quod
1303 3343 1359 3381 illa
1383 3342 1442 3381 hic
1460 3343 1605 3377 innatum
1624 3339 1847 3390 nascentibus,
1872 3339 1931 3379 fibi
1948 3355 2033 3379 con·

1091 3397 1247 3432 cinnitate
1256 3395 1399 3443 quadam
1409 3405 1614 3441 congruant.
1641 3392 1876 3428 Doazovan.
1896 3395 1976 3430 Hoc
1995 3396 2031 3429 in

1089 3448 1240 3493 margine
1266 3456 1417 3482 notat-ant
1443 3445 1523 3482 edit.
1549 3447 1727 3481 anteriores
1744 3448 1779 3481 &
1799 3444 2033 3481 emendaverat

1088 3498 1155 3543 jam
1175 3495 1352 3532 translator
1370 3495 1627 3533 eruditiffimus.

1139 3551 1181 3586 JV.
1212 3557 1290 3593 301.
1318 3546 1494 3591 Utrumque
1507 3543 1607 3586 simul
1623 3543 1770 3592 sapitis)
1794 3557 1874 3581 cum
1889 3543 2032 3592 Pelagia-

1090 3600 1138 3634 nis
1150 3612 1160 3634 ε
1185 3595 1342 3632 videlicet
1351 3600 1386 3633 &
1394 3596 1489 3644 quod
1499 3595 1652 3633 homines
1662 3609 1739 3633 cum
1751 3595 1952 3632 incolumi&
1962 3599 2031 3644 pri-

1090 3650 1234 3694 migenia
1245 3645 1302 3682 ista
1311 3645 1461 3682 libertate
1471 3646 1664 3688 nascantur,
1690 3646 1828 3693 &quod
1848 3650 1950 3692 gratia
1969 3659 2030 3683 vo-

1091 3709 1143 3734 cet
1153 3710 1211 3734 eos
1220 3708 1309 3745 quos
1317 3700 1516 3732 meritorum
1525 3700 1675 3733 examine
1684 3696 1773 3742 justo
1783 3699 1909 3732 invenit
1928 3708 2028 3744 voca·

1091 3751 1183 3785 tione
1209 3747 1327 3795 dignos
1339 3774 1347 3781 .
1373 3749 1523 3783 Primum
1542 3759 1660 3794 nempe
1680 3747 1808 3796 sapiunt
1826 3744 2028 3795 afferuntque

1090 3798 1224 3836 duobus
1235 3795 1380 3835 verfibus
1390 3799 1572 3845 proximis,
1597 3796 1737 3835 alterum
1748 3810 1830 3834 vero
1837 3800 1963 3834 caeteris
1971 3832 1974 3836 ,
1983 3796 2027 3833 se-

1091 3847 1271 3898 quentibus
1281 3876 1289 3884 .
1316 3848 1425 3895 Qod
1434 3859 1471 3885 ut
1480 3847 1600 3885 clarius
1611 3847 1764 3886 videatur
1773 3874 1787 3894 ,
1811 3847 1939 3896 juvabit
1955 3846 2026 3884 eos-

1614 3901 1647 3937 L
1699 3910 1719 3934 2
1897 3897 1977 3935 dem

2074 355 2145 387 Dici
2156 367 2214 389 non
2226 358 2301 398 polle
2308 361 2389 401 quod

2075 406 2165 428 nemo
2174 398 2206 428 sit
2216 402 2261 429 cui
2273 411 2334 431 non
2344 402 2393 431 de-

2075 437 2240 469 turchrissi
2249 440 2390 479 gratia‚&

2073 487 2164 548 qulem
2192 479 2301 512 salvare
2329 492 2392 512 non

2073 527 2111 549 ve
2125 526 2149 549 it
2161 540 2167 548 .

1995 568 2010 594 ς
2072 559 2165 597 Quod
2175 570 2277 591 eorum
2290 570 2390 592 exem-

2011 608 2014 611 ·
2071 600 2125 641 plo
2139 601 2333 646 probat‚·qui
2354 602 2389 632 de

2072 641 2141 672 fidei
2149 642 2293 682 mysteriis
2310 642 2387 673 nihil

2071 691 2251 722 acceperunt
2261 704 2271 713 .

2071 722 2185 755 Marrh.
2206 724 2253 755 28.
2277 732 2324 762 ις,

2069 1165 2255 1198 capui-
2294 1164 2370 1198 xn.

2068 1207 2159 1238 stv.
2181 1206 2330 1239 sturm..

2066 1366 2183 1404 Quibus
2193 1367 2264 1400 fides
2273 1378 2334 1400 non
2343 1367 2385 1400 est

2065 1418 2264 1447 annuntiata,
2282 1411 2385 1441 coslu-

2065 1451 2147 1479 mine
2158 1459 2269 1481 naturae
2279 1460 2329 1491 per
2338 1452 2384 1492 vi-

2065 1490 2110 1520 tia
2124 1500 2164 1530 op
2187 1489 2274 1527 tesso,
2294 1499 2382 1530 aptos

2064 1539 2128 1560 non
2171 1530 2238 1561 mlle
2275 1530 2383 1571 quibus

2063 1569 2144 1600 dona
2152 1569 2253 1601 salutis
2267 1569 2381 1602 conser-

2063 1619 2182 1643 rentur.

2062 1650 2080 1667 ⁸
2092 1649 2121 1689 fi
2142 1649 2318 1683 monstrare.

2058 1811 2088 1843 C
2108 1822 2130 1843 o
2151 1824 2173 1845 u
2192 1823 2210 1845 ι’
2231 1823 2253 1845 u
2273 1822 2295 1844 τ
2315 1823 2336 1845 Α
2351 1824 2382 1847 τ.

2061 1853 2123 1888 Qui
2140 1854 2197 1884 hoc
2220 1855 2324 1885 dicunt
2348 1855 2380 1884 in

2059 1894 2131 1924 duas
2140 1895 2249 1935 Pelagii
2262 1894 2381 1925 hereses

2059 1933 2203 1967 incidere.
2231 1946 2255 1966 ι.
2282 1935 2382 1967 Natu-

2060 1975 2295 2007 tamhumanam
2319 1986 2381 2008 non

2061 2015 2114 2046 esse
2133 2017 2228 2062 laesarn
2241 2037 2252 2052 ‚
2274 2024 2380 2057 utpote

2059 2065 2282 2098 quagrauama
2304 2067 2384 2098 pete·

2059 2106 2116 2133 re,
2145 2099 2229 2138 seque
2258 2107 2275 2128 a
2316 2107 2381 2131 eam

2059 2147 2119 2178 ρετ
2140 2148 2220 2169 arare
2236 2136 2342 2177 poffit.

2061 2187 2092 2208 ι.
2144 2179 2252 2210 fatiam
2282 2178 2382 2213 secun.

2060 2218 2133 2251 dum
2142 2218 2340 2252 merimdari.
