2652 4126
0 2392 1 2407 ι

0 2413 2 2427 i

0 2429 2 2447 Ι

0 3863 10 3909 ,-“
0 3793 11 3861 aa*
0 3738 10 3791 jar,

41 3857 55 3906 .-n-151

612 250 1220 308 EXP081T101N

300 330 394 380 Deo
423 340 557 384 facilia
588 343 699 397 sunt,
728 345 767 385 8<
796 343 879 400 ipse
910 357 1098 402 operatur
1135 358 1222 387 om·

299 396 369 439 nia
399 400 441 441 in
473 403 683 445 omnibus.

163 480 198 517 ὑ,
212 488 239 514 ⁷·
359 459 416 499 Ut
444 460 508 501 det
537 459 615 503 illis
643 462 899 504 hereditatem
923 465 1094 522 gentium
1108 494 1119 505 .

357 517 403 559 ld
445 519 499 562 est
527 550 541 574 ,
579 534 699 581 quarn
748 524 993 580 praeparavit
1030 523 1214 565 omnibus

278 578 521 634 gentibus..
1003 593 1023 614 -1
1047 596 1049 598 ·

357 639 489 697 Opera
504 652 687 682 manuum
714 642 792 688 ejus
809 671 824 694 ‚
865 642 1011 683 veritas
1039 640 1089 684 Θ·
1109 641 1214 692 judi-

398 711 536 742 ‘cmm.

363 756 457 799 Hoc
487 757 563 819 est,
592 769 637 799 ut
656 758 826 811 nephas,
855 758 1121 816 judiciumque
1143 761 1219 803 ser-

180 847 183 849 .
207 846 227 868 .
299 825 438 857 vetur:
466 826 650 858 ·.manus
679 814 790 859 eiiiin
818 831 1028 875 operatur,
1056 819 1133 860 hoc
1153 820 1220 874 est,

300 886 345 916 ut
384 887 482 929 npn‘
508 875 663 932 separet
702 890 726 918 a
767 875 930 919 Christo
970 877 1176 921 tribulatio
1206 909 1219 932 ,

301 932 501 991 angustia,
531 935 680 987 fames,
711 935 889 989 nuditas,
918 935 1091 994 gladius.

360 995 400 1034 F
403 993 518 1035 {delia
547 995 671 1035 omnia
697 995 876 1037 mandata
893 997 994 1048 eius,
1021 995 1216 1052 confirma·

414 1065 457 1093 ta
486 1053 527 1093 in
549 1050 728 1108 saeculum
748 1052 900 1110 saeculi.

360 1111 449 1167 Qui
476 1110 586 1153 dedit
616 1112 829 1166 mandata,
858 1115 897 1156 8<
926 1112 1035 1156 dedit
1057 1114 1220 1170 promis-

300 1167 372 1210 sa:
402 1185 485 1227 quae
516 1170 686 1214 fideliter
715 1174 897 1215 retribuit
927 1172 1215 1217 confirmatain

301 1240 516 1283 aeternum,
547 1245 619 1272 nec
651 1246 838 1290 umquam
869 1232 1089 1275 defeaura.

363 1290 402 1329 F
402 1291 487 1330 aaa
514 1290 555 1330 in
584 1291 750 1333 veritate
778 1291 827 1334 Θ·
847 1293 991 1341 judicio
1005 1323 1015 1333 .

208 1362 230 1407 b.
360 1350 377 1375 ὓ
396 1350 489 1390 Hoc
518 1348 574 1391 est
603 1351 715 1393 enim
745 1365 907 1404 verum,
937 1350 1147 1406 &justum,
1176 1364 1219 1392 ut

230 1407 232 1412 '
301 1405 625 1462 hic-laboretur,
654 1411 710 1451 ibi
743 1410 1028 1467 requiescatur.

166 1474 199 1510 θ’.
219 1490 250 1517 9,
361 1468 676 1527 Redemptionem
705 1470 810 1527 misit
834 1467 974 1529 populo
995 1470 1086 1526 suo.

312 1556 315 1562 ι
362 1527 487 1569 Cives
515 1529 554 1570 8<
582 1528 756 1572 haeredes
795 1530 952 1571 caelestis
981 1528 1220 1586 Jerusalem,

286 1585 495 1642 -abr-hujus
524 1588 859 1646 peregrinationis
889 1590 1130 1647 captivitate
1161 1602 1221 1630 re-

299 1642 527 1688 diruuntur.

358 1706 570 1748 Mandavit
619 1708 663 1749 in
720 1720 901 1750 aeternum
957 1708 1218 1764 testamentum

405 1765 541 1820 suum.

359 1823 668 1867 Testamentum
698 1825 835 1879 suum,
863 1826 999 1883 utique
1032 1841 1180 1868 novum
1206 1843 1218 1882 3

299 1883 404 1940 quod
435 1896 627 1927 aeternum
659 1885 839 1942 promisit
871 1901 880 1927 :
913 1900 993 1927 non
1028 1885 1122 1928 illud
1154 1900 1221 1928 ve-

299 1955 385 1996 tus,
415 1943 522 2000 cujus
551 1944 785 1987 tranfitoriae
825 1945 1100 2002 promissiones
1138 1945 1220 1988 fue-

298 2015 416 2044 runt.

356 2063 536 2103 sanatam
565 2064 616 2107 Ψ
643 2061 812 2106 terribile
841 2079 975 2105 nomen
1004 2067 1102 2116 ejus.

356 2122 566 2179 Sapientia
597 2137 693 2166 vera
723 2122 777 2165 est
796 2152 809 2176 ‚
850 2122 955 2165 noffe
985 2125 1024 2165 8<
1054 2123 1220 2181 diligere

297 2181 459 2223 Deum.
492 2181 568 2223 Sed
599 2181 651 2225 ad
680 2181 789 2226 hunc
819 2180 989 2239 gradum
1019 2182 1068 2225 de
1100 2185 1221 2225 timo-

298 2253 342 2282 re
372 2239 646 2284 conscenditur
678 2259 687 2285 :
716 2242 809 2299 quia
840 2241 935 2283 ficut
965 2241 1220 2285 desideranda

226 2318 235 2344 ·.
300 2299 391 2343 sunt
420 2300 500 2356 ejus
532 2315 723 2355 munera,
750 2301 803 2343 fic
823 2301 1041 2343 metuenda
1061 2301 1218 2357 judicia.

361 2360 516 2401 Initium
539 2360 735 2420 sapientiae
764 2361 876 2403 timor
902 2361 1102 2403 Domini.'

123 2069 194 2100 lm·
202 2066 282 2110 1072·

151 2389 185 2425 *⁶
209 2402 255 2425 ω’
357 2416 579 2461 ΙηνσΙΙσᾶιις
625 2420 737 2463 bonus
784 2419 953 2462 omnibus
990 2419 1222 2477 facientibus

124 2469 292 2506 liciniae
366 2512 369 2514 ⁴
401 2479 526 2520 “um-3
549 2494 556 2515 ,¹
595 2478 600 2483 ’
623 2512 626 2514 p

121 2549 280 2590 amsi„
361 2537 400 2577 1s
418 2526 569 2579 honuni
587 2538 712 2579 habet
733 2536 1006 2589 inteueaum,
1035 2537 1103 2592 qui
1115 2535 1220 2591 quod

246 2618 250 2621 —
300 2593 527 2636 faciendum
556 2595 887 2651 reeieintelligit
907 2624 921 2646 ,
957 2595 1056 2636 facit
1087 2609 1097 2634 ε
1126 2594 1219 2648 quia

227 2656 230 2659 ’
294 2653 400 2694 talis·
421 2653 485 2695 est⁴
507 2652 587 2694 sine
617 2666 739 2710 opere
769 2653 1063 2709 intelligentia,
1091 2651 1217 2707 qualis

300 2711 382 2754 fine
403 2713 547 2754 timore
568 2711 788 2768 sapientia.

129 2786 199 2816 lum
207 2786 299 2822 ’μω
357 2770 544 2870 Laudlafio
581 2772 658 2812 eius
694 2784 823 2812 manet
860 2771 902 2812 in
934 2767 1114 2824 saeculum
1145 2768 1218 2823 sae·

206 2914 225 2936 e
296 2904 301 2912 ¹
357 2844 612 2946 Necgigergo
631 2887 938 2946 quidquam'suae
966 2864 1219 2943 justitiae‘ad-

295 2946 473 3002 scribat,⁴
492 2961 613 2991 nemo
627 2947 776 2990 deisuis
800 2948 907 3006 quafi
924 2982 926 2984 ,
936 2947 1115 3005 propriis
1135 2959 1219 2987 me-

124 3036 128 3044 ‚
169 3036 175 3040 >
241 3023 277 3051 τῇ,
295 3007 625 3063 ritissexultabit3
654 3005 720 3049 sed
739 3007 786 3049 in*
796 3007 889 3050 Dei
906 3005 1066 3050 laudem
1085 3006 1216 3063 &glo-

202 3066 278 3091 -4
296 3067 400 3109 riam
410 3068 436 3122 ,“
452 3067 584 3110 omnis
603 3065 830 3110 sanRoru‘m
856 3065 1063 3110 beatitudo
1094 3066 1136 3108 in
1168 3079 1216 3107 ae-

297 3136 459 3174 ternum
477 3127 679 3172 refertur.³

418 3556 461 3597 δ”.
490 3555 689 3621 Prosperi-

335 3625 353 3645 a
373 3615 431 3645 Vix
450 3613 617 3644 dubitamus
638 3614 732 3644 locun:
747 3614 824 3645 hunc
834 3613 978 3654 Prosper-i,
1001 3621 1034 3643 ex
1043 3612 1217 3642 vodsunius

296 3655 527 3694 permutatione..
547 3653 581 3686 &-
592 3654 681 3684 'mala
697 3654 950 3694 imerpunfflune,
969 3652 1109 3694 quidquid
1123 3653 1223 3683 obscu-

183 3705 188 3709 ·
227 3695 246 3727 ’Ξ
295 3695 391 3726 ritatis
413 3690 496 3725 habi-,t
518 3692 869 3739 haufiffe.'1gitur,'ciim
879 3693 964 3731 Editi
985 3702 1086 3723 omnes
1101 3692 1131 3722 in
1142 3693 1219 3722 idem

293 3735 503 3770 consentiam·
517 3743 570 3763 nec
588 3733 735 3773 fitcopia'
746 3733 910 3765 uitiatum:
930 3732 1059 3767 codicis,
1080 3742 1139 3763 non
1156 3742 1220 3762 niu-

295 3777 424 3807 tavimus
444 3774 579 3815 quidem,
601 3773 647 3804 sed
667 3770 847 3807 conjicimus
860 3774 1013 3814 legendum
1039 3771 1091 3802 esse
1109 3793 1119 3808 ,
1147 3782 1214 3802 cum

294 3815 603 3852 exigua-mutatione,
625 3814 687 3843 Hoc
707 3813 760 3852 est,
779 3823 811 3844 ut
830 3817 940 3845 veritas
957 3811 1146 3853 iudiciumque
1159 3813 1218 3852 ser.

293 3863 392 3888 vetur,
411 3865 516 3885 manus
534 3853 595 3894 ejus
613 3861 743 3896 operam
761 3863 772 3885 ε
792 3853 841 3886 boe
859 3854 897 3894 oli
919 3873 928 3891 ,
945 3861 978 3883 ut
996 3863 1049 3884 non
1069 3854 1180 3894 separet
1198 3864 1217 3881 a

294 3892 403 3932 christo
421 3893 483 3928 διο.

1280 248 1687 308 PsALMUM
1744 263 1897 308 exn·
2088 273 2191 326 243

1426 405 1455 443 P
1486 406 1510 445 S
1542 405 1582 444 A
1613 405 1648 445 L
1682 404 1732 445 M
1765 404 1810 445 U
1843 403 1869 444 S
1931 403 2048 444 CXI.

1630 519 1855 577 Halleluja.
1898 530 1900 533 ’

1394 640 1518 683 Itulus
1540 640 1685 683 Psalmi
1704 641 1760 682 est
1778 670 1791 693 ,
1829 637 2081 696 Reversiom's
2111 639 2194 696 Ag*-

1416 700 1490 758 gaei
1519 699 1568 742 (Τ
1587 699 1806 752 Zacharia,
1834 700 1901 758 qui
1923 697 2008 756 post
2026 696 2193 757 everfio‘-

1280 771 1373 799 nem
1394 760 1537 816 templi
1556 759 1768 815 Jerusalem
1782 789 1794 812 ‚
1824 761 1862 801 8<
1882 756 2197 813 transmigratio·

1281 831 1375 859 nem
1395 819 1437 859 in
1461 819 1752 874 Babyloniam,
1782 817 1994 884 completis
2022 815 2090 856 fub
2112 816 2196 857 Da-

1265 877 1337 917 -rio
1367 876 1619 934 septuaginta
1647 879 1895 935 captivitatis
1924 875 2041 917 annis
2060 905 2074 927 ,
2107 888 2196 931 pro·

1278 935 1443 992 phetare
1463 950 1674 993 coeperunt
1712 951 1759 978 ea
1791 951 1875 992 quae
1906 935 1955 976 ad
1985 934 2196 975 relaxatio-

1277 1009 1369 1036 nem
1400 996 1648 1051 captivitatis
1670 1026 1682 1047 ‚
1712 997 1750 1036 8<
1778 994 2077 1051 reparationem
2097 1003 2199 1033 tem-

1279 1055 1337 1110 pli
1360 1055 1633 1110 pertinerent.
1663 1053 1737 1096 Sed
1758 1054 1851 1110 quia
1870 1067 1954 1109 quae
1984 1051 2199 1108 corporali-

1280 1127 1342 1155 ter
1371 1126 1465 1155 tunc
1495 1114 1737 1171 gerebantur
1757 1144 1770 1166 ,
1809 1126 1942 1154 rerum
1975 1111 2200 1152 futurarum

1277 1171 1424 1214 indicia
1446 1173 1734 1230 praeferebam,
1763 1186 1836 1229 per
1856 1172 1967 1213 illam
1988 1171 2201 1227 captivita-

1277 1233 1327 1274 tis
1346 1233 1637 1285 remiffionem,
1665 1235 1702 1274 8<
1722 1244 1803 1274 tem
1812 1231 1866 1288 pli
1886 1229 2175 1272 restitutionem
2188 1258 2202 1281 ‚

1281 1291 1512 1348 spiritaliter
1531 1291 1774 1349 figurabatur
1793 1291 1944 1332 fabrica
1964 1289 2080 1346 ipsius
2102 1301 2203 1330 tem-

1283 1352 1362 1407 pli,
1390 1351 1495 1406 cujus
1517 1351 1698 1393 Christus
1719 1350 1774 1392 est
1793 1349 2131 1404 fundamentum3
2158 1349 2202 1388 in

1269 1424 1363 1466 aquo
1381 1411 1504 1452 etiarn
1527 1411 1708 1467 angulari
1740 1409 1896 1467 lapide,
1927 1408 2030 1450 vivis
2060 1407 2203 1464 lapidi-

1284 1471 1354 1511 bus
1383 1471 1578 1527 coaptatis
1597 1499 1610 1523 ,
1647 1468 1803 1512 caelestis
1832 1467 1983 1510 aedificii
2014 1466 2203 1508 stru5'tura

1269 1528 1507 1587 consurgit,
1523 1542 1579 1571 -ut
1596 1544 1648 1571 ex
1670 1530 1783 1571 ruina
1803 1541 1939 1570 vetere
1953 1556 1966 1579 ,
1994 1541 2078 1583 quae
2097 1525 2203 1567 fasta

1281 1588 1335 1631 est
1355 1590 1396 1630 in
1421 1588 1577 1640 Adam,
1610 1603 1760 1630 novum
1783 1589 1865 1630 Dei
1887 1588 2089 1643 templum
2109 1599 2203 1627 cum

1278 1648 1531 1705 reparatione
1550 1651 1733 1689 omnium
1753 1648 1935 1704 gentium
1948 1646 2201 1687 reformetur.

1277 1708 1345 1750 Ad
1370 1709 1445 1749 hoc
1465 1720 1561 1763 ergo
1591 1708 1789 1764 templum
1821 1707 1998 1764 pertinet
2028 1704 2204 1762 prophe·

1283 1768 1383 1808 tatio
1404 1767 1546 1823 Aggaei
1568 1768 1606 1807 8<
1630 1767 1857 1817 Zachariae,
1886 1767 1954 1821 qui
1984 1765 2026 1804 in
2057 1763 2205 1804 Psalmi

1283 1826 1399 1868 titulo
1421 1824 1706 1882 praeiet-untur,
1734 1838 1777 1866 ut
1797 1826 1866 1882 qui
1886 1825 1962 1865 hoe
1983 1822 2205 1863 sacramen·

1273 1885 1364 1928 tum
1384 1885 1601 1942 intelligit,
1632 1886 1671 1926 8<
1690 1886 1758 1941 qui
1777 1884 1889 1941 cupit
1910 1884 1951 1924 in
1974 1881 2088 1936 hujus
2117 1879 2206 1921 aedi·

1278 1945 1358 1988 ficii
1388 1958 1584 2002 compage
1615 1943 1806 1996 solidari,
1834 1943 1931 1985 sciat
1960 1940 2206 1994 reversionis

1273 2006 1319 2047 8<
1348 2004 1627 2047 renovationis
1657 2003 1730 2045 suae
1760 2003 1803 2044 in
1833 2004 1979 2046 timore
2015 2001 2100 2044 Dei
2130 2000 2205 2042 esse

1274 2064 1524 2125 *principium
1536 2093 1547 2106 .
2185 2078 2188 2081 ⁴

1278 2185 1467 2255 BEatus
1506 2185 1587 2225 vir·
1611 2185 1677 2239 qui
1715 2185 1826 2224 timet
1866 2182 2072 2224 Dominum
2092 2197 2113 2233 ;
2166 2181 2208 2221 in
2251 2183 2285 2220 ὐ.
2307 2196 2331 2216 ¹-

1375 2243 1564 2284 mandatis
1594 2245 1672 2290 ejus
1702 2240 1810 2284 volet
1840 2243 1971 2282 nimis.

1389 2361 1584 2404 Eatitudo
1613 2360 1693 2402 viri
1721 2360 1807 2416 justi
1827 2390 1840 2412 ‚
1879 2375 1901 2401 a
1933 2361 2078 2401 timore
2109 2359 2209 2400 inci-

1415 2423 1478 2477 pit
1509 2422 1706 2473 Domini,
1734 2421 1773 2461 &
1802 2418 1962 2474 proficit
1985 2419 2027 2457 in
2059 2416 2205 2457 defide-

1280 2481 1387 2518 rium
1417 2478 1700 2520 mandatorum
1711 2478 1818 2528 Dei,
1846 2474 2206 2531 quibustemplum

1280 2534 1360 2589 ejus
1390 2536 1581 2577 efficitur.
1902 2571 1904 2574 .
2122 2550 2124 2552 ·

1339 2596 1480 2634 Potens
1509 2595 1550 2634 in
1579 2606 1682 2633 terra
1710 2592 1782 2632 erit
1803 2591 1935 2647 ftmen
1963 2592 2063 2642 ejus.

1337 2654 1485 2694 Semen
1517 2652 1656 2693 futurae
1688 2651 1815 2693 messis
1843 2666 1967 2708 opera
1996 2650 2070 2693 effe
2091 2651 2204 2694 mise·

1276 2711 1452 2754 ricordiae
1484 2710 1696 2769 Apostolus
1708 2710 1813 2752 testis
1830 2710 1910 2763 est,
1939 2709 2094 2763 dicens,
2124 2713 2202 2752 Bo·
2217 2737 2378 2775 Galaeso.

1276 2787 1366 2812 num
1396 2784 1523 2812 autem
1543 2770 1729 2826 facientes
1738 2786 1814 2810 non
1841 2770 2079 2827 deficiamus:
2107 2783 2200 2811 tem-

1269 2844 1363 2890 pore
1391 2831 1492 2872 enim
1516 2831 1666 2889 proprio
1697 2843 1895 2871 metemus.
1929 2827 2041 2887 Quid
2061 2842 2199 2872 autem

1276 2891 1480 2948 potentius
1509 2890 1587 2932 hoc'
1626 2889 1776 2931 semine
1796 2918 1809 2941 ‚
1846 2888 1953 2945 cujus
1989 2887 2198 2946 impendio

1276 2962 1532 3008 comparatur
1569 2954 1738 3007 regnum
1776 2948 1960 2991 caelorum
1980 2977 1994 3001 ‚
2033 2949 2073 2991 8(
2111 2949 2200 2992 vita

1276 3008 1467 3054 aeterna.'
1494 3024 1497 3027 ·
1679 3042 1681 3045 .
1993 3031 1995 3033 ·

1282 3093 1287 3096 ·
1308 3103 1311 3105 -
1335 3067 1539 3113 Gener-atio
1568 3071 1747 3111 reblorum
1775 3068 2030 3111 benedicetur.

1334 3130 1382 3172 Id
1413 3129 1499 3184 est,
1537 3143 1660 3186 opera
1699 3143 1835 3171 eorum
1866 3130 1935 3185 qui
1963 3128 2071 3171 resto
2107 3128 2200 3172 sunt

1275 3189 1391 3232 corde
1409 3220 1443 3243 ,-
1465 3203 1548 3231 non
1588 3189 1800 3231 turbantur
1830 3199 1996 3245 propter
2034 3188 2200 3245 promis-

1276 3250 1406 3293 sorum
1437 3247 1704 3291 dilationem:
1735 3262 1810 3290 nec
1840 3246 2087 3289 transeuntia
2116 3262 2199 3289 car·

1277 3309 1425 3351 naliter
1455 3305 1781 3366 appetunt‚''sed
1811 3305 1996 3349 mansura
2026 3305 2199 3348 fideliter

1280 3369 1319 3409 8<
1349 3369 1552 3424 patienter
1580 3366 1818 3424 expefhnt.

1337 3424 1473 3468 Gloria
1505 3427 1554 3470 δ’
1583 3427 1731 3468 divitiae
1761 3427 1802 3466 in
1831 3425 1936 3466 domo
1947 3425 2046 3477 ejus,
2062 3425 2197 3476 (Yju-

1386 3488 1497 3545 stitia
1526 3487 1605 3536 ejus
1632 3498 1759 3527 manet
1788 3486 1830 3526 in
1852 3481 2031 3540 saeculum
2051 3482 2196 3541 saculi.

1757 3544 1847 3586 Hh
1910 3557 1933 3584 2
2052 3545 2139 3601 Qui

1316 3607 1334 3637 b
1354 3605 1448 3644 Lugd.
1469 3605 1559 3634 editio
1580 3603 1659 3634 addit
1679 3602 1798 3632 verbum
1821 3600 2030 3632 substantivum
2051 3603 2087 3640 esi
2102 3621 2112 3637 ,
2138 3611 2198 3642 quo

1278 3656 1375 3678 carent
1400 3647 1474 3675 Lov.
1497 3646 1587 3675 Duae.
1607 3644 1636 3673 ὅ(
1658 3642 1764 3673 Colon-

1320 3698 1335 3717 c
1358 3687 1466 3716 Melius
1485 3685 1561 3714 sorte
1582 3684 1743 3722 legeretur,
1766 3679 1905 3719 adsbibet
1924 3693 1931 3715 ;
1953 3679 1984 3711 &>
2004 3680 2036 3710 in
2055 3680 2112 3710 fine
2125 3700 2135 3716 ‚
2155 3691 2198 3710 re-

1273 3727 1396 3765 seretur:
1418 3733 1534 3764 propter
1553 3723 1681 3755 futurum
1703 3721 1860 3758 exultabir,
1881 3722 1956 3751 inter
1976 3721 2035 3751 haec
2055 3720 2198 3759 mediunu

1274 3767 1305 3799 &
1326 3767 1397 3807 quia
1417 3765 1452 3795 de
1472 3764 1568 3794 futuro
1588 3763 1662 3793 statu
1681 3762 1830 3791 beatorum
1852 3761 1932 3801 loqui
1954 3757 2066 3792 videtur
2085 3758 2198 3791 sa‘netu's

1278 3808 1389 3843 noster,
1411 3806 1441 3836 in
1462 3815 1521 3845 quo
1543 3804 1593 3834 soli
1616 3804 1679 3834 Deo
1698 3801 1735 3832 ab
1754 3801 1892 3833 omnibus
1914 3800 2019 3833 sanffls
2045 3802 2139 3832 honor
2165 3797 2197 3830 &

1278 3848 1370 3889 gloria
1391 3847 1422 3877 in
1444 3854 1583 3877 aetcrnum
1606 3842 1757 3875 referetur.

2247 2620 2280 2655 ἲ.
2301 2627 2328 2661 ις

2215 3094 2287 3126 leem
2294 3094 2328 3130 Ἰ.
2345 3105 2375 3131 ις
