2684 4140
500 269 572 321 62

493 355 546 400 ad
577 358 746 418 Pietatis
778 378 906 435 opera
935 367 1184 417 reservatur,
1213 362 1284 424 pio
1313 355 1438 406 conii·

491 419 681 469 deremus,
713 425 891 481 intuitu,
921 440 1058 470 nonne
1090 425 1134 467 in
1165 423 1224 470 eis
1254 437 1338 468 non
1368 437 1439 482 pe·

491 493 707 544 remptum
737 488 993 532 inveniemus
1013 485 1187 529 liberum
1207 484 1436 537 arbitrium,

488 544 565 592 :sed
590 548 784 593 'renatum
806 545 823 589 ἓ
850 543 974 605 Quod
1001 545 1143 605 utique
1174 559 1269 588 cum
1308 543 1436 587 solum

493 605 593 649 esset
603 636 617 658 ‚
646 606 797 663 fibique
808 604 1041 663 permissum
1051 636 1066 660 ‚
1088 613 1175 649 non*
1184 604 1258 648 nifi
1269 604 1313 646 in
1324 603 1436 646 suam

494 666 723 727 perniciem
752 665 997 709 movebatur
1017 697 1028 708 .
1071 665 1210 726 Ipsum
1249 665 1365 709 enim
1395 663 1434 707 se

494 739 799 780 excaecaverat‚
828 725 1010 786 &ipsum
1040 725 1080 769 se
1102 727 1333 768 illuminare
1345 739 1430 769 non

493 798 659 845 poterat
679 817 689 830 .
733 787 862 830 Nunc
903 798 1044 830 autem
1074 784 1186 829 idem
1216 785 1431 828 arbitrium

493 845 732 890 conversum
764 846 845 901 est,
875 861 959 890 non
990 845 1176 890 eversum
1195 875 1211 901 ,
1239 846 1279 888 8<
1309 844 1433 886 dona-

393 929 414 951 η
492 918 582 949 tum
612 904 668 949 est
698 907 892 952 eiaaliter
949 906 1056 951 velle
1078 936 1093 960 ‚
1130 906 1251 951 aliter
1278 905 1432 1007 sapere,

492 967 613 1011 aliter
653 981 772 1024 agere
804 997 819 1020 ,
866 968 907 1010 8<
949 966 1279 1010 incolumitatem
1336 979 1431 1007 uam

391 1038 414 1071 h
490 1040 577 1068 non
610 1027 654 1068 in
686 1025 725 1071 se
747 1056 762 1080 ,
799 1025 866 1071 sed
886 1032 905 1059 ¹²
924 1027 968 1070 in
1000 1026 1162 1072 medico
1191 1026 1388 1071 collocare
1420 1041 1430 1068 :

492 1086 592 1144 quia
623 1086 796 1131 necdum
827 1099 915 1130 tam
945 1086 1126 1145 perfecta
1155 1084 1427 1145 utiturbsani-

489 1159 602 1201 tate,
634 1159 679 1189 ut
709 1161 758 1190 ea
787 1161 873 1208 quat
894 1148 932 1190 ei
944 1159 1193 1202 nocuerant,
1223 1157 1431 1205 nequeant

487 1206 573 1263 jam
604 1221 751 1252 nocere
790 1223 805 1265 3
836 1220 905 1250 aut
936 1207 986 1249 ab
1016 1207 1283 1252 insalubribus
1314 1206 1432 1266 possit

486 1267 572 1369 {am
588 1296 601 1319 ‚
632 1267 784 1309 viribus
815 1266 917 1320 suis,
948 1265 1180 1325 temperare
1213 1299 1223 1311 .
1258 1265 1431 1310 Proinde

520 1340 615 1367 omo
644 1356 658 1379 ,
697 1327 766 1383 qui
796 1327 840 1367 in
872 1327 1002 1369 libero
1034 1327 1203 1370 arbitrio
1233 1328 1314 1370 fuit
1342 1342 1429 1370 ma-

487 1386 570 1438 lus,
601 1386 644 1426 in
676 1384 763 1442 ipso
794 1385 924 1427 libero
956 1385 1126 1427 arbitrio
1156 1387 1429 1429 faausestbo-

486 1458 583 1489 nus:
615 1443 680 1486 sed
712 1458 787 1503 per
817 1443 856 1490 se
887 1445 1018 1487 malus
1037 1475 1051 1498 ,
1081 1457 1157 1504 per
1187 1445 1334 1486 Deum
1359 1445 1430 1484 bo-

487 1520 587 1560 nus;
618 1505 687 1564 qui
719 1519 812 1546 eum
841 1505 899 1547 ita
930 1506 974 1546 in
1007 1505 1125 1546 illum
1137 1503 1344 1547 initialem
1355 1502 1430 1544 ho-

486 1578 632 1606 norem
665 1564 745 1606 alio
776 1564 898 1606 initio
929 1562 1198 1614 reformavit,
1227 1574 1273 1604 ut
1292 1563 1426 1604 einon

486 1622 616 1665 solum
647 1624 812 1683 culpam
841 1624 957 1667 malae
979 1622 1204 1665 voluntatis
1235 1622 1275 1663 8<
1305 1619 1428 1663 afflo-

487 1684 552 1725 nis
582 1683 836 1735 remitteret,
868 1682 934 1724 sed
966 1683 1094 1725 etiam
1124 1682 1231 1724 bene
1272 1681 1381 1724 velle
1413 1709 1428 1734 ‚

486 1743 591 1786 bene
622 1757 766 1801 agere,
797 1755 918 1800 atque
950 1743 1091 1785 inhis
1102 1756 1345 1800 permanere
1357 1740 1427 1783 do·

300 1836 394 1876 Jacob
442 1848 456 1871 Ξ
487 1816 629 1848 naret.
661 1806 787 1847 Omne
818 1804 947 1856 enim,
977 1804 1113 1860 inquit
1144 1801 1346 1860 apostolus
1366 1803 1432 1859 Ja-

306 1885 357 1915 ¹7-
394 1859 405 1871 “
462 1859 470 1872 ”
491 1863 635 1915 cobus,
665 1863 1037 1922 datumoptimum,
1068 1862 1118 1906 δ’
1148 1879 1258 1904 omne
1286 1862 1429 1904 donum

483 1922 696 1983 perficium
727 1923 774 1964 de
795 1922 948 1979 sursum
976 1923 1056 1979 est,
1085 1923 1431 1979 descendensaPa—

486 1997 547 2025 tre
576 1983 788 2024 luminum.
821 1985 907 2045 Qui
940 1984 1057 2042 quale
1089 1983 1138 2025 fit
1169 1984 1344 2027 liberum
1368 1997 1431 2026 ar-

485 2044 658 2085 bitrium
688 2041 795 2100 quod
827 2045 1011 2085 humano
1043 2043 1358 2103 spirituagitur,
1388 2038 1432 2088 δέ

485 2105 607 2161 quale
640 2103 687 2145 fit
718 2102 824 2159 quod
855 2118 879 2145 a
913 2105 1007 2145 Deo
1038 2105 1198 2162 regitur
1217 2135 1230 2159 ,
1261 2104 1428 2148 eviden-

437 2168 469 2196 32
485 2177 552 2207 ter
581 2161 780 2216 ostendit,
810 2162 971 2217 dicens,
1001 2163 1423 2232 ‚Quodstzelumama-

484 2239 572 2265 rum
603 2222 773 2275 habetis,
801 2222 851 2265 &¹
882 2238 1142 2265 contenttones
1172 2227 1214 2267 in
1256 2226 1424 2268 cordibus

486 2284 649 2338 vestris,
680 2280 800 2323 nolite
836 2281 997 2340 gloriari
1034 2284 1238 2339 adversum
1264 2286 1424 2334 *verita-

486 2358 589 2395 tem‚
619 2343 668 2386 (Τ
697 2343 893 2386 mendaces
921 2342 1000 2400 effe
1020 2358 1036 2382 .·
1068 2360 1144 2386 non
1174 2345 1229 2403 est
1268 2345 1338 2402 esta
1359 2344 1423 2401 sa·

478 2403 632 2464 pientia
661 2402 708 2443 de
730 2402 883 2459 sursum
914 2403 1137 2459 descendens
1167 2435 1180 2458 ,
1202 2405 1275 2461 sed
1302 2419 1421 2447 terre·

486 2480 562 2517 na,
591 2459 793 2515 animalis,
822 2460 1005 2504 diabolica
1027 2494 1038 2506 .
1073 2465 1149 2507 Ubi
1179 2466 1283 2507 enim
1311 2462 1421 2522 zelus

495 2524 547 2567 ὃ*
575 2523 789 2575 contentio,
821 2522 873 2563 ibi
902 2524 1158 2578 inconstantia
1188 2525 1238 2567 (θ’
1269 2541 1428 2566 omneo-

486 2597 560 2643 pus
584 2595 754 2642 pravum
777 2613 786 2623 .
827 2585 934 2645 Qae
965 2595 1092 2624 autem
1122 2583 1169 2624 de
1193 2583 1343 2639 sursum
1373 2584 1427 2638 est

487 2643 701 2701 sapientia,
727 2643 895 2700 primum
927 2642 1082 2698 quidem
1106 2642 1334 2701 pudicaest,
1365 2643 1428 2684 de-

492 2702 580 2742 inde
607 2701 792 2757 pacifica,
821 2703 1009 2756 modesta,
1034 2700 1257 2756 suadibilis,
1286 2708 1300 2726 ⁹
1305 2700 1428 2762 plena

492 2759 766 2816 misericordia,
796 2758 845 2800 Θ·
865 2759 1055 2815 Ῐνιιέῖὶόας
1083 2759 1209 2814 bonis,
1238 2759 1256 2785 ‘¹
1286 2779 1360 2805 non
1371 2764 1428 2805 di·

488 2821 663 2872 judicans
693 2849 706 2872 ,
729 2818 819 2875 fine
840 2816 1094 2875 simulatione
1124 2852 1135 2863 .
1168 2822 1425 2881 Quicumque

495 2895 591 2938 ergo
624 2879 685 2921 his
718 2878 934 2921 virtutibus
966 2877 1122 2922 student
1152 2894 1271 2938 atque
1304 2884 1426 2927 inhae-

497 2953 612 2991 rent,
644 2953 726 2981 non
760 2938 852 2991 sua,
882 2938 947 2981 sed
980 2938 1150 2997 superna
1171 2940 1426 2997 sapientiail·

323 3033 444 3064 Pwffl·
453 3034 480 3060 4·
496 2999 650 3043 lustrati
683 2998 797 3040 sunt:
828 3000 1028 3058 ,Quoniam
1060 3001 1245 3041 Dominus
1274 3002 1341 3043 dat
1364 3002 1427 3059 sa-

401 3081 417 3102 e
493 3060 707 3120 pientiam,
738 3058 788 3101 (⁹⁴
817 3075 840 3099 a
863 3058 964 3114 facie
994 3059 1261 3115 ejus‘scientia
1291 3062 1340 3104 (θ’
1369 3065 1427 3103 in-

401 3150 417 3180 5
497 3117 689 3161 telleezus.
724 3121 779 3160 Et
812 3119 895 3160 haec
926 3134 1064 3162 eorum
1083 3105 1315 3163 fverissima
1345 3122 1427 3178 glo—

505 3181 565 3221 ria
597 3178 676 3232 est,
706 3178 733 3219 fi
766 3192 848 3219 non
882 3179 924 3220 in
956 3178 994 3221 se
1025 3209 1038 3233 ,
1068 3178 1133 3222 sed
1164 3181 1207 3222 in
1241 3182 1425 3224 Domino

501 3239 748 3299 gloriantur.

571 3313 638 3351 19.
672 3300 735 3341 Ea
765 3310 903 3341 autem
927 3313 1012 3357 quae
1031 3299 1079 3343 de
1091 3300 1199 3355 fato,
1227 3299 1324 3344 &de
1335 3300 1428 3343 dua-

296 2158 322 2196 J
324 2155 400 2188 iacob·

303 2206 351 2237 υ..
373 2199 436 2231 &a

397 2723 418 2784 20

323 3309 480 3343 Camxvm

541 3470 560 3487 a
581 3458 639 3488 ΜΓ.
661 3459 718 3495 101,
738 3458 819 3490 addit
840 3457 900 3489 haec
921 3456 1028 3499 verba,
1047 3460 1237 3495 aliter-velle.
1256 3469 1323 3491 eum
1332 3459 1428 3501 Lugd.

499 3497 532 3529 ἀ
558 3497 634 3529 ven,
656 3499 751 3530 editis.
772 3499 802 3530 δι
824 3499 881 3529 Ms.
901 3498 1019 3539 Remig.
1042 3501 1149 3531 veteri.

541 3537 560 3567 b
582 3537 682 3568 Editio
704 3540 827 3570 Veneta.
849 3540 1064 3570 inMediatore.

542 3588 558 3606 c
580 3577 674 3608 Editi.
693 3583 777 3616 plena
798 3579 1011 3619 misericordie.

542 3618 563 3646 d
585 3616 639 3646 ΜΓ.
660 3617 717 3653 Iol.
737 3629 789 3647 non
810 3620 972 3659 dijudicans
984 3620 1140 3661 secundum
1156 3621 1381 3659 simulationem.

543 3668 557 3685 e
578 3656 636 3685 Ms.
658 3657 714 3692 Jol.
729 3659 870 3696 scientie,

538 3696 564 3736 s
577 3696 634 3728 Ms·
654 3696 711 3740 Jol.
731 3699 867 3735 veriffime
883 3702 978 3741 gloria
999 3701 1049 3739 esi.

508 3776 512 3781 ι
543 3748 564 3775 g
587 3735 687 3771 Edffl,
702 3737 814 3781 *intenti
834 3742 892 3768 vin‘
912 3742 1023 3780 injurzae
1038 3742 1177 3780 jaflitant
1195 3764 1204 3774 .
1233 3741 1300 3774 Mff.
1319 3743 1376 3775 duo
1396 3751 1428 3774 ut

504 3786 536 3820 ιιη
558 3783 655 3805 textu:
677 3779 727 3805 nm
749 3778 826 3820 quod
848 3789 921 3809 unus
942 3791 976 3811 ex
997 3781 1059 3816 his,
1081 3783 1240 3816 jaciuntur
1252 3783 1353 3820 haber,
1377 3794 1429 3822 pto

500 3815 693 3861 jaflieantuffi
712 3815 815 3861 Editio
838 3819 970 3855 Veneta,
990 3821 1021 3851 in
1042 3823 1120 3852 tanti
1139 3822 1200 3853 viri
1218 3822 1350 3862 injuria,
1369 3824 1429 3857 for·

507 3863 536 3885 'e
559 3866 628 3893 pro,
649 3866 801 3894 Insurlam.

548 3894 568 3925 h
590 3895 645 3926 Ms-
668 3895 723 3931 Jol.
744 3896 864 3926 doHores
886 3899 924 3930 (9⁰
944 3910 1065 3930 errores.

534 3934 546 3964 i
570 3935 628 3967 Ms.
648 3936 707 3972 Jol.
727 3935 891 3968 imbuuntur
911 3948 1010 3972 aures.

738 261 792 320 S·
848 256 1542 332 A'ueu's‘r'lui
1622 247 2193 345 Eti‘is‘cor‘r

1497 362 1569 406 bus
1603 357 1762 422 mallis,
1789 359 2016 422 duabusque
2046 356 2424 413 namisj,0ssu1tiffi-
2439 370 2598 409 cmm-2

1496 438 1567 466 mo
1597 421 1833 476 mendacio,
1855 429 1878 463 G
1907 420 1952 466 in
1982 421 2092 467 tanti
2120 418 2421 476 viri-injuriam
2438 427 2473 491 H!
2493 419 2596 458 Augu.

1495 483 1729 541 jae’titantur
1756 513 1771 536 ‚
1800 496 1931 542 neque
1954 481 2093 541 *ipsum
2131 477 2294 538 quidem
2325 493 2422 522 one·
2466 467 2549 543 ¹⁰²¹?
2560 481 2570 491 ⁶

1495 555 1614 596 rant,
1642 543 1687 587 in
1717 540 1969 601 cujus*}ibris
1998 538 2421 600 copiofiffim‘e‘hujus-

1494 601 1607 646 modi
1636 601 2117 659 destruuntur”errores;r
2133 614 2209 645 nec
2228 605 2312 643 *nos
2330 610 2422 658 pet·
2460 646 2465 655 x
2516 620 2538 652 h

1494 663 1662 707 turbant
1688 693 1704 717 ,
1742 662 1812 721 qui
1844 662 1946 706 tales
1976 661 2323 723 opiniones’cum
2342 658 2425 701 suis
2437 660 2506 731 {421²
2519 663 2598 703 Aug.

1490 722 1715 767 auetoribus
1745 737 2008 767 execramur.
2039 720 2118 764 Sed
2148 719 2316 764 videant
2325 731 2421 778 quo·
2436 712 2490 773 [η’
2499 711 2602 774 ’ἶζῖζ

1487 782 1611 827 modo
1640 783 1679 827 se
1710 799 1736 828 a
1755 782 1960 826 dedecore
1990 781 2098 825 istius
2129 793 2282 841 exuant
2307 779 2422 827 ‚faifi-
2438 782 2514 823 epm.
2542 783 2598 814 Pe·

1491 845 1612 898 tatis,
1641 845 1711 902 qui
1741 843 1899 903 poffunt
1929 855 2016 886 tam
2047 839 2422 900 inepta'confinge-
2440 824 2602 905 ‘7¹:52⁶ifb‘ff,

1490 918 1560 959 re,
1588 904 1617 948 fi
1648 905 1694 946 hi
1732 914 1904 962 quorum
1933 910 1942 936 1
1972 901 2380 946 abutuntur·²auribus
2409 930 2424 956 ,
2439 905 2598 953 eqneraJu·

1491 965 1790 1024 aliquantulum
1822 963 2044 1022 diligentia,
2067 961 2126 1006 ‘ad
2145 956 2426 1020 cognoscenda
2442 946 2604 1025 ,(ᾜρᾯὲ

1487 1039 1540 1069 εει
1569 1040 1655 1084 quae
1685 1024 2023 1084 praestantissimus
2052 1025 2077 1049 ⁸
2114 1021 2305 1066 minister'
2332 1030 2426 1080 gra·
2439 1026 2605 1072 penti-8⁴¹*

1490 1085 1815 1145 tiaedisputavit,
1844 1083 2120 1128 intenderint:
2150 1084 2427 1139 licetomnem
2524 1077 2546 1140 ζ

1495 1145 1603 1189 istius
1633 1146 1903 1206 inquisitionis
1934 1159 2094 1189 moram
2124 1143 2222 1202 ipsi,
2247 1141 2426 1202 ‘qui-*haee
2472 1187 2479 1191 <
2510 1187 2513 1190 ,

1492 1207 1736 1266 loquuntur,
1767 1207 1994 1264 praevenire
2023 1204 2254 1259 deberent,
2273 1213 2276 1229 2
2293 1199 2429 1261 p'rofe-

1494 1266 1623 1310 rendo
1654 1279 1775 1325 atque
1806 1265 2050 1325 explicando
2070 1263 2429 1319 librom-*unamve

1491 1342 1632 1371 eorum
1666 1327 1910 1386 particulam
1941 1324 2252 1370 demonstrando
2263 1351 2282 1380 ,-
2301 1334 2429 1382 quam
2460 1359 2463 1360 ⁷

1488 1403 1564 1447 per
1594 1387 1762 1430 dubium
1792 1387 1936 1431 saltem
1969 1385 2335 1431 inteneecumntaai·
2364 1384 2430 1425 in-

1489 1448 1777 1505 terpretationi
1807 1448 2031 1491 obnoxium
2067 1447 2141 1488 Vir
2171 1444 2327 1489 sanetus
2345 1441 2430 1486 edi-

1490 1502 1597 1546 derit
1620 1534 1633 1545 .
1665 1508 1742 1549 Sed
1774 1508 1931 1565 prorsus
1961 1508 2069 1551 nihil
2100 1508 2181 1550 tale
2213 1504 2320 1564 apud
2353 1510 2433 1548 nos
2462 1520 2465 1523 ·

1488 1561 1729 1617 audierunt,
1759 1568 1865 1609 nihil
1884 1568 1964 1611 tale
1977 1569 2186 1626 legerunt.
2219 1567 2428 1626 Quianon

1492 1622 1579 1664 fato
1609 1623 1830 1683 quidquam
1861 1628 1970 1683 geri,
1999 1627 2066 1671 sed
2096 1627 2238 1670 omnia
2257 1627 2341 1669 Dei
2372 1626 2431 1684 ju-

1489 1679 1596 1723 dicio
1628 1685 1814 1727 novimus
1844 1684 2047 1729 ordinari.
2080 1689 2175 1731 Nec
2193 1702 2247 1731 ex
2277 1686 2431 1729 duabus

1491 1742 1624 1784 massis
1655 1773 1668 1796 ‚
1699 1743 1901 1788 duabusve
1934 1747 2088 1788 naturis
2120 1762 2134 1802 ;
2162 1747 2233 1791 sed
2262 1762 2317 1791 ex
2346 1758 2431 1790 una

1492 1801 1615 1845 massa
1646 1833 1660 1856 ‚
1698 1818 1786 1860 quae
1819 1803 1874 1847 est
1914 1819 2008 1848 caro
2039 1805 2165 1864 primi
2200 1807 2386 1853 *hominis
2414 1836 2432 1861 ‚

1491 1877 1617 1906 unam
1649 1861 1794 1906 scimus
1832 1866 2019 1908 omnium
2060 1865 2294 1909 hominum
2318 1878 2432 1915 oreae

1492 1935 1580 1966 tam
1611 1953 1625 1977 ‚
1663 1925 1870 1982 crearique
1902 1939 2093 1969 naturam
2123 1957 2137 1980 ,
2168 1927 2212 1970 δε
2240 1924 2431 1970 eamdem

1491 1998 1566 2042 per
1597 1981 1718 2041 ipfius
1748 1986 1874 2043 primi
1905 1986 2086 2027 hominis
2118 1988 2293 2028 liberum
2322 1985 2429 2026 arbi·

1490 2046 1616 2087 trium
1647 2075 1661 2099 ,
1691 2045 1836 2103 inquo
1865 2056 2002 2086 omnes·
2011 2057 2276 2103 peccaverunt
2304 2074 2319 2098 ,
2340 2041 2426 2088 *effe
2445 2068 2614 2106 mmmm*

1489 2104 1755 2164 prostratam:
1785 2118 1860 2146 nec
1888 2104 1972 2145 ullo
2014 2103 2135 2146 modo
2175 2104 2227 2146 ab
2268 2116 2426 2147 aeternae

1487 2166 1630 2208 mortis
1660 2164 1798 2220 debito
1829 2162 2024 2218 liberam,
2054 2163 2127 2206 nisi
2158 2178 2249 2206 eam
2262 2163 2311 2206 ad
2323 2164 2426 2207 ima·

1486 2226 1627 2284 ginem
1659 2222 1745 2265 Dei
1775 2219 1785 2245 ¹
1816 2221 1993 2266 secundae
2024 2224 2244 2267 creationis
2267 2223 2423 2267 Christi
2522 2228 2535 2262 ι

1485 2286 1618 2341 gratia
1647 2282 1956 2336 reformaverit,
1986 2284 2238 2343 liberumque
2269 2285 2351 2341 ejus
2362 2298 2423 2327 ar-

1483 2344 1653 2386 bitrium
1665 2342 1853 2401 agendo,
1882 2349 1910 2367 ¹¹¹
1930 2343 2195 2402 adspirando,
2224 2345 2423 2387 auxilian·
2517 2359 2549 2380 m

1480 2403 1532 2447 do
1542 2435 1556 2459 ,
1586 2403 1753 2461 &usque
1765 2404 1807 2446 in
1821 2403 1945 2446 finem
1958 2404 2172 2462 praeeundo
2183 2404 2420 2448 servaverit.

1554 2478 1621 2520 17.
1654 2463 1781 2507 Unde
1811 2465 1907 2523 quia
1937 2464 2130 2523 perspicit
2141 2465 2421 2509 Sanctitastua
2438 2470 2606 2505 Emoeus.

1489 2524 1507 2580 (
1538 2525 1566 2566 fi
1599 2534 1740 2567 tamen
1782 2523 1977 2568 sermonis
2019 2526 2102 2568 mei
2144 2540 2227 2568 non
2269 2525 2421 2570 obsistit

1488 2582 1727 2639 obscuritas,
1756 2582 1774 2640 )
1805 2583 1945 2627 frustra
1979 2585 2172 2641 quosdam
2211 2585 2261 2628 de
2298 2584 2421 2630 'nobis

1490 2643 1706 2699 conqueri,
1736 2644 1775 2685 8<
1805 2659 1947 2687 omnes
1978 2644 2067 2687 illas
2109 2646 2270 2704 ineptas
2299 2652 2318 2671 ¹¹
2346 2647 2423 2690 cri·
2519 2665 2542 2687 n

1488 2703 1736 2745 minationes
1759 2732 1773 2756 ,
1803 2702 1852 2745 ad
1898 2703 2193 2763 exasperandos
2233 2719 2423 2750 averten-

1488 2761 1634 2820 dosque
1665 2763 1823 2806 animos
1854 2779 2018 2816 eorum,
2048 2766 2191 2819 quibus
2220 2764 2329 2806 aliud
2351 2780 2422 2807 vo-

1487 2822 1578 2864 lunt
1609 2821 1870 2879 persuadere,
1899 2822 2094 2863 contexi:
2125 2827 2143 2845 ⁰
2173 2822 2328 2867 confide
2359 2839 2421 2868 er·

1488 2897 1539 2939 go
1571 2882 1615 2922 in
1647 2881 1799 2920 virtute
1840 2878 2119 2923 misericordiae
2163 2883 2282 2938 Dei,
2325 2900 2423 2943 quo·

1492 2942 1606 2982 niam
1637 2939 1722 2981 haec
1752 2938 2017 2982 contradictio
2052 2971 2066 2995 ,
2105 2941 2203 2985 ficut
2243 2944 2287 2986 in
2331 2945 2422 2988 aliis

1485 2997 1626 3043 mundi
1658 2998 1862 3056 partibus,
1890 3000 1948 3042 ita
1980 3002 2019 3043 8<
2048 3002 2090 3043 in
2114 3002 2178 3045 his
2189 3005 2423 3062 regionibus

1487 3059 1742 3117 conquiescet
1769 3074 1780 3102 t
1827 3070 1871 3101 ut
1902 3061 2133 3118 praedicatio
2164 3063 2310 3107 summi
2339 3065 2420 3107 hoc

1488 3134 1671 3178 tempore
1704 3120 1746 3160 in
1781 3119 1958 3163 Ecclesia
1990 3122 2093 3175 viri,
2123 3124 2249 3166 etiam
2280 3124 2330 3166 ab
2353 3124 2420 3167 his

1487 3195 1511 3222 a
1542 3180 1682 3237 quibus
1713 3176 1763 3221 ad
1794 3179 1962 3236 praesens
1991 3186 2010 3213 Ρ
2038 3183 2248 3238 repellitur
2267 3214 2280 3238 ‚
2310 3183 2418 3240 adju-

1488 3252 1629 3282 vetur.
1661 3241 1731 3281 Tu
1761 3253 1921 3293 autem,
1951 3240 2196 3285 dileffiffime
2227 3245 2266 3285 8<
2296 3257 2419 3289 vene-

1493 3299 1723 3342 randiffime
1754 3299 1859 3342 mihi
1889 3300 2039 3355 frater,
2066 3300 2096 3343 fi
2127 3316 2222 3346 vere
2262 3302 2312 3346 de
2351 3304 2416 3347 his

2281 3376 2370 3414 quae-

2643 2081 2667 2237 ς

1529 3461 1552 3494 k
1573 3463 1611 3494 In
1633 3459 1690 3491 Ms.
1711 3453 1771 3496 161,
1793 3472 1810 3492 a
1831 3461 1925 3501 prima
1934 3472 2038 3499 manu,
2058 3461 2187 3504 magister
2203 3465 2319 3504 gratie:
2341 3474 2418 3506 apo-

1487 3501 1599 3533 sseriori
1621 3500 1800 3537 correctum,
1822 3503 1944 3540 minister
1960 3504 2078 3543 gratie.
2176 3513 2178 3516 ’

1529 3542 1542 3572 l
1562 3540 1621 3573 Ms.
1645 3541 1703 3577 Jol.
1715 3542 1841 3580 secunda
1862 3543 2013 3573 creationis
2032 3542 2136 3583 Chnssi
2158 3546 2256 3585 gratia
2286 3545 2415 3584 rashmu-

1489 3591 1547 3612 ret.

1533 3634 1561 3652 m
1583 3620 1664 3652 Ediu
1687 3621 1831 3653 habebant
1848 3623 1999 3663 sperando.
2023 3622 2132 3655 Melius
2150 3625 2309 3657 correfium
2324 3635 2359 3655 ex
2379 3623 2415 3655 fi-

1491 3662 1528 3692 de
1549 3662 1599 3693 Μ(
1626 3669 1733 3693 veteris
1761 3663 1791 3692 in
1823 3664 2012 3701 Augustino,
2032 3663 2172 3704 spirando
2193 3679 2205 3698 .·
2235 3675 2288 3697 nec
2314 3665 2414 3696 minus

1492 3701 1566 3734 bene
1587 3700 1661 3732 forte
1682 3701 1760 3741 quod
1783 3702 1982 3733 substituimus
2001 3715 2036 3735 ex
2066 3705 2122 3735 ΜΓ.
2150 3705 2268 3741 Jolienfi
2282 3725 2292 3740 ,
2320 3705 2413 3745 adspi-

1490 3744 1595 3774 raudo.
1617 3742 1820 3773 Amerioribus
1840 3743 2018 3776 emtionibus
2039 3746 2070 3775 in
2100 3748 2231 3789 margine
2250 3745 2414 3786 appositum

1490 3792 1525 3814 ex
1545 3781 1728 3817 coniefilura,
1749 3784 1833 3813 Forte
1851 3783 2043 3824 inspirando.-

1530 3833 1549 3852 n
1572 3821 1625 3852 Ms.
1648 3822 1705 3858 Jol.
1724 3823 1884 3863 questiones
1903 3825 1953 3854 vel
1971 3826 2194 3858 caminationes.

1535 3875 1550 3892 o
1571 3863 1656 3902 Apud
1678 3864 1875 3904 Augustinum
1895 3885 1904 3898 ‚
1933 3865 2037 3903 confido
2063 3878 2111 3906 ego
2138 3867 2169 3895 in
2195 3864 2304 3896 virtute
2319 3887 2329 3899 .
2357 3864 2416 3897 Mt.

1492 3903 1549 3941 Jot.
1570 3901 1675 3941 confide
1694 3914 1755 3943 ergo
1775 3904 1806 3934 in
1824 3906 1949 3937 virtute.
1973 3905 2074 3940 Editi,
2092 3906 2124 3935 in
2145 3905 2296 3937 virtutem.

1528 3952 1548 3986 p
1570 3942 1653 3976 Editi
1671 3943 1823 3975 revellitur
1841 3944 1900 3977 Ms.
1920 3946 2037 3987 Remig.
2057 3944 2089 3979 &
2107 3945 2166 3983 Jol.
2186 3946 2345 3988 repellitur.
