2652 4126
500 210 612 280 276

489 299 584 336 ficilis
594 302 630 337 δε
640 301 695 337 vix
704 297 839 337 affabilis
851 323 860 339 ,
885 299 1000 332 vicinis
1010 296 1166 334 molestus
1176 322 1187 340 ,
1213 300 1310 334 uxori
1323 296 1426 335 malus

488 348 732 386 contubernalis
753 374 763 390 ‚
797 347 978 384 liberorum
1008 359 1122 393 parcus
1151 358 1248 394 atque
1274 347 1426 384 sordidus

488 400 668 441 educator,
694 397 846 444 suiipfius
865 396 1189 443 malignuscuratot,
1215 399 1425 435 nonatum-

488 449 614 499 diuque
634 447 790 484 sollicitus
814 450 849 482 &
867 446 1108 492 cogitabundus
1121 472 1130 489 ,
1155 447 1266 485 secum
1287 447 1354 496 ipse
1378 447 1428 483 lo·

488 511 591 547 quens
614 510 651 533 ac
675 495 848 538 differens,
873 508 992 532 eorum
1013 509 1108 534 more
1126 501 1186 545 qui
1207 509 1324 534 mentes
1337 501 1425 534 cxci·

487 551 604 586 derunt
620 551 654 583 &
667 549 698 582 in
710 546 862 582 insaniam
882 545 958 594 lapfi
969 546 1061 582 sunt.
1088 550 1246 595 Denique
1264 561 1342 584 cum
1354 560 1426 585 om·

487 597 582 634 nibus
601 595 765 638 abundat,
792 607 946 643 tanquam
971 600 1122 636 omnium
1142 610 1262 644 egenus
1287 602 1424 644 ingemi*

484 646 544 683 scit
564 661 573 683 ι
600 646 812 693 praesentibus
831 658 899 682 non
917 646 1039 683 fruitur
1056 663 1066 684 ι
1104 660 1178 695 quae
1195 647 1314 684 absunt
1331 653 1425 685 anxie

488 700 642 745 quaeritat
660 711 669 732 :
696 699 841 744 propriis
862 709 930 732 non
949 700 1106 734 utitur&
1125 698 1165 734 ad
1184 698 1288 734 aliena
1305 698 1424 734 oculos

487 747 617 792 adjicit.
643 746 747 783 Multi
760 746 851 783 istius
865 747 1160 796 (inquit)greges,
1179 751 1275 795 agni,
1302 747 1425 784 stabula

484 800 542 834 vix
550 800 708 843 capiunt,
727 796 878 844 planities
887 810 923 833 ac
934 797 1047 844 pascua
1057 809 1127 834 tota
1138 809 1310 845 teguntur.
1338 799 1424 835 Acfi

488 850 645 894 pinguem
657 850 690 883 δι
701 846 783 883 bene
801 845 947 884 habitam
958 860 1058 884 ovem
1070 851 1169 885 vicini
1179 848 1303 885 viderit
1312 874 1324 892 ‚
1351 849 1424 885 mis-

484 896 522 933 so
540 900 683 944 proprio
699 908 817 944 grege,
842 900 876 933 in
896 910 994 935 unam
1011 902 1046 935 δε
1065 899 1202 936 alienam
1220 898 1310 936 illam
1330 902 1424 946 cupi-

482 946 587 983 ditate
598 946 720 983 f’ertur.
747 950 914 995 Atqueita
933 961 1069 996 quoque
1080 949 1122 986 de
1139 948 1247 986 bobus
1259 975 1271 992 ‚
1295 953 1391 997 equis
1411 975 1422 995 ‚

482 1000 586 1044 agris.
613 1000 777 1034 Omnium
787 1001 883 1045 copia
902 1012 1013 1035 rerum
1026 999 1108 1036 aedes
1118 999 1332 1047 coangustat,
1358 1000 1421 1035 sine

484 1045 571 1091 usu,
589 1046 655 1084 sine
665 1046 796 1084 fruEtu.
823 1048 966 1085 Nullum
985 1052 1071 1086 enim
1085 1053 1254 1097 percipere
1274 1050 1424 1091 frustum

486 1096 666 1144 voluptatis
677 1097 808 1146 potest,
834 1098 979 1147 quisquis
999 1099 1205 1140 insatiabilis,
1231 1098 1344 1147 estque
1365 1100 1426 1136 do-

486 1159 559 1185 mus
571 1148 640 1192 ejus
651 1147 763 1184 similis
774 1149 972 1185 conditoriis
982 1149 1045 1184 five
1056 1149 1235 1197 sepulchris
1245 1176 1257 1194 ,
1281 1163 1356 1198 quae
1373 1149 1425 1187 sae-

486 1208 527 1244 pe
548 1196 643 1242 plena
655 1197 727 1232 sunt
738 1210 820 1233 auro
839 1209 937 1244 atque
947 1211 1083 1245 argento
1094 1224 1106 1242 ,
1130 1212 1209 1235 cum
1220 1203 1278 1247 qui
1290 1211 1402 1236 utatur
1413 1226 1425 1245 ,

481 1244 647 1283 existimat
657 1259 773 1284 nemo.
800 1252 1110 1297 Corpusavarinon
1122 1250 1238 1286 alitur:
1261 1254 1367 1289 anima
1378 1254 1425 1286 ni·

480 1295 533 1333 hil
552 1296 721 1344 lucratum
745 1301 820 1345 quia
830 1312 898 1334 non
909 1298 1066 1335 exuberat
1085 1313 1103 1335 e
1119 1301 1252 1337 dextera
1263 1303 1331 1343 eius
1342 1300 1425 1336 elee-

480 1346 621 1396 mosyna
632 1375 640 1384 .
652 1350 738 1393 Quis
746 1359 857 1385 autern
869 1348 988 1388 laboris
997 1353 1030 1388 &
1038 1363 1190 1387 aerumnae
1201 1351 1298 1386 finis?
1323 1354 1423 1390 Dicat

481 1409 600 1434 eorum
619 1397 737 1447 aliquis
755 1412 839 1446 quos
849 1398 906 1436 hic
926 1399 1062 1436 morbus
1082 1404 1263 1448 corripuit.
1290 1401 1421 1437 Multos

478 1448 637 1499 equidem
660 1448 728 1496 ipse
747 1453 851 1491 novi,
877 1453 935 1497 qui
954 1454 1052 1486 etiam
1071 1464 1149 1488 cum
1169 1455 1201 1487 in
1221 1452 1345 1488 morbo
1362 1465 1421 1488 cu-

479 1496 560 1540 bant
580 1524 593 1543 ,
617 1502 791 1545 pecuniam
820 1499 921 1536 salute
947 1501 998 1539 sua
1019 1505 1119 1548 magis
1144 1514 1256 1538 ament
1281 1506 1314 1537 &
1341 1502 1423 1539 aesti-

479 1559 570 1586 ment
589 1572 598 1581 ·
626 1551 719 1586 Nam
737 1547 858 1596 filforte
867 1551 1013 1587 medicus
1033 1552 1219 1589 remedium
1231 1557 1276 1588 eis
1297 1551 1422 1600 parabi-

478 1597 511 1637 le
520 1597 700 1646 praescribit
719 1613 756 1636 ac
767 1603 860 1648 parvi
883 1605 980 1648 pretii
993 1614 1034 1638 ex
1044 1605 1122 1648 apio
1133 1614 1211 1650 puta
1224 1630 1236 1646 ‚
1262 1602 1390 1652 thymo
1408 1628 1421 1646 ‚

478 1648 532 1686 vel
549 1648 694 1693 anetho,
720 1662 794 1699 quae
804 1652 917 1698 paffim
935 1651 1036 1688 obvia
1057 1653 1129 1694 sunt
1148 1657 1182 1688 δι
1203 1667 1308 1701 parvo
1327 1666 1421 1689 corn-

478 1710 658 1747 parantur,
682 1700 748 1737 fine
765 1714 858 1739 mora
877 1701 1018 1739 consilio
1037 1702 1272 1750 obtemperant
1290 1719 1299 1740 :
1324 1703 1347 1739 fi
1366 1717 1419 1739 ve-

476 1762 520 1794 ro
543 1751 863 1790 medicamentorum
898 1752 1060 1797 eiusmodi
1085 1758 1214 1790 mentio
1232 1779 1244 1796 ‚
1278 1767 1352 1801 quae
1378 1766 1420 1795 ex

476 1798 628 1848 pluribus
646 1813 922 1848 componuntur,
949 1803 1097 1840 &velex
1117 1802 1418 1851 pharmacopolio,

479 1848 588 1887 velex
608 1855 822 1897 unguentaria
851 1853 996 1900 petenda
1012 1852 1085 1891 sunt
1105 1879 1114 1895 ,
1141 1857 1284 1893 animam
1307 1858 1420 1902 potius

474 1898 633 1939 exhalent
657 1913 758 1946 quam
785 1915 977 1939 crumenam
1004 1903 1134 1940 solvant
1155 1928 1163 1937 .
1198 1906 1211 1944 (
1237 1906 1332 1949 Quid
1360 1909 1420 1942 mi·

475 1951 573 1984 rum?
596 1949 612 1988 )
627 1961 704 1986 cum
722 1962 832 1987 mente
850 1957 884 1988 &
905 1953 1165 2000 cogitationibus
1191 1959 1314 1992 terreni
1334 1956 1417 1998 sint,

473 1996 679 2045 terrestrium
693 1998 919 2047 possessionem
939 2016 1053 2041 rerum
1076 2008 1176 2042 vitam
1202 2011 1235 2043 &
1265 2006 1417 2054 spiritum

470 2049 601 2088 ducunt
622 2052 742 2087 suos
771 2051 853 2091 tales
879 2053 1010 2101 publica
1037 2056 1290 2105 communisque
1316 2057 1418 2094 felici-

472 2110 521 2138 tas
545 2099 693 2138 molestia
719 2102 822 2141 afficit
845 2117 882 2141 ae
907 2105 1026 2142 dolore
1046 2120 1055 2144 5
1090 2107 1212 2144 damna
1236 2119 1355 2144 contra
1380 2120 1417 2144 ae

469 2150 601 2194 clades,
627 2152 848 2191 delectatione
873 2160 908 2192 δε
933 2157 1054 2202 gaudio
1074 2184 1081 2192 .
1109 2160 1282 2205 Exoptant
1301 2170 1417 2205 graves

470 2202 738 2240 &intolerabiles
764 2206 865 2242 indici
895 2207 1124 2253 pensitationes
1144 2212 1178 2241 &
1197 2208 1321 2244 tributa
1345 2221 1416 2249 quo

471 2252 650 2296 grandiore
675 2265 735 2298 per
761 2267 832 2288 eam
851 2253 1055 2289 occasionem
1082 2253 1217 2286 foenore
1244 2256 1415 2298 pecuniam

469 2299 561 2342 suam
585 2311 779 2347 occupent5
803 2311 966 2347 aventque
993 2300 1107 2336 videre
1133 2299 1269 2336 miseros
1288 2300 1416 2348 aliquos

469 2362 489 2386 a
516 2349 738 2387 sanatoribus
775 2348 944 2396 oppressos
969 2353 1005 2385 δι
1030 2349 1230 2385 ςοηῆτίἂὸς
1249 2375 1260 2391 ,
1297 2361 1335 2385 ut
1360 2363 1415 2384 eo-

469 2412 545 2437 rum
565 2410 682 2446 agros,
708 2397 944 2440 instrumenta,
969 2408 1025 2433 aut
1045 2410 1166 2444 pecora
1193 2398 1246 2433 vel
1266 2400 1414 2443 jumenta

470 2463 576 2500 parvo
602 2462 661 2498 per
687 2449 908 2486 necesfitatem
944 2460 1007 2483 aere
1034 2448 1181 2493 projecta
1205 2450 1379 2494 acquirant
1406 2472 1416 2481 .

470 2505 676 2549 Frequenter
709 2510 823 2536 autem
867 2496 1156 2544 Philosophorum
1194 2496 1295 2533 instar
1328 2501 1414 2534 circa

471 2554 627 2589 Meteora
652 2549 873 2590 versantium,
900 2552 934 2583 in
960 2547 1086 2585 coelum
1112 2547 1292 2595 suspiciunt
1308 2573 1320 2590 ‚
1345 2560 1414 2583 non

470 2613 511 2639 ut
545 2601 653 2637 sideris
689 2599 822 2645 alicujus
856 2610 971 2634 ortum
1006 2610 1062 2634 aut
1098 2598 1235 2646 planetae
1269 2598 1412 2634 domum

471 2651 688 2689 scrutenturs
714 2650 767 2686 sed
791 2661 828 2687 ut
854 2651 935 2684 aeris
959 2647 1238 2685 constitutionem
1264 2648 1412 2684 confide-

474 2713 571 2744 rent,
595 2706 628 2738 &
655 2714 695 2737 an
714 2702 892 2748 aperientia
918 2699 1005 2744 signa
1034 2699 1190 2744 largiores
1209 2697 1331 2734 imbres
1358 2709 1415 2734 aut

474 2753 649 2789 ficcitatem
671 2751 868 2787 denunciet.
896 2749 981 2786 Acsi
1003 2748 1235 2798 prospefflone
1253 2748 1307 2785 sua
1332 2748 1415 2785 mul·

475 2805 516 2838 tis
534 2800 655 2837 malurn
667 2803 840 2837 imminere
857 2799 1168 2841 animadverterint,
1193 2798 1296 2835 aliena
1305 2798 1414 2835 laetan-

475 2862 532 2888 tur
557 2850 746 2887 infelicitate
766 2878 774 2886 .
811 2852 936 2886 Omnia
965 2850 1112 2897 undique
1147 2850 1279 2886 summo
1304 2849 1416 2886 studio

475 2905 511 2938 in
534 2900 657 2937 horrea
676 2900 729 2937 sua
746 2902 973 2948 congerunt&
984 2911 1181 2936 coacervant
1193 2925 1203 2942 ,
1229 2898 1415 2947 obsignant-

476 2964 543 3000 que
553 2951 676 2998 singula
686 2977 697 2994 ,
708 2963 744 2987 ac
754 2951 880 2998 duplici
890 2954 1121 2987 communiunt
1132 2950 1198 2986 sera
1208 2975 1217 2991 ‚
1244 2950 1417 2986 dimetien-

477 3013 529 3037 tes
541 3001 606 3037 fine
625 3001 976 3048 fine&supputantes.
1005 3005 1095 3037 Inter
1115 2999 1186 3037 haec
1204 3004 1238 3036 δι
1258 3001 1339 3039 dum
1359 2999 1416 3036 ista

478 3051 534 3099 spe
558 3050 732 3093 titillatur,
760 3056 794 3088 &
819 3051 907 3100 quafi
937 3064 996 3099 per
1021 3050 1188 3087 somnium
1214 3049 1364 3087 inanibus
1381 3054 1415 3086 &

476 3104 679 3148 imaginariis
698 3101 820 3149 opibus
837 3114 950 3138 avarus
958 3101 1106 3144 ditatur,
1130 3101 1153 3136 fi
1173 3100 1275 3136 nubes
1284 3111 1340 3136 aut
1360 3113 1416 3135 ne-

476 3151 553 3188 bula
565 3149 661 3187 crass'a
681 3152 890 3199 supervenit,
915 3163 950 3188 ea
969 3162 1112 3188 terretur
1129 3163 1165 3186 ac
1185 3150 1208 3186 fi
1227 3150 1416 3197 periculum

478 3205 591 3247 ingens
619 3201 676 3248 ipfi
702 3204 872 3237 immineat
891 3225 900 3233 .
935 3201 1040 3245 Quod
1068 3200 1090 3237 fi
1117 3200 1280 3239 minutula
1306 3200 1416 3247 pluvia

479 3262 600 3288 terram
618 3251 759 3299 aspergit
778 3275 789 3293 ,
817 3250 1055 3297 sublacrymari
1075 3253 1191 3297 incipit
1208 3265 1218 3287 τ
1251 3249 1274 3286 fi
1302 3263 1416 3297 magna

478 3314 572 3348 aquae
592 3305 684 3338 vis&
694 3301 825 3338 ficcitati
837 3299 990 3337 tollendae
1008 3313 1065 3348 par
1076 3303 1223 3347 ingruit,
1249 3312 1416 3337 extremus

480 3364 556 3387 eum
581 3351 687 3388 Ιεᾶιις
711 3362 853 3399 occupat
874 3377 884 3391 ,
911 3352 1042 3398 jamque
1070 3363 1139 3387 non
1164 3354 1272 3387 minus
1297 3350 1415 3387 sollici·

480 3411 534 3443 te,
559 3414 660 3448 quam
686 3401 709 3438 fi
727 3402 815 3438 filius
833 3399 1036 3449 periclitetur
1057 3425 1067 3442 ,
1094 3402 1279 3437 remedium
1306 3402 1417 3449 paffim

480 3454 621 3499 quaerit,
647 3452 855 3499 modumque
877 3455 912 3488 &
939 3453 1100 3488 rationem
1113 3451 1276 3487 frumenta
1301 3464 1319 3487 a
1343 3451 1418 3487 tabe

480 3501 704 3538 &vermibus
723 3502 899 3538 diutiffime
915 3500 1082 3538 servandi.
1109 3504 1161 3537 Ac
1180 3501 1204 3537 fi
1222 3503 1287 3547 jam
1306 3500 1416 3538 aestua·

481 3563 518 3587 re
535 3552 766 3588 animadvertit
786 3551 939 3588 &calore
955 3554 1104 3599 corripi,
1130 3564 1193 3599 pro
1210 3551 1415 3587 medicorum

482 3599 633 3637 instituto
651 3601 840 3648 refrigerare
856 3601 964 3638 studet
985 3626 996 3644 ,
1021 3614 1124 3649 eaque
1143 3613 1214 3638 tum
1232 3605 1358 3638 excutit
1381 3605 1416 3637 &

484 3651 663 3695 expandit,
684 3663 756 3688 tum
766 3652 934 3700 separatae
945 3652 1074 3699 perflari
1087 3652 1179 3688 finit.
1205 3650 1416 3688 Sed&miser

485 3697 629 3741 allidet,
653 3712 873 3749 tegumenque
892 3705 926 3738 δε
945 3713 1091 3738 tutamen
1102 3702 1264 3738 ameridie
1283 3704 1415 3748 excogi-

485 3756 553 3788 tat,
578 3751 768 3793 quodcirca
777 3754 912 3788 noctem
923 3752 1032 3788 rursus
1041 3764 1190 3794 amovet,
1211 3762 1343 3790 utaurae
1352 3763 1414 3787 no·

485 3797 758 3846 &umaeaspitare
766 3799 899 3837 liberius
909 3813 1029 3848 queant
1040 3829 1049 3839 .
1074 3806 1113 3840 In
1122 3800 1175 3840 his
1193 3800 1361 3840 laboribus
1379 3813 1416 3839 ae

859 205 1170 262 SANCTt
1225 203 1588 263 ASTERII
1651 201 2037 261 HoMiLiA

1487 297 1654 335 molestis?
1679 297 1701 333 fi
1723 309 1845 344 pauper
1862 309 1936 335 eum
1953 296 2043 340 adit,
2067 309 2105 334 ac
2125 296 2335 344 periclitantis
2358 295 2417 333 ali-

1485 349 1569 395 quid
1588 348 1746 384 frumenti
1765 357 1879 393 rogat,
1905 350 2005 384 nimia
2022 348 2091 391 eius
2109 350 2241 385 caritate
2259 357 2313 385 aut
2332 344 2414 386 nihii

1484 399 1597 440 dabit,
1621 409 1676 435 aut
1687 401 1824 444 parce&
1837 397 2042 435 semianimus
2052 396 2160 435 dabit.
2187 399 2418 443 Ergoverete

1484 448 1651 484 exhortor
1670 451 1727 495 qui
1751 448 1806 483 tali
1829 447 1983 493 praeditus
2001 460 2035 485 es
2054 451 2186 493 ingenio
2204 471 2217 489 ‚
2242 457 2416 493 naperpa-

1485 511 1546 535 tuo
1564 498 1606 534 sic
1635 497 1781 534 laborare
1798 501 1832 533 Sc
1851 495 2037 536 distruciari
2060 497 2140 535 velis
2160 523 2170 534 .
2205 496 2418 537 Miseratioflv

1485 553 1573 585 enim
1593 548 1711 595 dignus
1728 547 1867 595 quilibet
1890 560 2003 585 avarus
2021 563 2030 584 ε
2056 550 2157 585 etiam
2183 546 2239 585 ille
2258 545 2416 594 quideli-

1484 602 1548 635 cias
1574 610 1641 633 non
1667 597 1827 636 abhorret
1844 622 1856 638 ,
1880 601 1938 644 qui
1966 597 2094 634 beatam
2119 602 2223 636 vitam.
2245 596 2418 643 voluptate

1487 651 1610 685 ventris
1633 647 1770 696 aliisque
1795 647 1909 684 definit
1928 672 1940 690 ,
1966 660 2109 695 eumque
2142 648 2245 686 finem
2260 645 2416 686 vhominii*

1487 702 1691 746 praecipuum
1719 708 1812 746 putat
1833 721 1841 731 ·
1867 697 1984 735 Multo
2003 701 2103 744 magis
2120 702 2153 735 δι
2173 700 2328 737 ninnium
2344 699 2418 742 qui·

1485 750 1563 786 dem
1583 747 1815 790 miserrimus,
1838 750 1896 794 qui
1915 746 2079 786 illiberalis
2104 760 2203 795 atque
2229 746 2379 789 sordidus
2404 770 2417 788 s

1484 802 1543 846 qui
1567 811 1644 835 cum
1666 798 1757 835 suum
1769 797 1939 834 defraudat
1956 804 2113 844 genium3
2137 809 2301 836 tumunus
2319 808 2419 836 eccu-

1487 860 1541 898 pat
1568 862 1626 898 per
1642 861 1714 896 quae
1737 847 1885 895 pluribus
1902 847 1985 884 bene
2003 847 2210 897 pulchreque
2228 847 2330 888 fixerit
2351 846 2419 883 stne

1483 899 1555 936 ullo
1581 911 1647 935 tam
1656 900 1776 937 exacte
1801 900 2034 946 continueque
2057 898 2235 945 diligentiae
2244 897 2355 937 fructu
2367 894 2421 931 vel

1483 951 1568 987 fine.
1595 952 1681 995 Quis
1697 952 1786 985 enim
1807 952 1954 995 ignorat,
1981 960 2121 996 propter
2141 948 2302 996 seipsum,
2322 958 2419 985 exce-

1484 1004 1548 1049 ptis
1574 999 1749 1038 virtutibus
1768 1024 1780 1042 ,
1803 997 1888 1035 nihil
1909 998 1979 1035 fieri
2000 1012 2010 1036 5
2036 998 2087 1035 sed
2114 1011 2152 1036 ut
2176 999 2267 1037 aliud,
2290 1009 2333 1037 ex
2355 996 2421 1036 alio

1486 1051 1642 1099 procedat
1659 1057 1696 1086 ‘ac
1722 1050 1902 1097 stquatur?
1927 1052 2044 1086 Nemo
2067 1060 2156 1086 certe
2172 1048 2348 1097 quisquam
2373 1046 2421 1085 so-

1487 1102 1548 1138 lius
1567 1100 1658 1137 causa
1685 1102 1901 1147 navigationis
1929 1102 2009 1137 mari
2028 1097 2060 1135 {e
2082 1102 2292 1137 committit:
2320 1109 2421 1137 nemo

1486 1163 1628 1200 propter
1651 1151 1750 1199 ipsam
1785 1149 2056 1197 agricolationem
2091 1153 2125 1186 in
2152 1149 2265 1186 labore
2291 1158 2421 1189 oetatem

1484 1205 1578 1248 agit:
1607 1201 1661 1237 sed
1673 1200 1801 1250 liquido
1811 1199 1959 1243 constat,
1982 1199 2077 1247 quod
2087 1211 2341 1246 eertoatterque
2351 1196 2422 1237 sco-

1486 1265 1533 1300 po
1542 1250 1705 1288 molestias
1724 1250 1793 1288 istas
1805 1250 1914 1287 subeat
1932 1265 1941 1284 ε
1968 1249 2050 1286 alter
2069 1252 2225 1287 nimirum
2244 1253 2293 1286 uti
2311 1248 2438 1294 fruge?

1485 1301 1689 1349 uberemque
1707 1300 1838 1337 meilem
1864 1300 2019 1346 colligats
2044 1299 2127 1336 alter
2146 1311 2184 1336 ut
2203 1297 2422 1340 transmarinae

1485 1354 1719 1399 negotiationis
1737 1351 1866 1388 divitias
1884 1350 2019 1387 referat.
2045 1352 2103 1388 Tu
2114 1350 2280 1392 modic,
2295 1348 2423 1390 sodes,

1484 1402 1646 1451 quidnam
1665 1401 1815 1449 spectes,
1839 1405 1941 1442 &cur
1960 1414 2000 1437 nc
2011 1404 2125 1437 omnia
2144 1401 2424 1449 undiquecorm·

1483 1452 1559 1499 das,
1585 1451 1730 1500 opesque
1748 1450 1915 1488 exstruere
1933 1451 2064 1487 inutiles
2085 1450 2211 1487 studeas
2228 1453 2241 1487 ἓ
2265 1448 2422 1490 ΒεῙςᾶκ

1484 1517 1537 1541 me
1549 1504 1680 1548 ,dices,
1706 1502 1871 1550 aspectus.
1897 1504 2003 1549 Atqui
2016 1506 2143 1538 ratione
2153 1500 2212 1538 alia
2221 1499 2345 1540 morbo
2361 1509 2425 1539 tuo

1484 1553 1649 1600 indulge:
1684 1566 1761 1592 nam
1788 1552 1898 1588 alienis
1923 1551 2021 1588 etiam
2051 1551 2147 1588 bonis
2166 1551 2276 1589 sedare
2299 1548 2424 1588 defida-

1484 1609 1571 1641 rium
1581 1603 1649 1640 hoc
1660 1615 1771 1651 potes.
1797 1606 1828 1639 Si
1841 1613 1875 1638 te
1893 1606 2024 1649 capit&
2036 1600 2197 1639 exhilarat
2213 1603 2340 1648 argenti
2358 1598 2423 1639 ful-

1480 1667 1567 1703 gor,
1593 1658 1626 1690 in
1647 1653 1789 1690 officinis
1809 1652 1980 1692 fabrorum
1989 1656 2252 1698 argentariorum
2271 1649 2422 1690 affidenti

1479 1705 1706 1742 coruscantem
1722 1706 1851 1750 argenti
1870 1701 1981 1740 lucem
2000 1703 2221 1750 contemplari
2240 1701 2423 1741 ucetiam

1478 1760 1565 1792 circa
1576 1755 1732 1792 ibrum&
1745 1754 1818 1792 loca
1829 1765 1939 1789 rerum
1948 1752 2114 1789 venalium
2125 1778 2137 1796 ,
2162 1751 2220 1790 ubi
2228 1751 2310 1790 disci
2320 1775 2332 1794 ,
2356 1749 2423 1789 lan-

1479 1820 1554 1848 ces,
1578 1805 1881 1854 aquales‚&omne
1890 1803 2147 1850 genusexpofita
2156 1802 2247 1844 vata,
2271 1805 2422 1841 animum

1480 1856 1650 1893 oblectare
1661 1881 1670 1890 .
1697 1855 1854 1892 Liberum
1865 1852 1932 1890 hoc
1943 1857 1977 1889 δι
1988 1856 2167 1900 gratuitum
2179 1850 2421 1900 spectaculum-

1482 1910 1676 1952 Quinetiam
1688 1906 1706 1941 s
1703 1907 1832 1954 pectare
1843 1917 1900 1940 eos
1912 1916 2005 1952 potes
2014 1929 2024 1946 ,
2050 1907 2109 1950 qui
2118 1914 2291 1950 argentum
2300 1904 2423 1940 exmi-

1480 1969 1582 2000 nant,
1609 1969 1647 1993 ac
1658 1959 1833 2004 pecuniam
1852 1958 1884 1991 in
1897 1953 2014 1991 menfis
2032 1965 2196 2002 perpetuo
2214 1952 2424 1991 contreetant

1478 2020 1578 2056 atque
1603 2008 1816 2044 dinumerant
1833 2033 1842 2042 .
1868 2009 1986 2042 Immo
2005 2017 2088 2041 vero
2106 2005 2204 2041 reikis
2230 2007 2342 2051 potius
2365 1999 2426 2039 ob-

1477 2070 1665 2107 temperans
1674 2060 1812 2094 monitis
1833 2068 1973 2104 pravum
1989 2053 2082 2091 hunc
2106 2057 2425 2103 appetitumexeuuv

1477 2114 1698 2158 animumque
1733 2105 1875 2145 mutabis
1900 2132 1908 2142 .
1943 2105 2057 2143 Facilis
2089 2110 2182 2142 enim
2215 2104 2423 2142 cerream,

1477 2173 1558 2201 cum
1585 2162 1717 2196 avaritia
1743 2170 1826 2192 non·
1846 2153 2064 2188 smnatumiis
2088 2153 2195 2196 aliqua
2220 2153 2386 2190 necemus
2406 2161 2422 2189 t

1475 2210 1532 2245 sed
1557 2212 1701 2250 impetus
1726 2208 1762 2238 &
1787 2199 1973 2234 voluntaria
1999 2199 2152 2246 qnaedam
2178 2199 2331 2242 affeffim
2356 2199 2421 2238 dif-

1475 2252 1565 2288 ficile
1603 2263 1674 2286 non
1707 2249 1844 2285 difficile
1878 2249 2047 2294 deponere
2080 2252 2118 2283 iis
2144 2253 2200 2294 qni
2229 2249 2421 2286 consultum

1476 2301 1533 2341 sibi
1546 2300 1667 2336 volunt
1679 2322 1687 2331 .
1713 2301 1815 2333 Mitte
1833 2300 2072 2340 cogitationem
2083 2299 2115 2330 in
2127 2296 2279 2336 futurum
2289 2310 2421 2342 aevum.

1474 2351 1612 2397 quando
1638 2361 1705 2383 non
1731 2350 1795 2383 eris
1815 2371 1827 2388 ,
1862 2345 1999 2392 quando
2025 2345 2271 2394 pauxilla.,terra
2297 2361 2421 2396 corpus

1475 2409 1572 2435 tuum
1597 2398 1831 2445 exporrefitum
1850 2395 2023 2442 omnisque
2049 2395 2163 2432 sensus
2180 2409 2297 2444 expers
2320 2397 2423 2439 haba

1477 2448 1546 2490 bit,
1572 2451 1606 2484 &
1626 2460 1810 2492 paucorum
1822 2445 1931 2482 tabula
1959 2446 2149 2493 palmorum
2170 2447 2327 2496 reliquias·
2342 2461 2421 2488 tuas

1477 2509 1589 2545 teget.
1614 2497 1684 2535 Ubi
1697 2509 1771 2534 tum
1783 2509 1888 2543 opes,
1911 2495 1968 2533 ubi
1977 2507 2076 2532 tanto
2086 2497 2223 2534 eolleeta
2243 2498 2356 2536 studio
2374 2503 2422 2538 ni-

1474 2548 1576 2585 melia
1595 2552 1614 2580 ?
1640 2551 1726 2593 Quis
1745 2546 1918 2584 bonorum
1936 2545 1994 2582 abs
2015 2559 2049 2586 te
2068 2547 2261 2586 relfflorum
2285 2548 2421 2590 haeres?

1476 2603 1552 2637 Nec
1562 2601 1649 2635 enim
1662 2602 1689 2634 is
1698 2602 1862 2639 omnino,
1886 2608 2036 2644 quemtu
2046 2596 2106 2633 tibi
2126 2597 2285 2641 destinas,
2312 2611 2421 2639 certus

1475 2653 1537 2689 erit
1556 2646 1715 2686 succeffor
1735 2675 1743 2685 .
1770 2651 1801 2684 Si
1820 2646 1915 2685 liberi
1936 2646 1997 2683 tibi
2026 2647 2212 2695 superstites
2232 2675 2244 2692 ,
2271 2650 2360 2687 sorte
2378 2650 2420 2689 ab

1472 2713 1574 2738 avaro
1592 2703 1708 2746 tuique
1734 2697 1828 2734 simili
1854 2697 2162 2735 circumscribentur
2179 2725 2192 2742 ‚
2217 2701 2332 2746 injuria
2351 2700 2421 2742 affi-

1473 2754 1627 2792 cientur,
1651 2763 1689 2786 ac
1710 2749 1824 2786 flentes
1845 2751 1955 2796 patriis
1973 2761 2015 2785 ex
2039 2748 2162 2785 aedibus
2181 2750 2392 2797 expellentur
2409 2779 2419 2790 .

1477 2801 1584 2848 Qtod
1620 2799 1642 2836 fi
1670 2798 1855 2836 liberorum
1882 2810 1999 2848 expers
2016 2825 2026 2840 ‚
2059 2802 2246 2836 amicorum
2272 2801 2419 2849 aliquem

1476 2849 1644 2887 haeredem
1671 2849 1811 2887 instituis
1830 2875 1842 2893 ‚
1867 2861 1935 2885 non
1956 2847 2002 2885 est
2020 2861 2080 2884 cur
2090 2849 2274 2886 testamenti
2300 2851 2419 2888 tabulis

1474 2913 1678 2949 magnopere
1697 2900 1845 2938 confidas
1862 2925 1873 2941 ,
1907 2910 2062 2946 tanquam
2088 2912 2186 2937 certae
2212 2905 2247 2937 δι
2266 2901 2418 2939 definita.-

1475 2952 1539 2999 legi
1560 2977 1572 2994 ,
1597 2962 1751 2998 tanquam
1778 2953 1823 2986 rei
1852 2952 1986 2986 minime
2010 2951 2232 2987 controversae
2250 2975 2262 2993 ,
2295 2954 2417 2999 cuique

1475 3001 1657 3038 contradici
1679 3000 1775 3036 nullo
1793 2999 1898 3036 modo
1916 3000 2014 3047 poffit
2027 3027 2035 3036 .
2060 3004 2161 3036 Parva
2182 2999 2416 3049 resistriptum

1476 3055 1609 3089 irritum
1633 3050 1727 3086 facit.
1755 3053 1878 3088 Nonne
1895 3050 1985 3087 vides
2006 3061 2044 3087 ut
2060 3050 2148 3096 apud
2169 3049 2346 3089 tribunalia
2365 3051 2418 3089 sn-

1477 3115 1536 3150 per
1546 3100 1741 3137 testamentis
1758 3101 1880 3141 affidue
1891 3099 2062 3146 litigetur?
2085 3111 2214 3146 quotea
2224 3102 2332 3138 modis
2345 3127 2354 3143 ‚
2380 3104 2416 3138 δε

1477 3151 1597 3200 quibus
1616 3151 1740 3188 artibus
1760 3164 1820 3199 per
1830 3150 2050 3198 jurisperitos,
2076 3151 2277 3193 advocatos,
2302 3162 2413 3188 orato-

1476 3215 1526 3239 res
1538 3228 1547 3243 ,
1556 3214 1592 3237 ac
1602 3200 1711 3245 falsos,
1719 3205 1778 3248 qui
1787 3201 1828 3238 ad
1838 3199 2046 3237 laocaluntur
2055 3226 2067 3243 ‚
2077 3199 2184 3243 testes,
2194 3214 2318 3248 perque
2328 3202 2413 3247 judi·

1475 3256 1606 3289 ciorum
1626 3252 1877 3288 nundinationes
1895 3252 2153 3297 oppugnentur?
2178 3253 2231 3289 Ex
2247 3250 2302 3287 his
2320 3263 2413 3288 certe

1475 3314 1552 3351 quae
1569 3305 1651 3338 vivo
1670 3313 1702 3338 te
1720 3305 1756 3338 &
1772 3301 1907 3338 vidente
1927 3299 2034 3341 fiunt,
2059 3302 2282 3345 conjecturam
2305 3300 2413 3340 facere

1475 3352 1571 3389 debes
1589 3352 1630 3388 de
1639 3350 1692 3388 his
1709 3365 1784 3400 quae
1802 3348 1875 3398 post
1894 3361 1928 3385 te
1947 3349 2074 3386 sutura.
2102 3353 2131 3386 Si
2144 3349 2203 3386 tibi
2218 3351 2346 3388 divitiae
2356 3351 2412 3391 be·

1478 3415 1517 3438 ne
1535 3406 1568 3437 &
1589 3405 1784 3438 innocenter
1803 3411 1926 3448 parve,
1951 3400 2107 3448 exemplo
2127 3400 2210 3437 beati
2233 3400 2333 3445 Jobi,
2356 3401 2411 3439 be-

1475 3465 1517 3488 ne
1536 3455 1582 3487 eis
1601 3463 1714 3490 uteret
1738 3451 1760 3486 fi
1782 3450 1866 3487 male
1886 3453 1920 3486 δι
1941 3463 1999 3498 per
2019 3451 2106 3486 nefas
2121 3450 2262 3498 quaefltae
2282 3477 2293 3495 ‚
2319 3452 2410 3489 solve

1476 3502 1563 3550 quafi
1583 3506 1748 3549 captivas,
1775 3501 1905 3549 suisque
1922 3501 2092 3543 dominis,
2116 3500 2236 3549 quibus
2247 3514 2306 3548 per
2327 3504 2412 3546 inju-

1473 3556 1556 3588 riam
1575 3551 1707 3593 abiam,
1733 3550 1958 3598 velqualesad
1971 3561 2003 3586 te
2022 3563 2221 3597 pervenere,
2246 3551 2298 3587 vd
2307 3555 2410 3588 ctiam

1473 3615 1552 3638 cum
1573 3603 1718 3638 aunario
1736 3625 1748 3643 ‚
1774 3601 1866 3637 velut
1885 3599 2063 3638 Zacchaeus
2082 3627 2092 3643 ,
2118 3614 2260 3648 nepone.
2286 3604 2318 3638 Si
2338 3602 2413 3638 nul·

1474 3651 1520 3687 las
1539 3650 1641 3688 habes
1657 3676 1673 3694 ‚
1696 3650 1767 3687 noli
1789 3664 1848 3697 per
1867 3651 1967 3687 malas
1984 3662 2069 3686 artes
2087 3654 2256 3699 acquirere
2275 3677 2284 3688 .
2311 3651 2410 3687 Alio·

1473 3705 1555 3750 quin
1566 3704 1655 3738 enim
1665 3701 1841 3741 abeuntem
1853 3726 1862 3741 ,
1888 3714 1924 3737 ac
1935 3699 2144 3738 neceffarium
2165 3700 2409 3748 ingredientem

1475 3755 1538 3788 iter
1555 3776 1568 3794 ,
1603 3750 1691 3788 triste
1710 3755 1835 3799 peccati
1854 3754 2012 3788 viaticum
2032 3751 2245 3799 persequetur
2262 3765 2274 3786 .-
2301 3751 2409 3788 boniss

1475 3814 1541 3850 que
1551 3799 1651 3841 abste
1669 3801 1790 3839 reliffis
1808 3801 1904 3839 alieni
1924 3804 2096 3849 ignotique
2116 3802 2286 3838 fruentur.
2313 3802 2406 3838 Tum

2288 3853 2356 3887 Da-
