2684 4140
342 341 497 373 Monasse-
524 320 609 358 libet
620 315 706 357 nunc
717 318 1074 359 bonitatecernantur?
1088 320 1175 354 'Fuit
1190 314 1329 361 quidam
1347 316 1381 349 in
1393 326 1463 350 »no-

324 363 420 413 ‘rium
441 385 500 413 Au·
524 371 594 409 stro
619 369 842 413 monasterio,
868 374 925 418 qui
945 364 1203 415 corripientibus
1222 363 1378 401 fratribus
1403 377 1462 402 cur

342 423 450 465 gustini
460 447 470 458 .
523 422 675 471 quaedam
687 433 755 456 non
768 421 915 456 facienda
928 419 1047 453 faceret
1056 441 1068 457 ‚
1093 419 1127 451 &
1138 414 1286 452 facienda
1297 428 1365 451 non
1376 414 1462 450 fice—

521 485 596 517 ret,
623 470 859 519 respondebam
888 466 1148 513 Qualiscumque
1168 478 1261 502 nunc-
1283 465 1364 509 fim,
1390 465 1462 501 talis

522 535 581 560 eto
597 520 731 568 qualem
750 533 805 556 me
825 522 918 554 Deus
935 516 1085 552 futurum
1107 514 1166 552 effe
1184 515 1362 564 praescivit.
1389 518 1462 560 Qui

519 572 678 622 profecto
689 574 722 605 &
734 580 849 604 verum
859 565 989 602 dicebat
999 591 1012 609 ,
1038 569 1071 602 δι
1081 564 1151 603 hoc
1166 580 1250 603 vero
1268 580 1336 603 non
1360 566 1462 613 profi—

520 621 627 661 ciebat
637 623 669 655 in
681 618 824 655 bonum:
853 617 905 653 sed
919 616 1019 664 usque
1028 617 1112 654 adeo
1124 617 1267 665 profecit
1278 620 1311 653 in
1324 617 1462 660 malum,

519 683 557 707 ut
566 671 691 706 deserta
701 667 890 705 monasterii
901 667 1053 703 societate
1064 695 1077 712 ,
1102 668 1196 704 fieret
1205 671 1294 704 canis
1313 665 1460 703 reversus

518 722 559 758 ad
570 721 591 756 s
585 733 663 756 uum
674 723 842 755 vomitum
854 733 862 754 2
873 720 907 753 &
917 729 1024 754 tamen
1035 715 1145 754 adhuc
1154 717 1258 765 qualis
1268 718 1306 754 fit
1316 717 1461 761 futurus,

518 776 684 807 incertum
710 769 773 805 est.
800 769 978 816 Numquid
999 779 1080 815 ergo
1108 779 1247 815 propter
1266 766 1458 811 hujusmodi

515 825 658 861 animas,
686 832 721 854 ea
731 831 806 866 quai
816 820 857 856 de
874 818 1073 867 praescientia
1090 821 1157 856 Dei
1180 831 1255 855 vera
1276 818 1459 861 dicuntur,

514 869 569 906 vel
581 868 727 916 neganda
738 869 813 907 sunt
834 870 886 906 vel
897 869 1056 908 tacend23
1080 880 1162 906 tunc
1181 868 1302 907 scilieet
1321 868 1459 918 quando

514 920 537 957 fi
546 933 617 970 non
629 920 783 959 dicantur
793 947 806 966 ,
833 924 867 957 in
879 921 960 958 alios
973 923 1040 959 itur
1050 932 1179 956 errores
1191 929 1205 957 3-

701 1039 1260 1089 CAPUT'XVI.

517 1191 548 1216 τι.
565 1180 692 1267 SUnt
710 1181 809 1214 etiam
830 1178 888 1224 qui
910 1186 1086 1224 propterea
1105 1175 1160 1214 vel
1179 1187 1247 1212 non
1258 1185 1376 1218 orant,
1401 1173 1456 1225 vel

646 1228 765 1276 frigide
785 1237 903 1269 orant,
929 1230 1087 1272 quoniam
1099 1229 1255 1263 Domino
1266 1226 1398 1263 dicente
1407 1225 1456 1263 di-

335 1260 490 1293 Man'6'8'
509 1281 668 1317 dIcerunt
680 1305 688 1320 ,
709 1278 787 1314 scire
798 1280 911 1314 Deum
922 1276 1003 1324 quid
1015 1275 1112 1312 nobis
1122 1274 1328 1313 necessarium
1340 1275 1378 1323 fit
1390 1279 1456 1325 pri·

515 1342 665 1378 usquam
685 1338 833 1375 petamus
843 1326 883 1361 ab
903 1339 963 1361 eo.
985 1329 1078 1362 Num
1097 1337 1239 1372 propter
1259 1326 1336 1364 tales
1355 1325 1456 1374 hujus

515 1381 683 1417 sententiae
704 1379 822 1413 veritas
842 1374 1039 1418 deserenda,
1066 1385 1122 1411 aut
1142 1386 1183 1410 ex
1198 1374 1381 1422 Evangelio
1399 1378 1457 1414 de-

516 1431 608 1467 lenda
630 1427 827 1478 putabitur?
852 1429 967 1462 Immo
993 1437 1070 1461 cum
1091 1422 1220 1461 constet
1238 1424 1299 1459 alia
1319 1427 1457 1468 Deum,

516 1482 622 1519 danda
633 1483 730 1516 etiam
740 1491 806 1513 non
818 1474 1011 1518 orantibus,
1031 1474 1111 1511 ficut
1124 1477 1257 1511 initium
1267 1473 1345 1511 fidei
1360 1484 1373 1515 3
1397 1473 1458 1511 alia

516 1546 583 1569 non
606 1531 659 1566 nisi
671 1527 841 1565 orantibus
861 1524 1066 1575 praeparasse,
1091 1525 1175 1563 ficut
1185 1524 1333 1571 usquein
1355 1524 1458 1562 finem

517 1583 788 1630 perseverantiam
809 1596 815 1613 ι
839 1578 996 1627 proficio
1015 1581 1127 1625 quiex
1138 1575 1242 1625 seipso
1265 1573 1349 1611 hanc
1358 1574 1390 1611 se
1400 1574 1457 1612 ha-

515 1634 593 1670 bei-c
606 1642 701 1681 putat
714 1656 725 1674 ,
753 1642 820 1665 non
833 1641 903 1665 orat
915 1640 947 1663 ut
962 1626 1080 1664 habiat
1092 1657 1099 1664 .
1127 1626 1328 1665 cavendum
1340 1625 1387 1663 est
1397 1628 1459 1673 igi·

515 1694 592 1726 tur,
620 1696 660 1719 ne
671 1681 918 1718 dumtimemus
930 1679 1123 1727 netepescat
1145 1678 1298 1715 hortatio
1307 1703 1320 1723 ,
1349 1680 1457 1713 extin-

515 1740 634 1783 guatur
652 1735 783 1774 oratio‚
810 1730 1005 1767 accendatur
1025 1730 1144 1766 elatio.

382 1787 497 1817 veum
571 1797 600 1820 2,
623 1787 758 1821 Dicatur
770 1792 1002 1828 ergovcrum,
1028 1785 1172 1818 maxime
1184 1779 1240 1818 ubi
1250 1779 1456 1829 aliquaquae-

331 1828 498 1867 <12³¹‘00⁴¹³·
517 1835 580 1872 flio
601 1847 636 1871 ut
657 1835 784 1870 dicatur
805 1831 947 1880 impellit
969 1846 976 1868 :
1003 1835 1037 1868 δι
1067 1835 1197 1880 capiant
1214 1835 1272 1880 qui
1304 1831 1459 1882 possunt,-

334 1883 457 1936 (ζ,
490 1889 498 1899 ”
518 1900 559 1921 ne
572 1886 657 1921 sorte
668 1897 744 1920 cum
755 1895 882 1919 tacetur
896 1896 1031 1930 propter
1042 1886 1167 1931 eosqui
1178 1896 1292 1930 capere
1305 1896 1372 1919 non
1388 1882 1461 1931 pos-

338 1922 399 1979 ἵζω-ί
408 1930 499 1979 {dh-ff,
521 1937 591 1973 sunt
603 1963 613 1978 ,
642 1948 707 1970 non
725 1934 829 1970 solum
843 1945 977 1970 veritate
990 1933 1205 1977 fraudentur,
1234 1938 1459 1971 verumetiam

518 1988 652 2023 falsitate
663 1989 854 2031 capiantur,
881 1990 937 2031 qui
960 1998 1077 2022 verum
1088 1998 1206 2032 capere
1225 1998 1297 2033 quo
1306 1997 1460 2022 caveatur

517 2038 633 2074 salinas
647 2035 776 2084 possunt
787 2063 794 2071 .
823 2034 928 2070 Facile
940 2033 985 2070 est
995 2049 1084 2072 enim
1095 2062 1107 2078 ,
1127 2039 1234 2072 immo
1245 2036 1372 2073 &utile
1384 2063 1394 2077 ‚
1421 2047 1460 2073 ut

517 2100 663 2124 taceatur
682 2086 816 2133 aliquod
838 2098 954 2122 verum
977 2099 1115 2134 propter
1136 2091 1304 2135 incapaces
1323 2111 1331 2120 .
1368 2090 1457 2124 Nam

326 2151 415 2188 Joan,
451 2152 497 2179 16.
518 2140 607 2175 unde
627 2137 673 2173 est
691 2137 772 2172 illud
794 2139 959 2180 Domini,
981 2135 1101 2170 Adhuc
1117 2140 1220 2170 multa
1239 2135 1339 2170 habeo
1360 2137 1457 2171 vobis

338 2199 392 2221 12„
517 2189 646 2229 elicere,
672 2188 728 2230 [ed
747 2197 804 2218 mm
812 2190 938 2230 potestas
958 2185 1019 2220 nlla
1027 2196 1160 2231 portare
1179 2188 1270 2220 modo
1282 2201 1293 2221 :
1321 2193 1354 2225 &
1372 2187 1456 2225 illud

339 2231 495 2267 1.C91-3·1·
516 2237 677 2285 Apostoli
691 2263 702 2280 ‚
726 2237 799 2268 Non
809 2234 902 2279 potui
918 2236 1013 2267 vobis
1026 2235 1114 2279 loqui
1124 2234 1213 2280 quast
1226 2236 1457 2280 spiritalibus,

511 2290 575 2334 jez!
587 2287 673 2332 quast
685 2284 871 2322 carnalibus
890 2299 902 2317 .·
923 2282 1013 2330 quasi
1019 2284 1176 2330 parvulis
1188 2284 1222 2316 In
1234 2284 1363 2326 Christo
1375 2312 1385 2328 ,
1405 2286 1458 2319 lac

522 2338 616 2372 vobis
634 2347 743 2384 potum
754 2332 832 2369 dodi
846 2362 855 2376 ,
882 2336 941 2367 nan
961 2333 1083 2380 eseam3
1111 2336 1250 2368 nondum
1270 2334 1353 2370 enim
1367 2344 1458 2382 pote-

358 2389 441 2420 Idem
467 2388 498 2419 8<
523 2398 626 2430 ratis,
641 2386 703 2431 sed
714 2398 768 2431 nec
778 2385 890 2418 adhuc
900 2385 1032 2431 quidem
1038 2385 1192 2432 potestis?
1214 2390 1377 2433 Qiamvis
1388 2400 1458 2423 mo⁴

339 2430 500 2476 laqparvu-
520 2440 569 2475 do
579 2437 724 2486 quodam
733 2436 864 2473 dicendi
878 2436 947 2471 fieri
960 2437 1081 2483 poss'it,
1108 2448 1146 2473 ut
1158 2437 1190 2474 id
1210 2438 1302 2484 quod
1313 2438 1458 2481 dicitur,

338 2470 499 2541 hianbdihus
521 2494 556 2526 δι
579 2487 721 2536 parvulis
749 2487 817 2527 lac,
842 2489 876 2521 δι
897 2484 1075 2531 grandibus
1093 2486 1163 2522 esca
1179 2487 1219 2523 fit
1238 2511 1247 2521 .
1283 2491 1395 2531 Sicut,
1421 2488 1458 2520 In

338 2523 403 2581 {sca
427 2549 479 2579 effe
520 2539 680 2585 prmcrpto
701 2546 771 2569 erat
792 2535 952 2577 Verbum,
973 2534 1015 2566 Θ·
1031 2534 1167 2567 Verbum
1188 2544 1259 2567 erat
1276 2537 1369 2580 apud
1390 2537 1460 2569 De·

343 2589 452 2630 potest.
524 2601 574 2623 um
587 2616 596 2630 ‚
623 2587 767 2623 &Deus
779 2594 851 2618 erat
861 2583 1018 2626 Verbum,
1046 2586 1119 2631 quis
1131 2582 1459 2621 Christianustacere

527 2637 653 2686 potest?
682 2640 755 2684 quis
775 2638 911 2683 capere?
938 2645 994 2670 aut
1013 2634 1093 2681 quid
1106 2637 1139 2670 in
1158 2634 1310 2671 doctrina
1321 2633 1392 2671 sana
1401 2646 1462 2683 po-

335 2633 484 2672 Joundd·

343 2712 459 2744 Verum
527 2688 741 2724 testinveniri
755 2685 929 2731 grandius?
954 2685 1059 2730 Qiod
1072 2688 1223 2720 tamen&
1237 2685 1461 2732 parvulisnon

349 2750 466 2782 tacendi
528 2751 654 2774 tacetur
678 2740 712 2772 δι
741 2733 917 2781 grandibus
937 2759 949 2775 ‚
983 2746 1043 2769 nec
1071 2734 1212 2782 parvulis
1231 2736 1418 2773 occultatur
1444 2748 1462 2773 a

348 2793 394 2822 vel
425 2800 484 2819 non
528 2786 706 2836 grandibus
717 2813 724 2821 .
750 2785 810 2820 Sed
823 2783 883 2819 alia
894 2782 940 2818 est
950 2787 1034 2819 ratio
1046 2797 1159 2820 verum
1170 2785 1318 2828 tacendi,
1338 2787 1397 2823 alia
1409 2799 1464 2822 ve-

348 2832 466 2906 ξζζῗῑῗῑ
529 2852 603 2876 rum
624 2835 752 2873 dicendi
762 2836 941 2870 neceffitas.
969 2833 1099 2869 Caufias
1116 2847 1231 2871 verum
1242 2837 1368 2873 tacendi
1388 2837 1461 2873 lon-

530 2903 609 2938 gum
623 2887 667 2923 est
677 2898 788 2922 omnes
799 2897 937 2932 querere
951 2883 999 2919 vel
1013 2882 1154 2920 inserere
1175 2901 1184 2920 ε
1202 2898 1341 2933 quarum
1353 2898 1460 2924 tamen

531 2939 579 2976 est
590 2944 620 2974 &
635 2938 703 2973 haec
714 2950 776 2972 una
788 2961 800 2978 ‚
826 2948 866 2970 ne
887 2936 1015 2982 pejores
1027 2933 1180 2971 faciamus
1189 2949 1246 2971 eos
1265 2940 1321 2984 qui
1334 2944 1400 2974 non
1413 2941 1462 2973 in-

532 2989 706 3033 telligunt,
732 2987 812 3023 dum
834 2985 988 3021 volumus
999 2997 1056 3020 eos
1082 2988 1139 3032 qui
1151 2985 1340 3031 intelligunt
1358 2987 1465 3025 facere

533 3040 702 3076 doctiores
713 3050 728 3076 ,⁴
750 3040 806 3083 qui
820 3035 916 3071 nobis
927 3035 1051 3082 aliquid
1062 3035 1126 3072 tale
1137 3035 1316 3072 tacentibus
1336 3038 1465 3074 doctio-

535 3102 585 3126 res
596 3089 728 3136 quidem
739 3100 806 3121 non
819 3086 904 3121 fiunt
915 3111 925 3127 ‚
953 3086 1005 3121 sed
1027 3098 1088 3121 nec
1100 3087 1224 3133 pejores
1244 3086 1330 3123 fiunt
1341 3115 1348 3122 .
1375 3092 1467 3126 Cum

537 3150 644 3175 autem
657 3150 706 3172 res
727 3149 800 3172 vera
813 3141 853 3171 ita
875 3135 903 3171 se
916 3134 1035 3180 habet,
1060 3147 1098 3172 ut
1117 3137 1170 3172 fiat
1184 3138 1278 3184 pejor
1291 3137 1388 3175 nobis
1398 3152 1468 3175 eam

528 3186 746 3229 dicentibus,
773 3185 826 3221 ille
845 3189 901 3231 qui
921 3198 1036 3233 capere
1056 3199 1125 3222 non
1146 3186 1275 3234 potest5
1301 3187 1395 3225 nobis
1414 3203 1469 3226 au-

537 3250 609 3275 tem
620 3235 819 3278 tacentibus,
845 3235 898 3271 ille
917 3239 973 3283 qui
987 3235 1094 3283 potest
1114 3252 1123 3274 ε
1143 3238 1222 3284 quid
1237 3249 1388 3286 putamus
1407 3239 1468 3276 effe

537 3289 725 3325 faciendum
739 3288 750 3321 ?
766 3290 892 3322 Nonne
903 3289 1014 3334 potius
1024 3286 1071 3323 est
1080 3287 1257 3325 dicendum
1270 3301 1385 3326 verum
1397 3315 1409 3332 ,
1429 3301 1467 3326 ut

538 3336 716 3386 qu‘tpotest
736 3349 851 3384 capere
860 3339 985 3385 capiat,
1011 3349 1108 3385 qua-m
1126 3339 1320 3383 tacendum,
1345 3351 1383 3375 ut
1400 3352 1466 3376 non

540 3388 646 3425 solum
663 3388 695 3424 id
716 3386 815 3424 ambo
834 3400 901 3422 non
912 3391 1064 3434 capiant,
1091 3401 1206 3425 verum
1224 3394 1324 3426 etiam
1345 3393 1399 3437 qui
1420 3389 1467 3427 est

541 3437 793 3483 intelligentior,
819 3438 886 3485 ipse
906 3437 943 3473 sit
953 3439 1070 3485 peior?
1097 3441 1166 3483 Qui
1187 3439 1207 3475 fi
1220 3440 1347 3476 audiret
1364 3445 1397 3477 δι
1417 3454 1467 3478 ca·

542 3498 634 3536 peret
646 3512 656 3529 ‚
684 3487 842 3535 perillum
854 3490 951 3524 etiam
964 3486 1074 3536 plures
1083 3489 1243 3526 discerent
1255 3514 1263 3523 .
1286 3493 1368 3536 Quo
1377 3495 1466 3528 enim

543 3536 591 3573 est
600 3540 748 3584 capacior
767 3549 803 3574 ut
814 3537 935 3583 discat,
959 3550 1000 3574 eo
1010 3541 1109 3586 magis
1119 3539 1163 3575 est
1183 3540 1321 3576 idoneus
1340 3552 1377 3578 ut
1386 3541 1468 3578 alios

543 3588 678 3623 doceat.
707 3585 802 3622 Instat
813 3592 964 3625 inimicus
982 3592 1114 3634 gratiae,
1137 3601 1236 3638 atque
1247 3603 1342 3638 urget
1362 3593 1469 3628 modis

545 3635 722 3679 omnibus,
749 3647 785 3672 ut
805 3639 953 3674 credatur
973 3638 1148 3676 secundum
1161 3644 1278 3678 merita
1297 3642 1406 3678 nostra
1415 3643 1470 3680 da·

369 3701 527 3735 Romdms,
547 3690 597 3729 ri,
622 3699 658 3721 ac
670 3686 710 3722 sic
720 3689 820 3733 gratia
833 3689 894 3732 jam
907 3701 973 3723 non
993 3689 1163 3737 fitgratia:
1190 3696 1223 3726 &
1243 3705 1303 3727 nos
1314 3692 1469 3729 nolumus

546 3738 674 3778 dicere,
699 3737 790 3782 quod
812 3735 889 3772 teste
908 3739 1071 3785 Scriptura
1089 3738 1255 3788 postumus
1273 3742 1406 3778 dicere?
1431 3746 1471 3778 ti-

546 3798 675 3824 memus
695 3789 782 3821 enim
796 3786 967 3829 videlicet,
986 3801 1025 3823 ne
1045 3789 1255 3837 loquentibus
1265 3792 1357 3828 nobis
1367 3791 1472 3828 offen-

545 3837 665 3881 datur,
691 3839 748 3884 qui
761 3838 932 3873 veritatem
943 3850 1008 3874 non
1029 3838 1137 3886 potest
1147 3852 1283 3888 caperes
1300 3846 1333 3880 &
1355 3845 1472 3879 nonti-

752 223 806 279 S.
890 221 1586 281 Aucusrtut

1668 214 1931 277 E>·P³1's
1973 230 2013 273 c
2054 229 2098 271 o
2138 227 2174 271 Ρ
2218 227 2242 269 1

1523 325 1671 356 memus,
1691 325 1733 348 ne
1742 310 1926 350 tacentibus
1945 309 2066 354 nobis,
2089 311 2158 359 qui
2168 311 2342 349 veritatem
2353 308 2463 358 potest

1523 362 1663 413 capere,
1687 362 1823 400 falsitate
1841 363 2007 411 capiatur.

1580 427 1609 461 3.
1638 418 1710 450 Aut
1726 416 1815 456 enim
1835 412 1878 450 fic
1898 412 2142 461 praedestinatio
2168 410 2368 460 praedicanda
2384 410 2433 449 est
2447 438 2462 457 ‚

1525 464 1812 511 quemadmodum
1831 477 1902 500 eam
1913 462 2195 512 ianetascriptura
2203 461 2375 498 evidenter
2393 461 2462 499 elo-

1525 518 1663 562 quitur,
1682 517 1764 551 ut‘m
1777 513 2008 562 praedestinatis
2017 514 2084 550 fine
2105 515 2292 562 paenitentia
2302 510 2364 548 fint
2372 511 2460 550 dona
2479 529 2560 562 Rom.
2591 539 2640 562 Π,

1524 568 1560 600 &
1581 568 1714 601 vocatio
1732 566 1820 602 Dei3
1839 575 1896 600 aut
1905 567 2044 610 gratiam
2064 567 2130 602 Dei
2141 563 2324 601 secundum
2341 566 2459 600 merita
2480 578 2528 606 ²9·

1524 613 1635 651 nostra
1652 615 1723 652 dari
1740 613 1989 658 confitendum,
2015 614 2110 661 quod
2128 614 2255 662 sapiunt
2275 608 2640 660 Pelagiani,⁷L,¹'b·deg‘·

1522 668 1674 713 quamvis
1684 664 1741 703 ista
1751 665 1928 708 sententia,
1953 665 2047 712 quod
2057 664 2210 712 saepeiam
2220 664 2388 707 diximus,
2413 663 2459 700 le-
2499 662 2526 696 ff
2551 651 2638 720 P‘ff·

1522 727 1619 763 gatur
1644 720 1677 754 in
1698 715 1794 763 gestis
1823 716 2059 764 episcoporum
2081 713 2294 752 orientalium
2309 718 2339 759 ',.
2359 717 2458 751 etiam
2474 699 2641 769 ‘3222'me

1520 766 1622 815 ipfius
1631 766 1753 814 Pelagii
1770 779 1831 803 ore
1849 766 2016 804 damnata.
2043 764 2341 812 APelagianorum
2351 778 2459 814 porro
2478 780 2522 803 tra
2530 772 2636 812 praede-

1516 816 1675 854 haeretica
1695 816 1904 865 perverfitate
1916 827 2046 853 tantum
2065 814 2116 852 isti
2127 815 2247 852 remoti
2258 814 2353 863 sunt,
2379 828 2458 864 pro,
2477 811 2619 859 ssj¹²21501

1519 879 1596 917 pter
1605 881 1691 916 quos
1701 867 1772 905 haee
1783 871 1912 915 agimus
1921 892 1933 910 ,
1954 878 1992 904 ut
2002 866 2079 903 licet
2088 866 2239 903 nondum
2249 865 2459 911 velintfiiteri
2478 853 2634 900 ¹¹¹⁵.¹³‘²d¹‘

1520 918 1770 967 praedestinatos
1780 917 1862 962 esse,
1886 921 1946 965 qui
1966 930 2026 966 per
2046 919 2113 954 Dei
2133 919 2272 964 gratiam
2282 901 2637 973 fiamiobe'ffigffiffffi
2671 962 2675 966 ι

1516 969 1648 1006 dientes
1667 981 1766 1018 atque
1786 979 2002 1018 permaneant
2018 993 2031 1011 ,
2065 970 2128 1015 jam
2158 978 2269 1005 tamen
2297 965 2461 1004 fateantur
2478 974 2580 1006 eadem
2681 973 2684 977 '

1517 1021 1614 1068 quod
1635 1033 1754 1058 eorum
1775 1022 1953 1068 praeveniat
1979 1018 2184 1056 voluntatem
2213 1015 2336 1067 quibus
2361 1016 2462 1055 datur
2479 1016 2640 1063 probatdi-

1516 1069 1590 1109 haec
1599 1075 1720 1120 gratia:
1745 1072 1823 1109 ideo
1832 1075 1948 1119 utique
1958 1082 1999 1106 ne
2010 1081 2079 1106 non
2098 1073 2199 1118 gratis
2219 1069 2292 1106 dari
2305 1067 2461 1106 credatur
2479 1066 2506 1087 ‘²¹
2534 1055 2612 1129 {5⁸¹st

1516 1126 1644 1169 gratia,
1670 1122 1754 1159 ficut
1763 1122 2067 1169 veritasloquituri
2093 1121 2147 1157 sed
2159 1117 2459 1168 potiusstcundum
2475 1107 2629 1179 {ffund-

1519 1173 1732 1222 praecedentis
1742 1176 1858 1210 merita
1880 1172 2079 1214 voluntatis,
2105 1171 2187 1207 ficut
2207 1181 2324 1206 contra
2344 1171 2449 1206 verita
2478 1179 2535 1211 Dei
2553 1199 2563 1216 ,
2583 1189 2620 1211 «χ
2683 1196 2684 1199 ,

1518 1235 1588 1261 tem
1599 1223 1789 1272 Pelagianus
1800 1236 1895 1260 error
1902 1222 2103 1271 obloquitur
2114 1250 2122 1257 .
2149 1223 2312 1264 Praevenit
2329 1221 2459 1268 ergo&
2476 1229 2534 1260 qua
2542 1227 2642 1260 cetera
2682 1256 2684 1264 ἶ

1517 1274 1621 1312 fidem
1633 1279 1754 1322 gratia:
1779 1273 1963 1322 alioquinfi
1973 1274 2054 1310 fides
2076 1285 2146 1310 eam
2165 1273 2322 1320 praevenit
2338 1295 2354 1314 ,
2381 1281 2458 1318 pro·
2474 1261 2644 1334 ᾀοῃῧζὲζ
2680 1282 2684 1310 ι’

1518 1325 1573 1362 cul
1583 1325 1692 1363 dubio
1701 1329 1865 1374 praevenit
1876 1329 1911 1363 δε
1921 1324 2077 1362 voluntas
2091 1337 2102 1365 ,·
2129 1326 2288 1372 quoniam
2296 1321 2381 1358 fides
2389 1319 2456 1357 fine
2471 1308 2639 1382 ξὲΡἜὲῐή,
2678 1317 2684 1357 i

1517 1375 1768 1415 voluntateno'n
1780 1375 1890 1424 potest
1900 1373 1978 1413 ess'e.
2000 1377 2034 1412 Si
2045 1385 2155 1411 autem
2176 1377 2278 1421 gratia
2298 1372 2460 1421 praevenit
2475 1381 2613 1415 venuti,
2679 1374 2684 1388 ¹

1518 1426 1624 1467 fidem
1644 1454 1657 1472 ,
1681 1430 1840 1475 quoniam
1861 1427 2022 1473 praevenit
2037 1425 2246 1463 voluntatem
2265 1449 2278 1467 ,
2299 1420 2460 1471 profe&
2477 1421 2530 1454 effe
2541 1421 2639 1462 smn-

1521 1480 1683 1521 praevenit
1694 1490 1831 1514 omnem
1840 1477 2078 1522 obedientiam,
2089 1478 2249 1524 praevenit
2268 1477 2366 1511 etiam
2377 1469 2460 1510 cha*
2477 1471 2543 1497 ²⁰¹·
2565 1521 2567 1525 Δ
2667 1511 2669 1516 f

1519 1527 1677 1570 ritatem,
1701 1538 1766 1573 qua
1774 1539 1838 1563 una
1848 1530 1928 1565 Deo
1938 1529 2102 1564 veraciter
2122 1530 2158 1563 δε
2177 1526 2320 1563 suaviter
2341 1521 2462 1561 obedi,-
2489 1553 2493 1557 .
2511 1549 2522 1568 z
2558 1549 2571 1562 ,,
2616 1538 2633 1565 ‘3

1518 1585 1597 1619 tur,
1622 1573 1738 1612 &haec-
1748 1579 1863 1613 omnia
1871 1580 1975 1623 gratia
1984 1581 2072 1616 ineo
2090 1580 2147 1618 cui
2164 1575 2286 1625 damis,
2312 1578 2347 1616 δι
2365 1573 2461 1623 cuim

1518 1622 1592 1663 haee
1599 1629 1714 1666 omnia
1723 1629 1881 1676 praevenit
1893 1651 1907 1671 ‚
1930 1638 2109 1676 opetatur.
2387 1641 2391 1651 ’

1718 1730 2272 1773 ΟΑΡΰΤψΧνῙῙ.

1522 1844 1555 1870 1.
1583 1831 1822 1923 REstatin
1832 1829 1885 1869 his
1893 1829 1992 1869 bonis
2011 1830 2117 1881 usque
2137 1833 2171 1868 in
2188 1831 2293 1870 finem
2312 1829 2467 1878 pei-five?-

1711 1885 1812 1919 rantia
1831 1907 1845 1926 ‚
1870 1895 1944 1931 quae
1963 1881 2083 1920 frustra
2099 1883 2254 1931 quotidie
2269 1883 2486 1929 anamim
2536 1882 2553 1929 jv

1523 1935 1668 1983 poscitur
1681 1961 1690 1975 ,
1715 1933 1737 1970 fi
1751 1946 1816 1969 non
1828 1946 1898 1970 eam
1910 1936 2079 1970 Dominus
2089 1945 2151 1982 per
2160 1937 2298 1980 gratiam
2309 1930 2462 1971 suumin
2512 1965 2518 1971 .
2583 1956 2593 1964 ν
2622 1949 2630 1960 ·

1523 1985 1604 2028 illo,
1629 1986 1721 2030 cujus
1742 1987 1908 2020 orationes
1926 1983 2062 2020 exaudit
2078 2007 2094 2025 ,
2117 1993 2308 2029 operatur..
2332 1979 2462 2024 videta

1519 2039 1585 2084 jam
1597 2049 1613 2071 a
1625 2038 1763 2072 veritate
1773 2033 1920 2082 quam-fit
1929 2031 2073 2068 alienum
2083 2056 2096 2075 ,
2121 2042 2242 2077 negare·
2248 2031 2377 2068 donum
2388 2031 2460 2070 Dei

1521 2088 1581 2124 esse
1594 2086 1863 2136 perseverantiam
1872 2082 2018 2129 usquein
2031 2081 2133 2118 finem
2143 2079 2243 2128 hujus
2253 2083 2330 2118 vitae
2340 2095 2352 2115 .·
2378 2091 2462 2121 cum

1521 2141 1597 2175 vitae
1610 2136 1688 2174 huic
1699 2134 1834 2183 quando
1843 2131 2067 2180 volueritipse
2083 2132 2143 2168 det
2162 2131 2285 2170 finem5
2309 2143 2412 2179 quem
2428 2128 2464 2167 fi
2510 2153 2511 2156 =
2668 2178 2671 2179 ⁷

1519 2190 1574 2226 dat
1585 2198 1659 2224 ante
1671 2188 1900 2222 imminentem
1911 2182 2038 2231 lapsum
2051 2207 2064 2226 ‚
2090 2182 2167 2219 facit
2186 2180 2367 2219 hominem
2390 2194 2464 2229 pen·
2631 2207 2645 2225 ‚

1519 2238 1662 2274 severare
1672 2235 1774 2284 usque
1785 2239 1820 2271 in
1838 2235 1940 2270 finem
1952 2262 1960 2270 .
1987 2233 2051 2270 Sed
2070 2231 2256 2270 mirabilior
2265 2235 2299 2268 δε
2308 2230 2463 2269 fidelibus

1519 2287 1709 2323 evidentior
1728 2285 1858 2331 largitas
1879 2283 2038 2321 bonitatis
2060 2285 2128 2321 Dei
2152 2282 2221 2321 est,
2246 2282 2463 2330 quodetiam

1521 2336 1688 2386 parvulis,
1714 2335 1836 2384 quibus
1845 2334 2034 2371 obedientia
2043 2347 2112 2370 non
2134 2331 2180 2370 est
2197 2332 2287 2369 illius
2306 2335 2406 2369 oetatis
2423 2343 2462 2373 ut

1519 2388 1641 2430 detur,
1667 2386 1764 2423 datur
1773 2385 1844 2423 haec
1853 2390 1977 2433 gratia.
2003 2383 2066 2422 Ista
2087 2387 2190 2431 igitur
2208 2382 2261 2420 sua
2278 2383 2464 2430 dona'qui-

1519 2438 1724 2486 buscumque
1734 2439 1830 2474 Deus
1850 2437 1975 2479 donat,
2001 2434 2120 2484 procul
2146 2433 2255 2471 dubio
2275 2432 2307 2470 se
2321 2433 2462 2471 donatu-

1521 2502 1594 2526 rum
1605 2487 1664 2524 elle
1686 2487 1873 2536 praescivit,
1899 2491 1934 2524 δι
1954 2489 1987 2523 in
2008 2485 2063 2522 sua
2083 2484 2282 2533 praescientia
2301 2495 2464 2532 praepara.-

1519 2541 1586 2574 vit.
1614 2541 1713 2584 Qos
1724 2551 1806 2587 ergo
1817 2536 2060 2586 praedestinavit
2070 2562 2082 2580 ,
2107 2535 2195 2584 ipsos
2206 2539 2242 2571 &
2251 2537 2387 2572 vocavit
2400 2546 2463 2572 vo·
2477 2548 2644 2590 Rama„-

1522 2590 1655 2624 catione
1665 2587 1741 2631 illa,
1765 2601 1865 2636 quam
1876 2601 1931 2624 me
1941 2587 2022 2635 saepe
2041 2597 2308 2623 commemorare
2324 2596 2394 2621 non
2414 2584 2464 2633 pi-

1523 2647 1579 2685 get
1589 2662 1601 2679 ,
1627 2636 1668 2673 de
1678 2649 1743 2685 qua
1752 2638 1882 2674 distum
1894 2638 1941 2674 est
1950 2661 1963 2680 ‚
1989 2636 2070 2670 Sine
2077 2634 2270 2682 penitentia
2282 2633 2360 2680 sunt
2378 2631 2463 2670 dm

1524 2687 1568 2721 Θ·
1579 2685 1706 2720 vocatia
1722 2686 1805 2722 Dei„
1833 2686 1990 2735 Namque
2001 2689 2036 2725 in
2048 2685 2103 2723 sua
2111 2699 2187 2735 quae
2197 2684 2463 2732 {illinunt-iqua
2480 2670 2561 2703 Μ·
2589 2678 2642 2706 ¹²·

1523 2750 1594 2774 non
1605 2736 1710 2786 potest
1721 2736 1918 2786 praescientia
1926 2762 1939 2780 ‚
1965 2748 2067 2784 opera
2074 2735 2128 2772 sua
2138 2735 2248 2771 fiitura
2256 2732 2436 2781 disponere
2446 2757 2461 2778 ,
2480 2718 2611 2781 {adem

1529 2789 1562 2824 id
1574 2791 1740 2830 omnino,
1767 2800 1826 2823 nec
1837 2786 1927 2823 aliud
1935 2784 2119 2832 quidquam
2129 2782 2177 2819 est
2194 2781 2427 2831 praedestinare
2451 2808 2462 2819 .
2479 2799 2550 2821 nare
2569 2789 2643 2832 quid

1524 2842 1616 2876 Sicut
1624 2848 1734 2874 autem
1752 2836 1808 2872 ille
1825 2847 1925 2883 quem
1944 2833 2069 2870 castum
2087 2832 2239 2871 futurum
2257 2831 2317 2870 ess'e
2336 2832 2466 2882 praesci-
2477 2829 2531 2862 fit.

1524 2892 1595 2931 vit,
1619 2887 1772 2935 quamvis
1782 2885 1815 2923 id
1826 2887 1993 2922 incertum
2002 2881 2120 2922 habeat
2130 2909 2142 2927 ‚
2168 2886 2237 2931 agit
2247 2895 2285 2922 ut
2294 2883 2464 2923 castusfie

1525 2943 1570 2975 ita
1580 2937 1635 2974 ille
1644 2948 1746 2985 quem
1755 2933 1880 2973 castum
1891 2934 2044 2972 stitutum
2056 2933 2322 2982 predestinavit,
2346 2946 2463 2983 quam-

1526 2992 1578 3025 vis
1588 2987 1621 3026 id
1632 2991 1796 3024 incertum
1806 2984 1925 3023 habeat
1934 3011 1946 3029 ,
1972 2997 2040 3021 non
2050 2985 2128 3021 ideo
2137 2996 2204 3021 non
2215 2988 2282 3033 agit
2298 2996 2340 3023 ut
2354 2982 2462 3023 castus

1528 3039 1590 3083 sit,
1614 3040 1775 3087 quoniam
1784 3039 1850 3075 Dei
1861 3035 1995 3073 donose
2013 3035 2105 3073 audit
2124 3035 2274 3074 futurum
2292 3033 2353 3073 effe
2365 3033 2463 3082 quod

1530 3092 1593 3126 erit
1603 3102 1616 3131 ,-
1643 3093 1749 3126 immo
1758 3090 1858 3124 etiarn
1877 3086 2000 3134 gaudet
2015 3088 2084 3133 ejus
2101 3084 2262 3129 charitas,
2289 3096 2350 3123 nee
2365 3084 2461 3122 infla.-

1531 3153 1587 3177 tur
1598 3165 1610 3183 ,
1635 3150 1804 3187 tamquam
1814 3137 1850 3174 id
1861 3150 1930 3174 non
1940 3139 2121 3186 acceperit.
2147 3138 2231 3175 Non
2250 3134 2358 3173 solum
2375 3147 2460 3183 ergo

1531 3190 1765 3239 praedicatione
1775 3186 2069 3236 praedestinationis
2078 3185 2119 3223 ab
2128 3183 2198 3223 hoc
2209 3198 2312 3234 opere
2322 3197 2389 3222 non
2399 3188 2460 3224 im-

1530 3242 1686 3288 peditur,
1712 3251 1829 3276 verum
1840 3239 1924 3276 &ad
1935 3237 2004 3276 boc
2019 3236 2213 3282 adiuvatur,
2237 3247 2276 3274 ut
2293 3247 2371 3273 cum
2388 3235 2461 3284 glo-

1529 3294 1630 3328 riatur
1639 3317 1651 3335 ,
1678 3293 1710 3326 in
1721 3291 1875 3327 Domino
1888 3289 2070 3337 glorietur.

1581 3354 1612 3378 3..
1640 3340 1747 3388 Quod
1757 3352 1868 3378 autem
1878 3340 1948 3378 dixi
1958 3340 2000 3378 de
2009 3337 2174 3382 castitate,
2199 3336 2270 3376 hoc
2289 3338 2332 3376 dc
2350 3337 2421 3375 fide
2445 3363 2460 3383 ,

1528 3391 1596 3429 hoc
1619 3392 1660 3428 de
1680 3394 1823 3440 pietate,
1848 3391 1891 3428 de
1910 3388 2090 3432 charitate,
2116 3388 2158 3425 de
2184 3388 2422 3436 perstverantia
2443 3373 2633 3441 ‚Adst‘sffl'

1528 3447 1563 3479 &
1572 3467 1584 3485 ,
1611 3455 1652 3479 ne
1664 3453 1796 3491 pergam
1809 3454 1867 3490 per
1877 3440 1998 3489 lingula
2007 3465 2019 3483 ‚
2043 3437 2112 3476 hoc
2122 3439 2163 3476 de
2172 3442 2263 3476 omni
2272 3438 2459 3479 obedientia
2468 3424 2618 3488 ἕζοᾞξι

1530 3506 1594 3541 qua
1605 3492 1763 3529 obeditur
1773 3495 1873 3535 Deo,
1901 3490 2100 3528 veraciffime
2110 3489 2174 3526 dici
2199 3490 2325 3537 potest.
2352 3490 2419 3528 Sed
2433 3492 2457 3528 ii
2468 3495 2550 3536 ,ροῐΐο
2564 3504 2636 3538 prn-

1529 3547 1588 3592 qui
1599 3542 1704 3580 solum
1715 3546 1845 3580 initium
1854 3542 1928 3578 fidei
1940 3567 1951 3584 ,
1977 3539 2122 3589 &usque
2140 3543 2172 3576 in
2192 3541 2292 3578 finem
2312 3541 2458 3591 perseve-
2473 3536 2598 3582 destina,-

1531 3597 1668 3630 rantiam
1679 3593 1720 3630 fic
1733 3596 1764 3630 in
1776 3591 1886 3629 nostra
1903 3590 2112 3628 constituunt
2133 3591 2312 3639 potestate,
2336 3591 2456 3629 ut-Dej
2473 3586 2586 3609 ¹¹⁰³⁶¹¹¹
2595 3575 2632 3623 ³5¹
2656 3617 2660 3627 s

1530 3645 1617 3680 dona
1625 3642 1687 3679 eise
1698 3656 1763 3679 non
1777 3653 1892 3690 putent
1902 3668 1914 3687 ,
1940 3655 2048 3690 neque
2058 3641 2098 3678 ad
2110 3640 2179 3678 haec
2190 3640 2339 3680 habenda
2356 3650 2456 3689 atque
2472 3625 2634 3700 {gnffrztss
2654 3683 2656 3688 1

1533 3694 1702 3731 retinenda
1712 3696 1825 3731 Deum
1837 3696 1967 3741 operari
1979 3691 2103 3729 nostras
2112 3696 2326 3740 cogitationes
2345 3694 2380 3728 &
2399 3703 2457 3727 vo·
2474 3698 2527 3740 ipsi
2541 3707 2634 3739 agno-

1534 3743 1698 3787 luntates,
1723 3753 1836 3780 caetera
1847 3742 2045 3791 veroipsum
2055 3743 2131 3780 dare
2148 3742 2355 3782 concedunt.
2375 3753 2458 3778 :cum
2474 3740 2558 3771 scunt
2570 3759 2580 3775 2
2600 3739 2633 3772 ἃ
2655 3754 2674 3791 ¹5„

1528 3792 1574 3830 ab
1585 3793 1645 3829 illo
1657 3797 1874 3843 impetrantur
1883 3794 2045 3831 credentis
2055 3793 2142 3834 fides
2164 3793 2275 3831 curnd
2289 3791 2357 3841 ipsa
2366 3803 2460 3829 caete-
2475 3781 2530 3812 *¹²⁰
2557 3786 2600 3810 ‘²‘
2657 3787 2668 3820 ἕξ

1531 3857 1567 3882 ra
1579 3842 1847 3884 exhortationem
1863 3871 1876 3890 ,
1902 3857 2089 3894 eorumque
2104 3854 2301 3883 caeterorvm
2310 3842 2462 3901 praedica,-
2476 3829 2637 3894 affinffiae’
2656 3856 2674 3901 ‘s

2348 3903 2414 3930 tio·
2659 3900 2670 3921 ι’

2476 3109 2639 3152 &eff-¹34·
2660 3136 2662 3138 .
