2652 4126
50 2011 192 2043 &Coma
199 2019 213 2048 5

53 2059 83 2083 1.
92 2054 158 2084 Cor.
172 2062 215 2082 ιο.

47 2100 101 2123 ,00
116 2092 157 2137 Φ
165 2101 200 2122 ²¹
206 2112 214 2124 s

538 208 1905 272 DIMIDIUMTEMPORISX
2073 242 2171 295 125

240 315 391 360 parentes
408 307 525 358 puellae
544 322 602 357 per
621 318 674 345 tot
692 307 822 344 dierum
838 305 937 354 spatia
955 303 1074 342 auferri
1086 299 1174 350 poss‘e

239 359 425 409 sperantes,
450 361 534 397 dum
553 362 626 406 iuge
646 357 770 394 malum
791 356 926 393 ulterius
945 354 1086 390 tolerare
1106 364 1174 388 non

240 409 389 461 possent,
415 410 514 447 simul
530 421 606 447 cum
627 408 691 443 filia
709 406 771 444 sese
782 404 974 454 ingess'erunt
993 403 1174 446 sacerdoti,

240 473 314 509 quae
339 463 409 497 aeta
428 463 518 498 erant
541 457 684 496 fideliter
709 461 914 494 intimantes.
941 457 1020 492 Hoc
1046 464 1175 493 tantum

239 510 350 561 puella
360 510 542 553 fatebatur,
565 520 660 544 avem
680 508 856 555 quamdam
867 507 972 543 noctis
991 504 1106 541 medio
1116 516 1173 552 ap-

239 574 377 611 parere,
402 574 475 613 quae
493 557 549 597 fibi
568 570 628 594 ore
649 558 760 595 nescio
779 557 861 606 quid
872 555 1080 594 infimderet.
1106 557 1178 593 Stu-

239 625 306 662 por
325 623 404 649 tunc
419 615 526 650 inerat
541 609 669 646 cuneus
679 609 793 646 videre
814 606 959 656 puellam
976 605 1074 642 nullis
1093 604 1177 641 indi-

240 666 298 700 ciis
317 668 332 686 ⁸
348 661 493 701 diuturni
522 661 630 704 ieiunii
651 658 832 702 foedatam,
857 656 953 694 nullo
978 657 1103 704 pallore
1122 653 1178 694 seu

241 712 338 760 tabe,
361 711 413 753 ve'l
425 708 594 749 debilitate
611 709 815 746 confectam:
843 711 924 757 quin
942 709 1055 756 potius
1077 704 1178 743 robu-

241 762 323 802 stam
343 761 449 806 ffleco
467 758 630 796 viscerum
644 786 654 802 ,
680 759 772 796 mole
798 757 1047 797 membrorum.
1074 760 1179 793 Cum·

240 826 308 862 que
323 809 531 854 'incredibilia
542 810 737 846 viderentur
756 822 829 858 quae
847 806 1063 851 dicebantur,
1089 806 1180 844 habi·

241 875 281 901 to
301 861 439 900 consilio
458 887 470 904 ,
497 863 529 897 in
564 860 764 897 monasterio
801 858 986 907 puellarum
1005 882 1018 900 ,
1052 861 1084 893 in
1111 869 1182 906 quo

239 911 385 962 reliquiae
420 911 522 949 saneti
556 909 716 959 Stephani
737 911 774 947 fit
795 909 889 955 sunt,
912 908 1058 946 sacerdos
1087 907 1182 955 puel-

238 961 304 1000 lam
321 957 339 985 ὓ
354 962 448 1000 fimul
474 965 508 998 δε
527 961 706 1010 praepofito
731 959 996 998 commendavit.
1023 958 1096 996 Illic
1116 961 1181 1007 pri-

237 1026 291 1050 ma
309 1024 437 1050 tantum
463 1012 518 1050 die
535 1011 714 1060 apparuisse
740 1011 830 1049 illam
847 1023 943 1049 avem
956 1008 1118 1052 adservit,
1144 1008 1181 1045 fi-

235 1063 339 1110 bique
360 1060 533 1112 increpasse
550 1063 643 1110 quod
663 1075 768 1111 neque
788 1061 876 1098 fame
894 1067 1002 1109 neq‘ue
1021 1059 1069 1096 sui
1090 1072 1181 1097 com·

239 1113 330 1162 pulta
345 1114 441 1152 illum
452 1123 622 1162 appeteret
637 1114 753 1151 locum
763 1138 776 1157 ,
801 1125 872 1160 quo
880 1110 936 1157 sibi
945 1110 1099 1150 accedere
1112 1122 1179 1146 non

237 1165 354 1202 liceret
366 1189 374 1200 .
402 1169 466 1202 Per
475 1165 556 1200 duas
567 1163 638 1200 sane
647 1162 877 1201 hebdomadas
886 1160 971 1199 nihil
980 1160 1045 1198 cibi
1057 1160 1108 1198 vel
1118 1173 1178 1209 po-

237 1214 304 1252 culi
319 1215 446 1252 sumens
457 1218 491 1251 in
503 1214 704 1252 monasterio
718 1214 834 1252 manfit
844 1238 854 1248 ·

234 1268 432 1355 ³11u{'.c‘2.⁰.⁰.¹
435 1265 541 1354 ἓέἱὲῗ
544 1264 982 1354 ‘inire‘ss‘i‘ssk‘issuissifffs'fflffi
991 1262 1161 1350 3323ssss
1164 1276 1179 1358 ἶ

233 1378 273 1405 ut
303 1370 504 1407 matutinum
532 1364 599 1404 illic
629 1364 821 1404 sacrificium
849 1364 949 1400 solito
978 1362 1153 1400 offerretur
1162 1377 1178 1406 ,-

231 1416 382 1465 p'uellam
401 1416 594 1466 praepofitus
612 1416 652 1454 ad
670 1415 768 1454 altare
788 1415 966 1464 perduxit,
993 1427 1035 1451 eo
1057 1413 1178 1453 incess'u

233 1470 268 1504 &
289 1467 402 1505 babitu
422 1481 493 1516 quo
515 1466 620 1504 soient
631 1466 755 1505 rubore
774 1466 970 1515 perfusaeex
991 1465 1096 1514 epulis

232 1517 382 1568 culisque
401 1519 555 1558 mulieres
572 1516 749 1556 advenire.
776 1517 836 1553 Sed
857 1516 937 1553 utse
958 1516 1013 1553 illa
1033 1478 1175 1563 preste-t:

233 1572 284 1605 vit
294 1568 407 1612 altari,
432 1569 579 1606 clamore
588 1567 686 1605 fletus
706 1567 892 1604 suicunfiiis
911 1566 1110 1604 adstantibus
1119 1579 1175 1614 ge-

232 1622 335 1656 mitus
361 1617 583 1671 lacrymasque
602 1622 617 1640 ²
636 1619 785 1661 induxit,
810 1616 933 1667 quibus
960 1630 1087 1655 tantum
1109 1631 1177 1656 ma-

232 1668 304 1706 lum
330 1666 544 1707 auferendum
565 1668 701 1718 praesens
728 1668 821 1717 plebs
842 1672 1033 1707 Dominum
1059 1682 1174 1707 exora-

232 1719 289 1757 bat
315 1745 324 1754 .
360 1722 441 1757 Erat
467 1723 555 1758 enim
575 1721 639 1766 jam
659 1720 812 1757 indecens
833 1732 986 1757 murmur
1012 1723 1046 1756 in
1068 1733 1174 1768 popu-

232 1769 290 1807 lo.
318 1771 459 1807 Peracto
474 1770 777 1819 itaquefiacrificio,
801 1783 880 1810 cum
897 1772 1103 1808 eademintet
1123 1784 1175 1807 ce-

232 1831 318 1857 teras
340 1820 473 1860 brevem
494 1820 689 1870 particulam
707 1820 1024 1871 Corpori'sDomini
1037 1823 1176 1858 tinctam

232 1883 252 1908 a
269 1871 435 1909 sacerdote
457 1874 665 1922 perciperet,
692 1872 856 1911 semihora
877 1874 1032 1910 mandens
1052 1874 1178 1918 trajice·

232 1934 271 1959 re
291 1934 360 1957 non
377 1920 502 1966 valuit,
529 1923 680 1961 nondum
706 1923 766 1959 illo
784 1923 920 1971 fugato,
945 1924 987 1961 de
1007 1935 1077 1972 quo
1097 1924 1179 1959 dicit

234 1971 424 2020 apostolus:
450 1973 531 2015 Quae
551 1973 757 2018 consonantia
776 1974 900 2016 Christi
919 1979 963 2007 aa
976 1972 1107 2009 Belial?
1134 1975 1180 2010 Et

235 2027 356 2066 iterum
383 2038 393 2060 :
432 2024 506 2057 Non
540 2023 671 2070 potestis
706 2022 838 2058 calicem
875 2022 1010 2058 Domini
1048 2023 1179 2066 bibere,

235 2071 288 2107 δ”
306 2072 439 2107 caticem'
475 2074 701 2108 daemomorum
729 2099 740 2108 .
783 2073 859 2107 Non
896 2073 1031 2120 potestis
1069 2073 1182 2121 mensae

232 2121 374 2156 Domini
406 2122 609 2166 participare
640 2146 652 2164 ,
688 2121 732 2155 Θ·
766 2123 876 2166 mensae
904 2124 1134 2157 demoniorum
1172 2148 1183 2158 .

231 2172 340 2212 Manu
378 2173 482 2218 igitur
532 2169 650 2206 ficiem
692 2172 759 2215 ejus
798 2168 995 2206 sustentante
1035 2172 1181 2206 sacerdo-

232 2234 268 2260 te
296 2247 310 2266 ,
353 2231 393 2258 ne
429 2219 578 2258 finetum
613 2220 791 2269 projiceret
822 2244 834 2262 ,
877 2232 895 2255 a
933 2220 1080 2266 quodam
1116 2219 1182 2255 dia·

234 2271 328 2310 cono
345 2268 533 2318 suggestum
551 2269 600 2307 est
615 2297 623 2312 ‚
649 2270 844 2309 ut'calicem
865 2268 1036 2307 salutarem
1052 2271 1181 2317 gutturi

175 2329 177 2331 ’
211 2322 213 2324 ’
233 2323 305 2369 ejus
318 2319 469 2371 pontifex
479 2319 677 2368 applicaret.
706 2319 814 2366 Quod
833 2331 870 2357 ut
882 2318 1006 2357 fictum
1029 2319 1098 2362 est,
1125 2318 1184 2356 sta-

234 2375 299 2411 tim
317 2384 355 2411 ut
372 2371 487 2408 locum
507 2369 605 2407 illum
616 2383 716 2419 quem
735 2369 887 2407 diabolus
898 2369 1094 2415 obsederat,
1120 2370 1186 2407 Sal-

234 2426 359 2462 νὲτοτίς
385 2423 527 2468 imperio
545 2420 702 2466 reliquit,
735 2422 980 2458 Sacramentum
1006 2421 1099 2468 quod
1126 2433 1186 2458 ore

236 2468 382 2519 gestebat
399 2464 476 2506 cuin
494 2467 590 2504 lanae
606 2470 825 2507 Redemtoris
843 2469 1058 2516 transglutifl‘e
1080 2470 1187 2516 puelia

240 2520 414 2558 clamavit.
449 2520 541 2555 Hinc
570 2512 707 2558 laetit'ia.
744 2516 825 2554 hinc
853 2531 953 2556 voces
979 2521 1012 2552 in
1044 2517 1186 2563 gloriam

240 2573 332 2615 Dei,
357 2568 449 2619 quod
463 2567 537 2616 post
554 2563 571 2588 ‘¹
593 2567 766 2614 octoginta
786 2571 816 2605 ει
832 2568 981 2615 quinque
1001 2565 1093 2608 dies,
1118 2564 1185 2600 dia—

241 2620 327 2658 bolo
343 2618 504 2669 expulso,
533 2616 639 2665 puella
660 2617 702 2652 de
714 2617 874 2663 potestate
894 2616 994 2652 fuerit
1013 2626 1107 2650 cruta
1127 2616 1187 2650 ini-

242 2674 322 2709 mici
333 2696 342 2706 .
367 2669 508 2708 Oblatio
520 2671 630 2716 itaque
641 2667 767 2704 rursum
778 2670 957 2714 gratiarum
975 2666 1113 2702 afflonis
1124 2677 1188 2712 pro

243 2735 281 2759 ea
307 2721 347 2759 fit
365 2747 378 2767 ‚
402 2718 625 2766 Sacrificiique
655 2721 839 2766 percipiens
866 2727 989 2753 certam
1019 2726 1146 2763 partem
1174 2740 1185 2758 ,

244 2770 432 2821 prisco‘est
459 2769 588 2807 reddita
617 2767 687 2805 usui
705 2793 713 2802 .
750 2770 851 2805 Tunc
882 2770 982 2803 etiam
1009 2767 1090 2819 dum
1115 2763 1194 2802 baec'

243 2834 411 2869 aguntur,
438 2822 562 2868 Spiritu
582 2818 700 2856 divino
730 2820 821 2855 aetus
851 2818 1009 2854 diaconus
1037 2815 1182 2862 ejusdem

243 2872 334 2909 tituli
357 2872 491 2909 statuam
511 2869 602 2906 illam
620 2867 779 2906 sublatam
810 2867 977 2915 confregit
1004 2871 1039 2903 in
1069 2865 1183 2915 pulve-

244 2927 340 2966 rem,
365 2932 567 2968 omnemque
585 2918 763 2957 infidiantis
780 2917 931 2956 astutiam
951 2917 1114 2967 superavit
1132 2916 1183 2954 di-

244 2975 322 3009 vina
344 2973 513 3016 Maiestas.

285 3034 331 3070 ’4.
358 3025 527 3060 Novimus
547 3024 645 3058 etiam
663 3018 824 3058 advenisse
843 3019 926 3057 illuc
935 3019 1116 3067 quemdam
1127 3016 1186 3056 sub

246 3071 354 3121 specie
370 3070 525 3109 monachi
537 3097 550 3114 ,
574 3075 632 3118 qui
653 3071 804 3119 quaedam
824 3070 909 3119 figna
927 3073 1139 3107 curationum
1157 3068 1188 3105 se

249 3125 378 3170 operati
397 3121 572 3159 fatebatur.
599 3125 756 3170 Cumque
777 3125 862 3159 circa
879 3134 981 3159 caecos
999 3125 1033 3158 δι
1052 3120 1189 3157 claudos

252 3170 475 3222 phantasticos
491 3171 651 3219 quosdam
673 3184 782 3219 ageret
804 3171 889 3208 lusus
901 3197 914 3216 ‚
939 3170 1061 3219 eosque
1079 3169 1158 3206 oleo
1177 3197 1189 3214 ‚

250 3223 361 3261 nescio
380 3223 474 3268 cujus
493 3224 618 3258 mortui
635 3226 650 3244 θ
666 3220 732 3259 οίῘε
753 3223 887 3265 infuso,
913 3221 1053 3260 linit-eta
1074 3233 1110 3257 ut
1130 3219 1188 3257 fibi

249 3274 337 3311 visus
355 3270 537 3320 greffusque
565 3271 712 3308 redditos
737 3272 958 3315 aestimabant,
985 3268 1001 3293 f
1024 3270 1175 3309 disceden

251 3336 299 3363 tes
315 3329 350 3362 in
369 3323 432 3360 illis
459 3320 581 3370 quibus
607 3332 701 3359 antea
725 3322 921 3360 tenebantur
944 3320 1190 3360 infirmitatibus

353 3375 392 3411 S.
414 3371 573 3419 Prosperi
599 3396 611 3408 .

292 3469 312 3490 a
332 3455 388 3487 Mi.
413 3455 534 3495 Remig.
553 3455 689 3486 diuturno
705 3455 827 3495 ieiunio.

291 3498 313 3530 b
334 3495 529 3537 supplendam
552 3495 600 3526 hic
620 3497 763 3528 credimus
785 3506 907 3535 vocem,
926 3495 1058 3535 inclufit,
1078 3494 1190 3528 autali-

252 3548 344 3580 quam
365 3537 490 3571 ejusdem
512 3535 620 3567 sensus.

294 3591 310 3611 c
333 3578 364 3608 M
379 3600 390 3610 .
409 3576 531 3615 Remig.
548 3576 676 3607 indixit.

296 3621 315 3651 d
338 3619 428 3650 Hunc
450 3626 607 3648 numerum
627 3616 758 3657 defigunt
786 3616 837 3647 Μ(
866 3617 984 3659 Remig.
1011 3617 1062 3660 qui
1089 3627 1124 3649 ex
1152 3618 1192 3648 se—

253 3660 410 3703 ptuaginta
429 3655 460 3688 δι
479 3658 649 3697 quindecim
671 3656 771 3688 diebus
793 3658 894 3692 ieiunii
937 3659 1016 3689 uellae
1037 3658 1116 3689 illius
1146 3658 1188 3688 su·

253 3711 306 3742 pta
330 3698 442 3731 notatis
462 3698 575 3738 exurgit
597 3709 609 3729 .·
633 3697 716 3729 Editi
738 3706 862 3734 omnes,
880 3698 907 3728 Ο
933 3699 1031 3739 oginta
1049 3699 1089 3730 (9·
1109 3701 1190 3736 duos,

255 3751 309 3772 nec
329 3739 449 3770 difficile
469 3737 526 3768 fuit
547 3737 657 3771 mxxxii.
678 3747 712 3767 ex
732 3747 839 3768 xxxxv.
861 3737 923 3768 fieti
944 3749 962 3771 a
980 3739 1142 3772 Libtanis.

297 3791 314 3811 e
334 3780 382 3810 Sic
404 3779 460 3809 Mi.
481 3778 578 3808 Remi.
601 3777 704 3814 Editi,
721 3778 781 3817 ollis
801 3778 915 3809 liniret.
1015 3781 1017 3784 ’

296 3820 312 3852 f
331 3820 387 3850 Ms.
407 3819 526 3858 Remig.
547 3816 758 3858 discedentibus
776 3818 860 3849 illis.

297 3871 319 3902 g
336 3860 384 3893 sie
403 3860 462 3893 Ms.
482 3859 601 3901 Remig.
621 3857 726 3896 miti,
746 3857 786 3894 Φ
805 3856 901 3891 nobit·

1238 304 1493 349 permanebant.
1518 307 1580 347 Sed
1602 311 1632 343 in
1654 305 1707 344 his
1718 309 1891 358 proditum
1903 307 1967 345 sese
1977 311 2179 356 cognoscens

1237 353 1390 391 seductor
1413 356 1489 401 ille,
1515 358 1662 403 aufugit.

1287 416 1316 459 ις.
1345 410 1384 442 In
1406 407 1481 443 Asia
1503 420 1584 443 vero
1603 408 1667 444 i'ive
1687 409 1815 457 ipsum,
1842 411 1907 447 five
1928 410 2030 448 alium
2049 410 2124 446 talia
2137 412 2178 447 se-

1235 457 1305 492 cisse
1315 482 1327 499 ,
1352 457 1487 503 quidam
1503 457 1714 496 Christianus
1724 462 1890 500 relmiosus
1901 466 1919 493 8
1929 465 1960 498 δι
1974 459 2182 498 nobilienar-

1237 510 1338 543 ravit.
1364 510 1404 543 In
1422 508 1515 544 Italia
1533 522 1693 558 quoque,
1719 511 1814 549 nobis
1841 513 1929 561 apud
1959 514 2180 561 Campaniam
2258 499 2279 532 Ι

1237 557 1443 600 constitutis,
1469 557 1552 594 dum
1572 560 1789 606 venerabilis,
1814 561 2181 612 &Apostolicohono-

1237 621 1273 644 re
1292 609 1511 647 nominandus
1533 613 1618 659 Papa
1636 614 1708 647 Leo
1727 613 1934 651 Manicbaeos
1961 612 2182 658 subverteret,

1242 661 1276 694 &
1296 669 1481 696 contereret
1511 659 1718 706 Pelagianos.
1747 667 1780 700 &
1813 668 1956 701 maxime
1984 663 2149 706 Iulianum
2168 677 2180 700 a

1242 707 1388 745 ambiens
1409 721 1479 746 tum
1491 711 1628 758 quidam
1649 711 1768 750 Florus
1779 719 1937 760 nomine,
1964 713 2079 761 spiritu
2091 713 2183 750 sedu-

1242 759 1364 796 &ionis
1382 770 1550 808 arreptus.
1577 766 1740 800 virtutem
1760 766 1794 800 δε
1815 770 1970 803 meritum
1990 764 2048 801 fibi
2080 763 2182 801 sanffl

1242 809 1321 846 Sofii
1341 815 1497 858 martyris
1515 812 1695 859 affignans,
1720 827 1798 851 cum
1819 813 1908 852 haud
1931 813 2048 864 procul
2066 818 2184 851 aNea-

1243 860 1388 909 politana
1407 863 1539 898 civitate
1556 865 1587 897 in
1615 861 1857 902 subverflonem
1883 870 2064 904 animarum
2091 877 2182 912 quae-

1242 911 1318 947 dam
1340 913 1550 958 promitteret
1560 911 1892 961 faceretqueillicita‚
1917 930 1934 953 a
1954 927 2115 964 germano
2125 926 2182 951 ve-

1242 960 1393 998 nerabilis
1411 959 1580 997 Nostriani
1601 963 1772 1011 episcopi,
1798 970 1832 1002 &
1854 969 1963 1003 Herio
1973 960 2184 1015 presbytero,

1242 1010 1338 1048 simul
1356 1022 1433 1046 cum
1452 1009 1582 1047 clericis
1601 1013 1766 1061 ρτεάἰᾶε
1786 1015 1941 1054 Ecclefiae
1971 1018 2125 1053 detentus
2145 1018 2183 1052 δι

1242 1065 1429 1104 coercitus,
1454 1056 1472 1083 ¹¹
1491 1060 1533 1097 iic
1559 1074 1576 1097 a
1609 1062 1748 1108 ραι-ἔξιτε
1779 1070 1962 1113 provinciae
1983 1063 1991 1089 ί
2010 1063 2182 1102 liminibus

1242 1111 1352 1161 pulsus
1372 1110 1434 1147 est.
1462 1110 1572 1149 Multa
1591 1112 1663 1149 sane
1683 1127 1742 1162 per
1759 1116 1900 1154 diversas
1926 1129 2030 1154 terras
2059 1120 2125 1162 agit
2147 1113 2184 1150 il·
2268 1134 2280 1164 i

1241 1163 1293 1206 le,
1327 1166 1383 1210 qui
1415 1161 1478 1199 suae
1509 1162 1701 1210 perditionis
1730 1166 1836 1204 socios
1867 1172 2003 1214 quaerit.
2032 1167 2183 1215 Ideoque

1240 1220 1341 1264 pauca
1364 1212 1461 1260 ipsius
1481 1215 1514 1248 in
1533 1211 1602 1250 hoc
1629 1227 1730 1262 opere
1760 1219 1942 1254 intimanda
1967 1217 2119 1260 credidi,
2145 1226 2184 1252 ut

1239 1268 1298 1315 qui
1327 1263 1400 1313 post
1427 1275 1486 1300 nos
1513 1262 1615 1302 fiituti
1645 1264 1738 1310 sunt,
1773 1267 1917 1314 legendo
1942 1266 2145 1315 cognoscant
2171 1290 2184 1308 ,

1237 1328 1303 1364 qua
1330 1313 1473 1358 cautela,
1499 1317 1579 1352 Deo
1604 1317 1758 1363 juvante,
1793 1318 1944 1369 superare
1970 1317 2098 1356 valcant
2123 1319 2186 1354 ini·

1238 1378 1384 1405 micum.

1440 1459 1474 1494 C
1525 1461 1559 1495 A
1613 1464 1640 1497 P
1691 1465 1726 1499 U
1777 1464 1812 1500 T
1888 1465 1968 1501 v11.

1320 1549 1377 1586 De
1400 1548 1556 1594 muliere,
1584 1550 1628 1586 θ’
1653 1549 1758 1594 bestia
1781 1564 1804 1587 a
1829 1564 1894 1600 qua
1917 1562 2092 1601 portatur.

1514 1637 1695 1675 Praedifflo
1718 1637 1886 1688 implenda
1896 1664 1909 1675 .

1282 1724 1319 1758 N
1338 1720 1544 1770 Apocalypfi
1573 1725 1715 1764 Ioannes
1741 1722 1911 1771 apostolus
1937 1723 2019 1760 dicit
2043 1739 2057 1761 .-
2092 1722 2186 1758 Vem't
2203 1736 2369 1775 Ap00,17,1‚

1309 1783 1388 1805 unus
1410 1783 1450 1804 ex
1462 1773 1588 1817 septem
1608 1773 1732 1817 angelis
1745 1772 1869 1817 santius
1888 1799 1900 1816 ,
1928 1774 1971 1806 (9‘
1989 1774 2115 1807 locutus
2141 1772 2186 1816 es}
2204 1781 2272 1811 &c-

1237 1833 1355 1856 miecum
1376 1847 1387 1864 ‚
1414 1821 1526 1855 dicens
1555 1837 1564 1858 ς
1591 1821 1667 1855 Veni
1691 1847 1701 1866 ‚
1736 1818 1899 1864 ostendam
1929 1823 1992 1857 tibi
2016 1822 2187 1866 judicium

1239 1871 1413 1906 meretricis
1433 1883 1560 1917 magnae
1572 1876 1716 1917 sedentis
1729 1873 1830 1920 fflper
1846 1885 1949 1918 aquas
1966 1873 2087 1908 multas
2104 1901 2115 1911 .
2141 1873 2187 1907 Et

1240 1921 1338 1957 duxit
1357 1934 1406 1956 me
1423 1921 1458 1955 in
1469 1921 1591 1968 spiritu
1611 1949 1625 1967 ,
1650 1922 1694 1958 O*
1722 1923 1803 1958 vidi
1830 1923 1995 1958 mutierem
2019 1924 2187 1970 sedentem

1234 1974 1335 2020 super
1353 1969 1483 2015 bestiam
1503 1969 1672 2006 habentem
1701 1973 1812 2019 capita
1839 1973 1964 2019 septem
1993 1973 2037 2007 Θ·
2065 1984 2188 2008 cornua

1241 2024 1368 2066 decem,
1391 2022 1550 2067 ferentem
1568 2022 1720 2068 poculum
1744 2022 1783 2056 ‘in
1809 2033 1907 2056 manu
1929 2022 1990 2069 fica
2009 2049 2020 2066 ‚
2055 2023 2189 2070 plenum

1242 2072 1500 2108 execrationibus
1531 2072 1742 2108 immunditie
1770 2072 1814 2106 (9⁶
1838 2072 2053 2118 fornicatione
2090 2073 2191 2109 totius

1243 2135 1358 2161 terrie,
1385 2126 1432 2162 Et
1445 2123 1545 2172 paulo
1557 2122 1649 2172 posta
1675 2123 1750 2157 Vidi
1769 2123 1935 2157 mulierem
1956 2122 2051 2158 illam
2063 2123 2187 2160 ebriam
2207 2130 2349 2170 IbidJJ.

1236 2173 1421 2216 sauciorum
1438 2173 1626 2218 sanguine,
1652 2174 1697 2205 Ο·
1710 2173 1869 2219 sanguine
1888 2174 2082 2222 Martyrum
2091 2173 2191 2209 Chri-
2298 2169 2310 2173 ”

1241 2220 1286 2263 sti
1298 2219 1398 2263 Iesu.
1423 2223 1509 2256 Haec
1528 2220 1576 2256 est
1602 2218 1623 2243 Β
1649 2222 1802 2269 Babylon
1825 2224 1878 2260 illa
1898 2238 2012 2272 magna
2024 2240 2084 2275 per
2094 2239 2191 2263 mun·

1244 2271 1327 2308 dum
1348 2268 1548 2317 expolianda
1569 2269 1731 2318 trophaeis
1756 2286 1767 2308 π
1794 2272 1927 2320 ejusque
1949 2275 2016 2311 filia
2032 2275 2080 2312 est
2099 2276 2193 2312 mise-

1247 2334 1301 2364 ra,
1326 2332 1547 2369 quaecumque
1566 2319 1651 2356 {aaa
1669 2322 1740 2367 ejus
1758 2325 1793 2358 δι
1815 2322 2002 2370 superbiam
2021 2328 2193 2363 imitatur.

1246 2375 1322 2410 Nec
1342 2384 1413 2407 eam
1433 2383 1504 2408 uno
1522 2373 1556 2407 in
1587 2369 1667 2407 loco
1695 2372 1863 2408 existimes
1893 2377 2061 2411 civitatem
2080 2400 2093 2417 ,
2118 2388 2194 2422 quae

1246 2433 1319 2459 tota
1340 2421 1387 2456 est
1405 2420 1510 2464 sparsa
1526 2424 1561 2452 in
1580 2418 1693 2467 orbe.⁴
1709 2420 1766 2452 De
1784 2430 1849 2464 qua
1868 2421 1950 2456 dicit
1969 2426 2003 2458 &
2026 2422 2193 2470 propheta

1248 2469 1384 2504 Davidt
1413 2465 1501 2517 Filia
1524 2463 1707 2518 Babylo-ms
1718 2465 1854 2510 misera,
1881 2467 2015 2515 beatus,
2038 2475 2106 2515 ait,
2131 2473 2193 2520 qui
2210 2490 2280 2530 ps¹
2306 2493 2353 2522 68

1249 2514 1407 2548 retribuet
1427 2513 1488 2546 tuba
1509 2513 1750 2548 retributionem
1777 2524 1890 2561 tuam,
1917 2531 2014 2565 quam
2042 2522 2192 2558 retribui·
2248 2511 2257 2522 ο
2287 2501 2303 2532 3
2327 2514 2336 2525 ’
2357 2513 2366 2524 ι

1241 2563 1286 2607 fii
1307 2563 1420 2600 nobis.
1446 2566 1494 2600 Et
1513 2563 1722 2618 inhApocaly
1748 2565 2070 2610 fiJoannisdicitur:
2098 2573 2189 2608 Red-

1249 2614 1319 2649 dite
1337 2613 1368 2648 ei
1377 2612 1466 2655 ficut
1486 2611 1530 2647 (9'
1547 2614 1619 2660 ipsa
1650 2617 1708 2648 red
1735 2616 1800 2650 idit
1828 2621 1950 2658 vobis:
1977 2635 2011 2655 m
2038 2625 2153 2670 poculo
2207 2616 2366 2654 Apoc.18.6

1248 2677 1309 2710 quo
1326 2664 1448 2710 miscuit
1467 2663 1566 2698 vobis
1577 2690 1586 2707 ‚
1614 2665 1740 2711 miscete
1759 2666 1791 2700 ei
1800 2669 1938 2716 duplum
1950 2696 1960 2706 .
1987 2673 2031 2706 Ee
2039 2674 2073 2708 in
2086 2649 2191 2721 quan:
2207 2655 2247 2686 Θ
2260 2661 2341 2697 seqq'

1247 2724 1316 2749 tum
1330 2714 1368 2760 se
1386 2713 1587 2758 clarificavit
1613 2714 1658 2750 &
1682 2714 1692 2739 ¹
1716 2718 1887 2763 potestatis
1905 2720 2044 2766 babuit,
2069 2726 2103 2759 in
2116 2736 2190 2762 tan.

1246 2775 1314 2801 tum
1335 2764 1411 2798 date
1429 2765 1460 2798 ei
1480 2764 1664 2811 cruciatus,
1691 2766 1872 2806 &duflum
1897 2771 1987 2814 Quia
1999 2773 2103 2813 dicit,-
2131 2781 2190 2812 Se.
2274 2773 2285 2804 l

1247 2817 1307 2851 deo
1327 2815 1438 2862 regina
1452 2840 1463 2857 ‚
1489 2815 1533 2849 (9¹
1552 2815 1661 2851 vidua
1679 2830 1740 2852 non
1755 2820 1855 2866 sum,
1882 2833 1942 2856 nec
1961 2823 2070 2859 luHus
2101 2828 2189 2875 visu-

1245 2880 1286 2901 ra
1299 2866 1393 2913 fi‘m·
1420 2865 1560 2912 Ideoque
1578 2865 1742 2902 unahora
1760 2870 1869 2915 plagae
1888 2873 1958 2915 eius
1967 2873 2190 2923 advenerunt,

1244 2930 1355 2962 mors,
1375 2917 1504 2963 fames,
1530 2916 1574 2951 (9⁶
1591 2916 1715 2955 lansius.
1742 2924 1769 2942 m
1797 2921 1841 2954 Et
1852 2921 1923 2968 ipfit
1939 2922 2012 2971 igni
2033 2929 2192 2963 cremabi-
2254 2946 2285 2968 m

1244 2977 1323 3013 mr,
1348 2966 1501 3015 quoniam
1517 2967 1616 3013 {brtis
1636 2968 1681 3012 est
1698 2969 1861 3007 Dominus
1895 2972 1954 3017 qui
1975 2987 2047 3009 eam
2056 2978 2192 3022 judica-

1248 3019 1316 3056 bit.

2268 2255 2289 2284 k

1303 3081 1333 3106 2.
1361 3072 1450 3116 Quis
1466 3081 1576 3108 autem
1598 3083 1668 3107 non
1687 3071 1871 3121 intelligat,
1896 3086 1999 3123 quam
2022 3077 2111 3117 dieat
2142 3084 2188 3120 fe-

1252 3132 1380 3158 rentem
1402 3121 1563 3168 poculum
1585 3121 1720 3170 plenum
1756 3126 2019 3165 execrationibus
2046 3134 2190 3171 immun-

1250 3171 1338 3209 ditiae
1356 3198 1369 3216 ,
1405 3174 1440 3208 δε
1464 3176 1481 3194 ¹¹
1506 3171 1735 3210 fornicationis
1765 3179 1872 3212 totius
1898 3187 1994 3215 terrae
2019 3184 2032 3215 ?
2055 3185 2188 3222 AEterna

1247 3235 1326 3259 cum
1352 3227 1369 3245 ⁰
1394 3222 1518 3259 dicitur
1536 3236 1611 3271 quae
1629 3224 1824 3274 temporalis
1844 3226 1912 3270 est,
1936 3233 2053 3277 utique
2064 3245 2188 3271 nomen

1249 3271 1295 3309 est
1315 3271 1543 3322 blasphemie:
1568 3287 1647 3311 cum
1667 3274 1826 3312 mortales
1844 3276 1921 3312 licet
1931 3291 2040 3325 reges,
2065 3286 2083 3312 Ρ
2107 3287 2190 3322 inea

1250 3323 1403 3361 dicantur
1423 3324 1527 3367 Divi,
1552 3324 1663 3374 eisque
1690 3325 1852 3375 supplices
1878 3329 1994 3367 dicunt
2010 3357 2023 3376 ,
2048 3336 2190 3372 Numina

1787 3389 1810 3423 q
1864 3389 1886 3417 2,
2086 3397 2140 3421 ve-

1289 3457 1311 3488 h
1333 3456 1391 3488 Ms.
1412 3456 1530 3496 Remig.
1552 3458 1687 3488 coercitus
1707 3458 1810 3499 digne.

1290 3499 1301 3528 i
1326 3498 1369 3528 Μ.
1390 3498 1510 3537 Remig.
1530 3495 1706 3527 bominibus.

1290 3537 1311 3568 k
1335 3538 1417 3569 Editi
1439 3539 1639 3576 antiquiores,
1661 3537 1693 3569 ἃ
1716 3538 1775 3573 Ms,
1798 3538 1914 3581 Remig.
1939 3543 2099 3585 Babylonia
2120 3558 2129 3580 :
2149 3560 2190 3581 re.

1252 3579 1415 3612 centiens,
1439 3576 1583 3616 Babylon.

1293 3620 1304 3649 l
1325 3618 1384 3648 ΜΓ.
1407 3619 1525 3657 Remig.
1545 3626 1610 3657 pote
1633 3627 1696 3648 ates·
1715 3640 1725 3650 .
1746 3641 1755 3651 .
1774 3642 1781 3648 .
1805 3619 1930 3654 ludum,

1257 3699 1263 3705 ι
1289 3669 1318 3689 m
1341 3659 1399 3688 ΜΓ.
1421 3659 1539 3697 Remig.
1558 3660 1595 3687 [ιι
1615 3659 1706 3698 ipsam
1728 3658 1962 3700 ignicremabunt
1979 3674 1990 3698 ¹.
2009 3688 2019 3699 .
2038 3687 2048 3698 ·
2067 3668 2188 3709 quiea„

1264 3699 1410 3730 micavit.

1246 3711 1262 3740 7
1290 3750 1312 3770 n
1334 3739 1391 3769 Ms.
1411 3737 1530 3778 Remig.
1547 3737 1759 3776 fornicatione.

1288 3790 1307 3810 o
1330 3779 1386 3809 ΜΓ.
1407 3779 1523 3818 Remig.
1543 3779 1696 3809 diceretur.

1289 3830 1309 3860 p
1324 3819 1389 3852 Mi.
1408 3814 1537 3862 Remig.
1552 3819 1583 3850 in
1603 3817 1653 3852 hoc
1672 3820 1823 3854 dicamur.

2265 3223 2287 3334 ’ΌΟῺ
