2652 4126
464 212 580 265 404

527 285 589 329 Eo
622 285 803 341 tempore
835 287 868 323 a*
890 279 1086 322 Romanis
1110 279 1391 323 Beneventum

461 344 502 389 8<
533 344 744 386 Ariminus
775 339 987 383 conditaes
1140 362 1142 364 -
1197 347 1202 369 5
1240 348 1260 397 ’Δ
1312 335 1326 371 ἶ

525 405 781 452 Ptolomaeus,
810 402 877 454 qui
908 400 947 440 8<
979 397 1289 456 Philadelphus,
1319 414 1389 442 an-

462 465 525 508 nis
556 468 694 506 xxxva
708 474 773 503 1·1.
808 459 891 501 Hic
923 458 1095 515 Judaeos,
1125 460 1192 515 qui
1225 461 1266 500 in
1291 461 1387 501 AE-

461 535 591 581 gypto
621 534 736 563 erant
766 549 779 571 ‚
819 520 964 560 liberos
1000 519 1073 561 eise
1106 519 1286 575 permisit
1306 549 1319 570 ‚
1348 522 1387 561 8<

458 584 554 625 vasa
584 582 790 622 Eleazaro>
826 578 1010 621 Pontifici
1050 576 1385 636 Jerosolymorum

459 643 600 685 votiva
631 640 909 682 transmittens
928 669 941 691 ,
970 640 1137 681 *divinas
1178 638 1387 696 scripturas

458 703 502 744 in
534 704 715 744 Graecum
746 699 974 741 sermonem
1003 714 1055 741 ex
1098 699 1388 740 Hebraea'lin—

458 777 535 820 gua
566 776 639 818 per
669 762 756 805 lxx.
789 762 1038 816 Interpretes
1078 758 1286 800 transferri
1326 773 1390 801 cu·

456 823 588 874 ravit,
618 834 713 876 quas
745 821 787 860 in
820 818 1101 860 Alexandrina
1134 818 1388 860 Bibliotheca

456 882 600 928 habuit
618 879 634 933 ,'
661 887 783 936 quam
813 879 885 920 fibi
915 894 965 922 ex
998 880 1112 923 omni
1143 889 1295 935 genere
1316 877 1386 920 lit-

457 954 631 984 terarum
665 951 994 996 comparaverat.

518 1003 749 1057 Argenteus
779 1013 967 1041 nummus
998 1000 1174 1056 primum
1206 999 1248 1039 in
1276 998 1389 1039 Urbe

458 1060 675 1118 figuratus,
705 1061 819 1116 regni
851 1059 966 1114 hujus
997 1073 1105 1100 anno
1136 1070 1269 1100 x111.
1301 1060 1390 1101 Hu-

455 1121 515 1176 jus
544 1119 662 1176 regni
683 1130 827 1161 ‘autem
860 1133 989 1162 xx1V.
1012 1118 1190 1159 Romani
1213 1118 1388 1159 Car-tha-

454 1179 640 1237 ginenses
675 1179 814 1220 navali
846 1178 1066 1219 certamine
1099 1177 1318 1234 superant,
1349 1178 1387 1218 8<

456 1252 620 1281 centum
641 1238 792 1291 ‘Lybiae
822 1238 936 1278 urbes
967 1238 1156 1293 capiunt.
1332 1245 1336 1250 ’
1376 1247 1377 1250 ’

515 1298 736 1356 Judaeorum
779 1294 1062 1337 Pontificatum
1100 1294 1187 1355 post
1219 1295 1388 1337 Eleaza—

450 1364 543 1399 rum
575 1357 793 1398 avunculus
824 1356 904 1411 ejus
947 1356 1150 1398 Manasses
1190 1355 1388 1412 accepit:

451 1416 539 1475 post
569 1431 689 1473 quem
723 1416 852 1457 Onias
884 1415 1074 1458 Pontifex
1118 1417 1294 1457 Simonis
1334 1416 1390 1470 ju⁴

452 1476 499 1518 sti
530 1476 631 1518 filius
663 1477 790 1518 clarus
821 1476 1068 1528 habebatur,
1098 1478 1167 1532 qui
1198 1475 1386 1518 consueta

452 1537 671 1578 Ptolomaeo
702 1536 852 1578 tributa
883 1550 964 1577 non
988 1534 1178 1588 reddens,
1211 1535 1260 1577 ad
1280 1537 1384 1593 iram

451 1611 545 1640 eum
571 1597 815 1639 commovit.
855 1597 1009 1638 Verum
1020 1595 1225 1652 Josephus·
1244 1597 1306 1637 vir
1324 1597 1384 1637 in-

450 1669 513 1699 ter
553 1655 637 1698 suos
678 1657 822 1698 nobilis
845 1686 857 1708 ‚
895 1657 1050 1712 legatus
1091 1655 1293 1713 agJudaeis
1334 1654 1385 1697 ad

450 1717 712 1758 Ptolomaeum
743 1714 898 1768 missus,
916 1730 1019 1758 *cum
1061 1715 1384 1757 familiaritatem

448 1777 577 1833 Regis
608 1778 658 1817 ob
692 1777 866 1833 plurima
897 1776 1063 1817 in‘eum
1095 1775 1296 1817 meruisset
1315 1777 1384 1817 ob-

446 1835 584 1892 sequia
603 1867 615 1889 ‚
643 1836 722 1878 dux
755 1835 892 1893 Judaeae
912 1837 952 1877 8<
972 1833 1239 1879 finitimarum
1251 1837 1381 1892 regio-

446 1908 548 1939 num
579 1895 852 1940 constituitur.
1006 1920 1009 1922 -
1272 1912 1274 1915 ’

510 1957 667 1998 Parthis
699 1957 747 1998 ab
780 1957 960 2013 Imperio
1003 1956 1280 1999 Macedonum
1321 1970 1379 1999 re-

446 2015 677 2057 cedentibus
707 2047 720 2068 ,
761 2018 893 2073 primo
934 2017 1124 2073 regnavit
1167 2016 1333 2059 Arsaces
1364 2046 1378 2070 ,

444 2074 550 2117 unde
584 2075 782 2118 Arsacidae
814 2076 931 2118 dieii.

504 2136 736 2176 Ptolemaeus
769 2138 991 2192 Evergetes
1023 2136 1140 2178 annis
1171 2135 1307 2178 xxvi.-
1326 2161 1334 2166 „

504 2194 633 2250 Hujus
674 2196 867 2250 temporis
907 2193 1129 2249 Judaeorum
1181 2193 1369 2234 Pontifex

443 2253 582 2292 Simon
627 2254 744 2293 Oniae
789 2251 890 2293 filius
930 2253 1056 2293 clarus
1106 2251 1370 2293 habebatur:

439 2310 509 2352 sub
541 2325 617 2366 quo
649 2311 755 2365 jesus
787 2310 886 2352 filius
918 2311 1058 2351 Sirach
1091 2311 1307 2366 Sapientia:
1328 2311 1374 2352 li-

439 2370 557 2410 brum
568 2369 790 2425 composuit
801 2400 812 2421 ‚
833 2384 953 2426 quem
965 2371 1367 2411 Panareton-vocant.

499 2429 657 2468 Ennius
689 2429 811 2469 Poeta
844 2428 1021 2469 Tarenti
1053 2427 1248 2468 nascitur.

498 2487 647 2528 Rhodo
679 2498 792 2528 terrae
824 2498 936 2528 motu
956 2485 1157 2540 concussa,
1189 2484 1368 2527 colossus

435 2546 538 2590 ruit.
976 2569 981 2574 ν’
1245 2554 1248 2555 ’

497 2609 537 2650 Α
570 2607 768 2649 Romanis
800 2607 855 2649 xl.
890 2605 971 2647 fere
1003 2603 1131 2646 millia
1161 2606 1373 2647 Gallorum

437 2666 552 2710 caesa.
872 2706 875 2710 .

497 2728 730 2769 Ptolomaeus
762 2725 1002 2781 Philopator
1031 2724 1146 2766 annis
1167 2726 1376 2781 xvr1.Ju-

439 2787 512 2828 daei
544 2786 639 2828 visli
670 2787 707 2828 8<
739 2787 795 2828 xl.
819 2785 947 2826 millia
968 2797 1212 2826 armatorum
1235 2797 1287 2828 ex
1308 2799 1377 2826 nu·

440 2861 552 2889 mero
585 2860 721 2887 eorum
753 2844 872 2887 caesa.
1291 2841 1315 2875 ·Ϊ

502 2907 679 2948 Romani
729 2920 825 2948 vero
875 2905 1062 2961 Capuam
1112 2905 1151 2945 8<
1193 2902 1371 2945 Siciliam

442 2965 672 3022 subjugant.
1222 2992 1229 2997 «
1286 2984 1287 2987 “

504 3026 730 3067 Antiochus
761 3040 832 3068 rex
864 3025 1011 3078 Syriae,
1044 3024 1148 3066 visio
1181 3022 1371 3078 Philopa-

443 3096 554 3135 tore,
586 3091 657 3140 pe'r
691 3087 972 3138 Ptolemaeum,
1003 3084 1180 3140 Judaeam
1213 3082 1283 3123 fibi
1315 3081 1371 3122 su-

445 3156 545 3185 mit.
1156 3169 1190 3177 -,
1239 3160 1253 3166 ¹⁴

506 3203 736 3245 Ptolemaeus
787 3206 1026 3261 Epiphanes
1075 3203 1189 3244 annis
1239 3215 1370 3245 xx1v.

446 3262 528 3303 Hic
562 3264 691 3319 Scopa
723 3265 904 3321 principe
936 3262 1091 3305 militiae
1131 3261 1328 3304 destinato
1359 3291 1372 3314 ,

388 3350 390 3352 v
446 3320 616 3376 Judaearn
651 3324 783 3379 capit,
815 3325 852 3364 8<
882 3324 1074 3380 plurimas
1109 3324 1233 3378 Syriae
1273 3322 1370 3364 civi-

446 3392 568 3421 tates.
604 3382 914 3424 Secundusliber
928 3382 1279 3424 Macchabaeorum
1302 3381 1373 3422 hu-

444 3438 502 3494 jus
534 3442 726 3496 temporis
757 3441 863 3497 gesta
894 3443 1099 3484 continet.

506 3500 596 3540 Hac
630 3500 863 3556 tempestate
894 3530 906 3553 ,
945 3516 1034 3542 cum
1075 3501 1125 3542 ab
1166 3496 1373 3542 Antiocho

446 3572 517 3613 per
548 3560 699 3615 legatos
733 3561 1011 3603 Hannibalem
1044 3560 1222 3602 Romani
1256 3571 1371 3613 repo-

447 3616 622 3670 scerent,
653 3620 715 3660 cui
746 3619 783 3660 se
816 3619 941 3660 visitis
973 3634 995 3661 a
1030 3620 1217 3675 Scipione
1249 3617 1368 3660 socia-

447 3688 585 3728 verat,
616 3676 723 3719 idem
757 3679 965 3720 Hannibal
1007 3677 1054 3720 ad
1096 3678 1271 3719 Prusiam
1310 3689 1370 3716 re-

449 3747 542 3789 gem
576 3735 777 3790 Bithynia:
810 3737 1044 3794 transfugit:
1076 3738 1114 3779 8<
1134 3751 1225 3781 cum
1247 3735 1371 3781 etiam

748 185 2171 259 S.PRos'PssR1·AQu1TAN1

1451 279 1501 320 ab
1531 293 1580 320 eo
1611 293 1683 336 per
1695 279 1946 322 Flaminium
1975 281 2269 339 reposceretur,
2299 294 2379 326 tra-

1449 337 1677 396 dendusque
1695 338 1815 392 effe't,
1845 350 2049 383 venenum
2068 341 2194 395 bibit‚·
2222 343 2379 403 &apud

1449 397 1655 452 Libyss'am
1690 399 1896 454 Bithyniae
1925 399 2098 458 sepultus
2127 400 2206 444 est.

1507 458 1689 500 Caecilius
1722 460 1845 501 Poeta
1876 461 2091 503 Comicus.
2369 493 2372 496 ι

1505 518 1739 561 Ptolomaeus
1770 518 2019 563 Philometor
2049 521 2166 563 annis
2197 536 2298 565 xxv.
2312 521 2379 564 seu

1446 591 1575 620 xxxv.
1609 577 1738 633 Hujus
1770 593 1878 620 anno
1908 593 2049 638 quarto
2082 582 2297 635 Hyrcanus
2316 583 2380 639 Jo-

1449 636 1564 693 sephi
1593 635 1700 680 ducis
1731 637 2000 693 Judaeae''·filius
2021 670 2036 693 ,
2073 654 2166 682 cum
2205 639 2255 684 ad
2288 642 2379 684 Pto-

1447 697 1645 738 lomaeum‘
1664 697 1898 753 perrexisset
1919 695 1940 751 '‚
1979 698 2198 743 honorifice
2237 702 2288 743 ab
2328 700 2377 743 eo

1450 755 1647 813 susceptus
1679 755 1756 798 est.
1791 760 1942 800 Verum
1974 759 2116 801 fratres
2156 759 2238 816 ejus
2281 759 2378 803 sedi->

1450 817 1734 858 tione:.c0ntra
1764 831 1856 859 eum
1889 831 2296 876 mota,smagnarum
2315 831 2379 863 ca·'

1448 877 1676 917 lamitatum
1717 875 1853 933 Judaeae
1893 879 2007 935 genti
2055 878 2181 921 caussa
2230 881 2378 923 extite-

1449 950 1566 978 runt·
1639 964 1642 968 ·
1804 965 1808 968 ·
1852 966 1859 971 ·
1893 957 1902 971 ‘-

1514 994 1785 1050 Aristobolus‚
1815 997 1981 1038 natione
2013 997 2186 1052 Judaeus,
2218 996 2378 1056 Peripa-

1448 1058 1590 1098 teticus
1625 1055 1887 1113 Philosophus
1917 1057 2082 1100 claruit:
2114 1059 2183 1115 qui
2214 1058 2264 1101 ad
2286 1060 2378 1101 Phi·

1446 1118 1686 1158 lometorem
1729 1116 1988 1158 Ptolemaeum
2036 1119 2377 1174 explanationum

1447 1177 1488 1218 in
1523 1175 1697 1229 Moysen
1730 1177 2042 1224 commentarios
2073 1176 2246 1235 scripsit.

1476 1261 1478 1266 ν
1509 1235 1667 1277 Eodem
1699 1248 1881 1292 tempore
1922 1236 2150 1286 Antiochus
2191 1237 2379 1295 Epipha-

1450 1305 1520 1336 nes
1547 1325 1561 1348 ,
1598 1309 1689 1336 cum
1729 1294 1778 1337 de
1818 1295 1984 1352 regione
2026 1297 2376 1352 Ptolomaeorum.

1450 1354 1729 1410 quamd'ubito
1760 1356 1985 1408 invaserat,
2016 1357 2176 1399 territus
2208 1357 2374 1400 'senatus

1452 1414 1835 1472 Roma-niimperio
1855 1415 2083 1469 receffiffet,
2112 1415 2287 1473 Judaeam
2307 1429 2378 1460 ve-'

1448 1470 1699 1530 nit52‘ibique
1726 1475 1886 1530 *Jesu28t
1924 1474 2058 1532 Jasoni
2097 1476 2214 1519 fratri
2254 1478 2380 1519 oniae·

1448 1531 1730 1574 Pontificatum
1761 1534 1961 1578 tradidit.
1993 1535 2264 1593 Quoxcleinde
2304 1552 2374 1580 ex-

1448 1591 1558 1650 pulso
1579 1592 1596 1645 ³,'
1610 1623 1613 1627 ⁷
1625 1594 1782 1635 Oniam.
1793 1598 1806 1620 “-
1818 1608 2090 1651 cog-nomento
2107 1629 2109 1631 .
2132 1597 2378 1649 Menelaum

1446 1652 1700 1699 luecessbrem
1733 1654 1770 1694 ei
1801 1653 1912 1696 dedit
1932 1685 1942 1696 .
1975 1659 2116 1712 Itaque
2157 1656 2223 1698 ob.
2249 1655 2379 1698 sacer«

1446 1714 1562 1755 dotii.
1596 1712 1969 1770 dignitatem-orta
2019 1714 2227 1757 seditione¹
2248 1717 2375 1758 ‘inter

1446 1774 1676 1830 Principes,
1705 1774 1935 1830 ingentium
1969 1774 2226 1818 miseriarum:
2258 1774 2375 1818 semi-

1445 1849 1499 1876 na
1530 1834 1855 1890 pullulaverunt.
1964 1864 1970 1867 -
2019 1869 2021 1871 .
2063 1850 2079 1860 ·’
2328 1848 2379 1872 :w

1503 1894 1709 1936 Samaritae
1740 1893 1786 1935 δ’(
1806 1893 1930 1951 Judaei
1961 1895 2220 1939 Alexandriae
2234 1909 2253 1950 *,
2282 1897 2376 1939 Pto-
2410 1900 2415 1903 “

1439 1955 1581 1996 lomaeo
1613 1952 1838 2009 judicante,
1868 1955 2120 1999 contendunt
2140 1954 2376 1999 ›dehono'ria

1436 2015 1508 2056 bus
1538 2026 1795 2069 eie-utraquev
1814 2028 1936 2070 parte
1975 2015 2236 2071 templo-suo
2264 2015 2373 2057 dese-

1439 2073 1596 2124 rendis,
1625 2073 1664 2112 8<
1694 2072 1883 2126 superant
1913 2071 2056 2126 Judaei.
2322 2089 2327 2103 ²

1479 2155 1482 2158 ·
1500 2129 1702 2171 Vi'cesn'no
1719 2141 1868 2178 'autem
1896 2129 2072 2184 ejusdem
2099 2133 2231 2189 regni.
2247 2145 2371 2187 anno,

1434 2187 1541 2245 Judae
1586 2186 1861 2239 Machabae055
1885 2188 2171 2245 post-Alcimi
2211 2193 2376 2235 inimici

1433 2248 1514 2304 ejus
1555 2247 1764 2289 interitum
1788 2277 1802 2299 ,
1841 2247 2181 2292 sacerdotium&
2222 2252 2377 2308 princi-j

1435 2320 1575 2364 patus,
1604 2308 1787 2347 omnium
1820 2306 2041 2363 judaeorum
2072 2309 2211 2352 favore
2232 2310 2365 2353 decer·

1435 2368 1566 2408 nitur.
1601 2366 1687 2422 Qui
1726 2366 1926 2422 dignitate
1967 2367 2177 2426 suscepta,
2217 2371 2373 2427 legatos

1429 2428 1608 2467 Romam
1634 2425 1780 2476 milit,
1811 2427 1865 2467 ὃς-
1880 2427 2055 2469 obtinuit
2096 2428 2255 2470 decreto
2303 2431 2371 2471 Se-

1433 2498 1549 2526 natus
1579 2512 1591 2535 ,
1628 2496 1671 2523 ut
1699 2482 1995 2527 .1udaei.·a-mici
2036 2487 2075 2527 8<
2113 2487 2377 2531 auxiliatores

1435 2545 1717 2584 Romanorum
1770 2542 2015 2586 haberentur
2052 2575 2063 2586 .
2103 2545 2216 2588 Idem
2255 2546 2374 2590 Iudas

1434 2601 1551 2643 duces
1582 2600 1820 2654 Antiochi,
1860 2603 1928 2659 qui
1973 2604 2106 2661 legem
2146 2605 2370 2663 Judaeorum

1435 2663 1563 2703 multa
1615 2661 1860 2717 profanitate
1913 2663 2271 2722 impugnaverat,
2318 2665 2371 2709 de

1435 2721 1564 2763 Iudaea
1596 2722 1755 2777 expulit
1783 2722 1879 2773 ,'.&f
1915 2726 2205 2780 templum-rab
2245 2724 2367 2768 idolo·

1436 2795 1522 2823 rum
1558 2780 2082 2836 imaginibus'emundans,
2122 2784 2270 2840 patrias
2308 2799 2369 2827 re-

1436 2841 1607 2897 ligiones
1633 2838 1740 2897 post.
1757 2840 1981 2884 triennium
2012 2842 2166 2886 civibus
2186 2843 2260 2886 suis
2281 2844 2370 2887 red—

1434 2900 1557 2942 didit.
2249 2938 2254 2943 .
2368 2924 2372 2939 ,-

1495 2959 1650 3003 Ennius
1667 2973 1813 3017 :poeta
1851 2960 2024 3003 moritur
2050 2993 2064 3017 ,
2101 2964 2368 3022 sepeliturque

1433 3021 1476 3062 in
1509 3019 1763 3061 monimento
1796 3020 2181 3077 Scipionum>51via⁴
2202 3025 2368 3081 Appia.

1494 3079 1612 3122 Iudas
1644 3080 1903 3125 Machabaeus
1928 3082 2112 3124 'triennio
2154 3082 2368 3127 Pontifica-

1433 3153 1477 3183 tu
1509 3139 1614 3197 gesto
1646 3138 1855 3182 dimicans.
1873 3141 2058 3184 adversus
2071 3143 2278 3185 Demetrii
2297 3143 2367 3185 du-

1434 3215 1497 3243 ces
1529 3198 1744 3241 occiditur.

1494 3260 1714 3301 Terentius
1767 3260 2099 3318 Carthaginenfis
2141 3261 2367 3305 Comaedia-

1434 3333 1525 3361 rum
1556 3319 1726 3375 scriptor
1756 3319 1948 3364 moi-itur.
2362 3375 2364 3377 ‚

1495 3378 1686 3420 Pacuvius
1738 3379 1935 3436 Tragicus
1985 3380 2111 3424 clarus
2150 3381 2324 3424 habetur
2349 3411 2372 3434 ,.

1437 3439 1565 3479 Ennii
1605 3449 1732 3495 poetae
1772 3451 1823 3479 ex
1863 3437 1944 3480 filia
1985 3454 2143 3497 nepos,
2182 3442 2371 3499 vixitque

1436 3499 1577 3539 Rornae
1626 3494 1756 3552 quoad
1806 3496 2004 3552 pisturam
2053 3501 2232 3543 exercuit
2260 3529 2274 3553 ‚
2318 3513 2367 3541 ac

1434 3555 1588 3597 fabulas
1639 3553 1871 3599 venditavit
1904 3573 1912 3598 ε
1953 3556 2097 3601 deinde
2139 3562 2368 3601 Tarentum

1432 3613 1686 3671 transgressus
1716 3644 1730 3668 ‚
1774 3629 1903 3673 prope
1936 3619 2228 3676 nonagenarius
2257 3616 2368 3660 diem

1433 3674 1560 3716 obiit.

1493 3735 1635 3777 Romae
1685 3732 1951 3792 descriptione
2003 3737 2106 3782 fasta
2137 3765 2152 3792 ,
2198 3736 2368 3780 inventa

2199 3793 2312 3838 vsunt
