2652 4126
498 251 609 320 146
686 247 955 304 ScmpTA
1000 258 1079 303 ΕΤ
1122 257 1544 303 MONUMTNTA
1590 259 1736 317 QJAE
1780 242 2310 303 OP.S.PROSPER1.

487 340 586 378 rebus
602 340 720 379 talibus
736 342 966 380 exclamamus,
992 337 1098 378 Quam
1109 335 1415 383 inscrutabiliasunt

311 388 394 420 Romi
422 401 468 423 u.
482 389 614 432 judicia
633 392 723 434 ejus,
750 391 791 424 (9⁵
808 385 1051 431 investigabiles
1081 387 1146 422 viae
1173 388 1265 430 ejus!
1291 392 1413 435 Neque

315 438 364 468 33·
485 443 573 477 enim
591 439 659 477 hoc
678 453 744 476 non
763 440 863 474 donat
874 440 966 477 Deus
975 436 1094 484 quibus
1107 437 1270 481 voluerit,
1294 450 1350 475 aut
1361 451 1412 475 ve-

485 503 527 526 ro
546 494 711 537 Scriptura
730 488 783 524 illa
810 491 991 531 mentitur,
1015 500 1088 534 quae
1113 488 1156 524 de
1182 499 1292 525 morte
1320 489 1410 526 velut

304 545 371 588 Sap.
384 557 466 586 4¹1-
485 543 655 577 immatura
672 538 818 574 hominis
839 540 914 582 justi
928 542 996 582 ait,
1022 538 1153 584 Raptus
1171 538 1234 581 est,
1260 551 1298 573 ne
1318 539 1408 572 mali-

485 589 531 622 tia
547 597 680 622 mutaret
699 586 892 621 imelleflum
911 589 1001 631 ejus,
1026 598 1083 620 aut
1103 601 1142 621 ne
1146 588 1236 631 fiHio
1254 588 1412 634 deciperet

483 638 620 671 animam
640 637 727 679 ejus.
753 641 825 676 Cur
842 641 943 685 igitur
962 637 1031 674 hoc
1051 649 1117 674 tam
1137 651 1290 685 magnum
1313 638 1410 675 bene-

482 689 594 724 ficium
612 687 679 723 aliis
696 688 771 730 dat,
796 687 866 724 aliis
885 701 951 724 non
969 689 1025 725 dat
1054 692 1167 732 Deus,
1192 690 1280 737 apud
1310 703 1409 738 quem

303 747 464 784 Rom.9.14‚
481 751 548 774 non
568 736 612 773 est
629 741 800 785 iniquitas,
826 751 885 775 nec
904 742 1052 787 acceptio
1070 739 1304 786 personarum,
1329 743 1407 777 &in

302 786 376 817 t'9¹1·
398 797 444 819 ¹¹·
480 790 571 833 cujus
590 787 747 835 potestate
766 787 811 824 est
830 790 989 836 quamdiu
1018 790 1154 836 quisque
1183 794 1217 825 in
1245 789 1309 826 hac
1338 793 1408 826 vita

289 826 315 862 J
320 825 422 862 ⁰⁶⁶⁷·¹·
478 848 628 881 maneat,
653 850 727 885 quae
748 843 885 875 tentatio
903 840 990 875 dieta
1009 839 1055 876 est
1071 840 1165 887 super
1194 841 1337 876 terram?
1361 843 1407 876 Si-

477 899 535 925 cut
554 900 634 934 ergo
651 900 817 934 coguntur
837 889 953 933 fateri,
978 890 1104 927 donum
1125 893 1188 928 Dei
1217 889 1275 926 esl'e
1302 901 1339 926 ut
1367 890 1405 926 fi-

475 941 542 974 niat
560 936 666 975 homo
687 942 788 976 vitam
809 940 922 982 istam,
947 951 1020 976 ante
1041 953 1138 987 quam
1156 952 1195 976 ex
1215 939 1307 976 bono
1336 954 1405 977 mu-

473 998 562 1024 tetur
579 991 612 1025 in
633 988 779 1029 malum3
805 1001 979 1027 curantem
989 989 1056 1026 aliis
1066 991 1232 1033 donetur,
1257 991 1327 1027 aliis
1338 1004 1402 1026 non

472 1038 636 1083 donetur,
661 1042 831 1085 ignorant:
857 1044 900 1077 ita
917 1041 1043 1077 donum
1063 1044 1128 1077 Dei
1157 1039 1215 1075 effe
1242 1045 1274 1076 in
1311 1040 1402 1076 bono

465 1088 737 1135 perseverantiam
758 1089 933 1126 secundum
943 1094 1142 1137 Scriptui·aS‚
1168 1091 1209 1126 de
1229 1089 1403 1135 quibuste-
1425 1130 1429 1133 Α

467 1138 618 1176 stimonia
629 1139 733 1176 multa
752 1142 814 1185 jam
827 1141 918 1187 posui
931 1167 943 1183 ,
969 1140 1129 1175 fateamur
1149 1138 1338 1178 nobiscum
1365 1144 1398 1175 &

464 1201 523 1224 cur
543 1189 612 1225 aliis
630 1189 728 1227 detur
740 1214 748 1228 .
772 1188 842 1225 aliis
863 1203 928 1225 non
939 1190 1036 1226 detur
1048 1215 1060 1231 ,
1086 1190 1150 1224 fine
1168 1191 1397 1228 murmuread-

463 1238 571 1274 versus
588 1241 701 1274 Deum
727 1239 903 1285 dignentur
929 1243 1079 1287 ignorare
1105 1239 1296 1277 nobiscum.

284 1305 443 1340 effu-‚r-
516 1299 574 1324 20.
600 1291 700 1326 NEC
721 1302 781 1325 uos
802 1301 960 1337 moveat,
986 1290 1085 1338 quod·
1100 1290 1175 1326 filiis
1193 1289 1254 1326 suis
1264 1290 1396 1338 quibus-

325 1349 379 1379 1x.
462 1338 538 1375 dam
557 1341 650 1375 Deus
679 1351 746 1375 non
776 1339 832 1377 dat
858 1339 949 1376 istam
979 1342 1272 1388 perseverantiam.
1301 1341 1396 1379 Abfit

285 1388 355 1434 Filii
390 1389 445 1419 Dei
464 1392 550 1425 enim
567 1400 605 1425 ut
624 1392 666 1426 ita
686 1388 779 1433 esset,
808 1391 830 1426 fi
852 1391 893 1427 de
913 1391 979 1427 illis
997 1391 1229 1440 praedestinatis
1250 1391 1344 1428 essent
1360 1397 1397 1430 &

283 1430 405 1499 (ἷῖωὼὲη
462 1438 642 1476 secundum
663 1441 872 1489 propositum
895 1445 1042 1484 vocatis,
1068 1446 1124 1489 qui
1145 1455 1221 1478 vere
1245 1442 1317 1478 sunt
1338 1443 1398 1479 filii

281 1479 444 1549 [ζῗςῖἓῐξέ
463 1491 708 1537 promiffioniS.
735 1495 824 1529 Nam
844 1491 893 1528 isti
915 1505 990 1529 cum
1016 1496 1067 1539 pie
1081 1495 1216 1534 vivunt,
1243 1493 1399 1530 dicuntur

282 1557 428 1590 tempora·
462 1539 524 1575 filii
541 1543 604 1577 Dei
633 1555 641 1576 ε
669 1541 722 1578 sed
742 1546 903 1590 quoniam
925 1545 1044 1580 vic'turi
1076 1543 1149 1580 sunt
1176 1547 1277 1590 impie
1305 1549 1339 1580 ὅ(
1367 1548 1398 1580 in

281 1589 349 1634 liter
377 1600 443 1638 gra·
461 1591 577 1627 eadem
595 1594 763 1640 impietate
782 1597 961 1636 morituri,
987 1607 1054 1629 non
1076 1607 1133 1630 eos
1142 1594 1222 1630 dicit
1233 1594 1318 1630 filios
1331 1598 1397 1631 Dei

279 1629 372 1700 ‘jum’
401 1641 444 1661 ¹¹¹·
462 1641 664 1687 praestientia
683 1645 770 1679 Dei.
796 1646 880 1680 Sunt
897 1647 984 1680 enirn
994 1643 1052 1679 filii
1068 1647 1154 1687 Dei,
1179 1647 1236 1692 qui
1249 1646 1397 1682 nondum

280 1679 420 1741 cssffdug‘
462 1689 535 1726 sunt
554 1690 672 1735 nobis,
697 1697 731 1729 δι
754 1693 827 1730 sunt
846 1697 908 1740 jam
928 1697 1026 1732 Deos
1053 1695 1094 1730 de
1112 1693 1232 1742 quibus
1249 1699 1294 1731 ait
1305 1709 1397 1732 evan·

277 1758 415 1782 aeremam
459 1740 574 1787 gelista
591 1745 753 1787 Ioannes,
778 1743 856 1789 quia
869 1742 960 1788 ,Iesus
978 1744 1150 1776 moriturus
1173 1754 1242 1777 erat
1252 1754 1312 1790 pro
1319 1758 1395 1791 gen.

278 1790 335 1835 Df-'i
373 1801 440 1836 prae·
461 1799 515 1835 te,
540 1803 597 1826 nec
618 1801 746 1827 tamum
764 1803 823 1839 pro
837 1802 934 1839 gente
947 1819 956 1835 ,
977 1792 1039 1838 sed
1058 1794 1152 1827 etiam
1171 1803 1207 1827 ue
1219 1793 1308 1838 filios
1329 1795 1394 1829 Dei

267 1829 439 1909 Jscf'ftfflm·
458 1840 614 1888 dispersbs
632 1854 838 1890 congregaret
855 1843 890 1878 in
912 1855 1007 1877 unum
1034 1858 1046 1877 :
1072 1845 1164 1893 quod
1183 1848 1298 1892 utique
1326 1860 1393 1883 cre-

292 1881 305 1902 ⁰
346 1880 437 1911 '¹¹⁹5'
453 1892 574 1929 dendo
593 1893 695 1930 futuri
716 1907 807 1932 erant
827 1909 883 1942 per
903 1894 1072 1941 Evangelii
1107 1895 1393 1941 praedicationem5

455 1945 492 1976 &
511 1953 619 1978 tamen
638 1957 715 1980 ante
731 1958 829 1991 quam
856 1944 931 1980 effer
958 1945 1081 1980 fastum
1101 1970 1112 1986 ,
1147 1947 1210 1990 jam
1241 1946 1300 1982 filii
1327 1950 1395 1983 Dei

453 2003 550 2028 erant
569 1995 602 2028 in
620 1995 803 2030 memoriali
825 1997 928 2031 Patris
948 1994 993 2030 sui
1013 1993 1194 2031 inconcussa
1223 1995 1395 2034 stabilitate

455 2042 653 2091 conscripti.
680 2046 725 2080 Et
745 2044 814 2081 sunt
833 2043 941 2081 rursus
969 2045 1103 2092 quidam
1122 2072 1134 2089 ,
1159 2048 1215 2091 qui
1248 2047 1305 2082 filii
1330 2051 1394 2085 Dei

452 2105 595 2142 propter
614 2093 791 2143 susceptam
810 2094 864 2132 vel
886 2095 1113 2143 temporaliter
1133 2099 1270 2143 gratiam
1281 2098 1394 2133 dicun—

452 2154 510 2180 tur
528 2158 546 2180 a
565 2143 662 2181 nobis
675 2171 686 2188 ,
714 2159 773 2182 nec
796 2145 870 2182 sunt
890 2157 997 2182 tamen
1022 2149 1099 2182 Deo
1125 2162 1133 2182 :
1161 2146 1201 2182 de
1219 2147 1338 2192 quibus
1350 2151 1394 2183 ait

451 2193 544 2230 idem
567 2198 731 2237 Joannes,
757 2197 807 2228 Ex
826 2194 917 2227 nobis
937 2194 1104 2233 exierunt,
1125 2194 1188 2237 sed
1218 2206 1279 2226 non
1301 2203 1393 2226 erant

274 2243 299 2264 ¹·
313 2235 429 2270 Imma·
451 2254 491 2275 ex
510 2242 605 2276 nobis
633 2256 643 2284 ;
669 2242 799 2287 quodsi
818 2242 930 2286 fuiffet
951 2254 990 2275 ex
1010 2242 1119 2282 nobis,
1145 2240 1390 2285 permanfiffent

276 2282 323 2312 ¹9²
453 2292 566 2338 utique
586 2291 765 2336 nobiscum.
792 2297 873 2329 Non
894 2295 937 2328 ait
956 2317 968 2335 ,
994 2293 1047 2328 Ex
1076 2290 1170 2327 nobis
1203 2294 1353 2327 exierunt
1379 2318 1390 2334 ,

452 2343 507 2379 sed
525 2346 604 2389 quia
622 2355 689 2378 non
707 2343 895 2379 manserunt
915 2341 1108 2382 nobiscum,
1134 2343 1200 2385 jam
1220 2354 1287 2376 non
1317 2339 1390 2378 sunt
1414 2380 1417 2382 a

450 2405 495 2428 ex
513 2391 628 2427 nobis:
655 2404 772 2427 verum
791 2395 858 2434 ait,
885 2391 936 2423 Ex
957 2391 1045 2422 nobis
1066 2390 1231 2430 exierunt,
1254 2389 1310 2432 sed
1331 2403 1391 2424 non

451 2449 545 2474 erant
567 2452 603 2472 ex
622 2439 739 2481 nebim
763 2439 831 2476 hoc
851 2439 920 2482 est,
947 2443 980 2475 &
993 2439 1127 2485 quando
1149 2438 1389 2475 videbanturiu

450 2490 568 2533 nobis,
593 2503 661 2526 non
681 2502 772 2527 erant
793 2504 834 2525 ex
853 2489 968 2525 nobis.
997 2490 1042 2523 Et
1062 2499 1228 2534 tamquam
1247 2491 1275 2523 ei
1305 2489 1391 2524 dice-

451 2552 565 2582 retur,
592 2541 680 2578 unde
701 2541 734 2577 id
743 2540 907 2577 ostendis?
931 2537 1029 2581 Quod
1040 2536 1075 2578 fi
1090 2537 1242 2583 fmffem,
1270 2542 1390 2586 inquit,

452 2603 490 2624 ex
511 2590 623 2634 nobis,
646 2589 882 2636 permanstffem
893 2590 1000 2635 utique
1012 2587 1174 2632 nobiscum
1189 2612 1197 2622 .
1225 2588 1388 2625 Filiorum

450 2643 518 2679 Dei
537 2654 605 2679 vox
622 2641 668 2678 est
693 2658 702 2678 :
732 2645 872 2684 loannes
890 2639 1062 2688 loquitur,
1088 2642 1122 2675 in
1146 2638 1221 2675 filiis
1233 2639 1388 2675 Dciiloco

449 2696 623 2740 praecipuo
643 2686 858 2729 constitutus·
885 2695 976 2728 Cum
995 2702 1074 2737 ergo
1098 2687 1158 2725 filii
1176 2692 1242 2725 Dei
1273 2689 1387 2726 dicunt

448 2741 493 2778 de
513 2740 564 2777 his
581 2745 638 2788 qui
660 2742 935 2788 perseverantiam
954 2754 1022 2777 non
1032 2739 1242 2780 habuerunt,
1269 2739 1320 2772 Ex
1333 2752 1387 2773 no-

451 2790 502 2823 bis
523 2789 688 2832 exierunt,
707 2790 767 2835 sed
789 2803 852 2824 non
872 2800 966 2824 erant
985 2803 1023 2823 ex
1044 2789 1134 2822 nobis
1161 2802 1171 2827 3
1196 2788 1387 2832 &addunss

449 2840 550 2882 Qod
561 2838 597 2881 st
609 2839 738 2885 fuissent
758 2853 797 2873 ex
815 2839 926 2882 nobis,
950 2838 1189 2885 permansiffent
1210 2838 1322 2883 utique
1333 2851 1386 2872 no-

298 2905 429 2946 Repmbi
451 2889 569 2935 btscum
596 2905 605 2926 ε
632 2890 712 2937 quid
733 2891 820 2927 aliud
839 2891 976 2932 dicunt,
1003 2890 1059 2926 nifi
1077 2902 1143 2926 non
1168 2900 1259 2925 erant
1287 2889 1345 2925 filii
1373 2916 1383 2931 ,

273 2947 392 2984 quidam
452 2944 550 2977 etiam
571 2941 704 2988 quando
723 2952 815 2977 erant
834 2945 867 2976 in
889 2940 1088 2988 profeffione
1100 2944 1133 2975 &
1146 2942 1279 2976 nomine
1298 2939 1385 2975 filio-

273 2996 372 3016 veram
383 2986 432 3018 ¹¹²¹
452 3003 528 3028 rum
552 2993 571 3023 ?
595 3003 664 3026 non
684 2994 761 3039 quia
781 2990 932 3035 justitiam
951 2991 1183 3026 simulaverunt
1200 3003 1210 3027 3
1237 2989 1289 3025 sed
1309 2994 1385 3035 quia

272 3025 399 3096 ss'eesstff
453 3043 486 3077 in
505 3053 540 3076 ea
560 3053 629 3078 non
651 3040 914 3090 permanserunt·
941 3044 1060 3088 Neque
1079 3044 1169 3076 enim
1197 3042 1240 3074 ait
1259 3064 1271 3080 ‚
1295 3042 1383 3075 Nam

275 3074 434 3143 jum-'ziam'
452 3090 475 3126 fi
493 3089 620 3127 fuissent
639 3103 678 3127 ex
697 3091 814 3133 nobis,
840 3103 969 3134 veram,
995 3104 1062 3126 non
1090 3090 1202 3127 sistam
1231 3088 1384 3133 justitiam

274 3145 364 3175 etiam
386 3147 406 3177 fi
453 3139 620 3177 tenuiss'ent
639 3144 755 3189 utique
775 3139 949 3177 nobiscum
975 3155 984 3176 :
1010 3140 1085 3182 fied,
1104 3138 1140 3179 fi
1161 3137 1313 3190 suffera,
1340 3142 1384 3173 in-

275 3194 335 3213 non
354 3186 385 3215 in
401 3196 435 3217 ea
452 3194 547 3238 quit,
572 3202 612 3222 ex
630 3189 742 3230 nobis,
767 3188 1001 3234 permansi-ssent
1020 3190 1132 3234 utiquo
1145 3187 1298 3231 nobiscum
1311 3216 1318 3223 .
1346 3193 1384 3225 In

271 3225 400 3294 ξξὲῗπ·
451 3239 545 3277 bono
559 3239 634 3276 illos
646 3238 777 3275 volebat
789 3238 1022 3286 proculdubio
1043 3250 1254 3287 permanere.
1281 3241 1384 3274 Erant

345 3285 353 3293 ’
451 3293 563 3337 itaque
582 3293 615 3325 in
634 3288 749 3332 bono,
775 3289 828 3325 sed
848 3292 924 3336 quia
942 3293 974 3325 in
985 3302 1027 3325 eo
1037 3302 1103 3325 non
1116 3287 1383 3336 permanserunt,

450 3340 485 3375 id
507 3339 574 3382 est,
599 3352 667 3375 non
687 3339 788 3388 usque
808 3342 840 3374 in
863 3340 963 3375 finem
980 3340 1290 3386 perseveraverunt,
1316 3351 1385 3373 non

449 3400 562 3432 erant,
585 3392 717 3437 inquit,
742 3403 784 3425 ex
804 3388 919 3431 nobis,
944 3392 979 3425 &
1007 3389 1140 3437 quando
1167 3399 1263 3424 mant
1291 3386 1384 3423 nobi-

447 3438 539 3474 scum
564 3453 574 3477 ;
597 3438 665 3475 hoc
685 3439 754 3483 est,
779 3451 845 3475 non
863 3450 953 3476 erant
974 3452 1016 3476 ex
1035 3452 1176 3476 numero
1211 3437 1357 3473 filiorum
1370 3463 1382 3480 ,

446 3491 482 3524 &
499 3489 634 3535 quando
663 3500 752 3525 erant
780 3492 811 3525 in
840 3489 906 3526 fide
932 3488 1079 3525 filiorum
1108 3504 1117 3524 ε
1142 3490 1303 3535 quoniam
1324 3490 1381 3534 qui

272 3536 431 3572 Rom.8.2.9.
447 3549 523 3574 vere
541 3537 601 3573 filii
621 3538 692 3574 sunt
711 3564 723 3581 ,
750 3539 884 3586 praesciti
902 3544 936 3575 &
956 3539 1171 3587 praedestinati
1201 3537 1277 3574 sunt
1304 3550 1383 3571 con-

266 3574 395 3651 5228]
449 3585 572 3622 formes
595 3591 742 3634 imaginis
764 3589 835 3624 Filii
855 3591 946 3634 ejus,
972 3593 1005 3625 &
1026 3588 1203 3626 secundum
1235 3587 1384 3635 proposi-

279 3662 324 3682 η·
345 3636 354 3645 ”
403 3626 431 3650 7·
449 3643 522 3670 tum
542 3641 648 3673 vocati
671 3638 744 3674 sunt
763 3651 799 3675 ut
820 3638 914 3675 eleeti
934 3639 1049 3675 essent.
1075 3643 1155 3676 Non
1174 3641 1266 3674 enim
1298 3639 1382 3683 perit

274 3693 366 3723 Man.
382 3703 429 3725 πο.
447 3682 535 3719 filius
556 3689 798 3730 promiffionis,
824 3688 876 3725 sed
897 3689 983 3724 filius
1004 3689 1219 3737 perditionis.

275 3736 322 3761 16.
500 3744 555 3767 21.
579 3736 723 3772 Fuerunt
751 3749 830 3782 ergo
859 3737 909 3773 isti
939 3752 979 3774 ex
1005 3739 1217 3775 multitudine
1245 3748 1380 3773 vocato-

446 3794 520 3818 rum
543 3796 552 3817 :
582 3794 623 3817 ex
640 3783 822 3821 eleeorum
842 3798 949 3822 autem
970 3792 1129 3834 paucitate
1150 3801 1219 3823 non
1232 3788 1377 3824 fuerunt.

448 3833 530 3869 Non
547 3834 646 3879 igitur
662 3832 739 3870 filiis
758 3833 819 3870 suis
850 3835 1080 3881 pra’destinatis
1107 3841 1200 3875 Deus
1231 3837 1377 3885 ρει-[ενο-

1474 342 1613 375 tantiam
1632 350 1699 373 non
1718 337 1810 374 dedit
1834 352 1845 373 z
1873 336 2030 376 haberent
2046 343 2135 376 enim
2161 353 2231 378 eam
2259 341 2282 377 fi
2307 345 2338 379 in
2355 357 2398 381 eo

1473 389 1619 425 filiorum
1641 401 1776 424 numero
1796 388 1892 425 essent
1917 405 1926 426 τ
1951 395 1986 428 &
2004 391 2086 438 quid
2103 389 2281 434 haberent,
2305 395 2399 440 quod.

1472 452 1539 474 non
1559 438 1767 486 accepissent,
1793 438 1968 476 secundum
1987 440 2202 489 apostolicam
2221 454 2397 491 veramque

1469 489 1655 524 sententiam
1682 491 1694 525 ἓ
1719 493 1769 524 Ac
1790 501 1848 536 per
1866 488 1934 525 hoe
1954 491 2032 527 tales
2059 491 2118 527 filii
2147 491 2232 527 Filio
2256 484 2429 554 Christo!
2534 503 2540 512 ·

1467 540 1534 575 dati
1557 538 1675 581 effent,
1701 539 1983 586 quemadmodum
2001 541 2069 590 ipse
2086 542 2168 577 dicit
2184 542 2225 578 ad
2244 546 2398 588 Patrem,
2414 529 2571 599 52³2?

1468 599 1506 621 ut
1527 600 1615 621 omne
1633 590 1719 634 quad
1737 587 1855 629 dedisti
1871 589 1974 634 mibi,
1998 603 2060 624 non
2079 601 2193 635 pereat
2212 617 2222 633 ,
2252 591 2315 638 sed
2341 595 2399 627 ha·
2415 571 2579 632 Dandari-

1467 639 1542 672 beat
1559 638 1664 671 vitam
1683 648 1832 672 aeternam
1844 666 1852 675 ,
1879 643 1926 677 Hi
1943 653 2024 688 ergo
2040 641 2183 679 Christo
2209 642 2395 690 jnteffigun.
2415 639 2456 667 sto
2465 641 2515 678 qui
2526 642 2572 672 in·

1469 700 1525 725 tur
1542 689 1634 732 dari,
1657 693 1714 736 qui
1734 690 1872 726 ordinati
1892 691 1963 728 sunt
1982 695 2015 728 in
2024 696 2126 729 vitam
2136 699 2306 731 aeternam.
2330 694 2395 742 Ipfi
2414 679 2548 749 {ffl'fflm

1469 739 1542 775 sunt
1562 738 1609 774 illi
1628 739 1839 785 praedestinati
1859 744 1894 777 δι
1912 742 2088 780 secundum
2107 739 2317 791 propositum
2337 757 2398 780 vo·
2468 739 2475 748 “

1468 793 1555 830 cati,
1580 801 1724 837 quorum
1747 790 1855 827 nullus
1878 795 1962 838 perit
1982 819 1991 827 .
2018 796 2071 830 Ac
2104 806 2162 841 per
2191 790 2260 840 hoe¹
2285 794 2395 830 nullus

1467 852 1584 875 eorum
1605 852 1646 876 ex
1665 839 1757 875 bono
1778 845 1811 875 in
1832 841 1958 879 malum
1978 854 2124 881 mutatus
2140 843 2215 880 finit
2239 842 2326 885 hanc
2345 848 2396 880 vi-

1466 901 1534 924 tam
1560 902 1571 927 5
1593 894 1749 937 quoniam
1775 891 1817 926 {ic
1835 890 1881 926 est
1897 893 2066 929 ordinatus
2075 892 2147 936 ‚2'&
2166 894 2243 931 ideo
2252 888 2396 938 Christo

1465 939 1558 974 datus
1570 966 1578 980 ‚
1605 952 1641 976 ut
1660 953 1724 976 non
1745 952 1877 988 pereat,
1903 942 1954 979 sed
1972 941 2092 981 habeat
2111 947 2212 981 vitam
2230 940 2394 983 aeternam.

1465 991 1511 1025 Et
1540 991 1647 1025 rursus
1674 1003 1759 1038 quos
1786 991 1927 1029 dicimus
1950 997 2103 1030 inimicos
2128 996 2216 1038 ejus,
2241 995 2395 1044 vespar-

1463 1039 1559 1075 vulos
1597 1040 1683 1076 filios
1712 1044 1919 1079 inimicorum
1963 1045 2031 1089 ejus
2050 1069 2062 1085 ,
2097 1044 2395 1092 quoscumqueeq·

1459 1102 1534 1125 rum
1554 1090 1596 1126 sic
1628 1102 1873 1136 regeneraturus
1892 1092 1959 1134 est,
1986 1105 2024 1130 ut
2041 1098 2075 1130 in
2095 1107 2130 1131 ea
2149 1095 2215 1130 fide
2244 1106 2317 1142 quae
2336 1107 2394 1142 per

1457 1139 1668 1178 dile-&ionem
1703 1153 1883 1188 operatur,
1918 1143 2001 1180 hanc
2026 1146 2131 1181 vitam
2158 1145 2272 1181 finiant
2296 1159 2306 1184 ς
2330 1147 2394 1191 jam

1454 1193 1488 1225 &
1517 1203 1592 1227 ante
1620 1203 1719 1238 quam
1735 1189 1803 1227 hoc
1834 1192 1891 1228 fiat
1910 1218 1921 1236 ‚
1957 1197 1989 1229 in
2030 1194 2084 1230 illa
2111 1194 2395 1241 praedestinatione

1456 1239 1528 1275 sunt
1553 1240 1615 1277 filii
1642 1244 1733 1287 ejus,
1758 1245 1792 1277 δι
1820 1243 1886 1279 dati
1917 1243 1991 1280 sunt
2016 1242 2159 1280 Christo
2185 1244 2272 1282 Filio
2303 1247 2394 1291 ejus,

1456 1301 1494 1325 ut
1542 1303 1610 1326 non
1659 1303 1792 1339 pereant
1817 1317 1827 1335 ‚
1882 1293 1935 1330 sed
1974 1291 2118 1331 habeant
2156 1298 2257 1332 vitam
2303 1306 2394 1332 :eter-

1454 1353 1529 1376 nam
1542 1365 1551 1373 .

1512 1402 1567 1427 22·
1588 1395 1750 1441 Denique
1767 1395 1835 1444 ipse
1855 1395 2026 1439 Salvator,
2053 1394 2093 1429 Si
2114 1393 2296 1441 manseritis
2310 1421 2320 1437 ‚
2349 1398 2573 1446 3⁰⁴J⁰?*⁸·3¹·J

1458 1445 1553 1489 quit,
1578 1440 1613 1475 in
1623 1447 1725 1476 verbo
1735 1455 1821 1488 meo,
1848 1444 2086 1490 verednfiipuli
2097 1446 2156 1479 mei
2165 1444 2258 1488 estis.
2286 1448 2397 1484 Num·
2488 1452 2491 1454 '
2568 1450 2573 1459 '

1460 1493 1542 1538 qnid
1560 1495 1593 1528 in
1612 1490 1665 1528 his
1683 1497 1924 1543 computandus
1945 1495 1991 1532 est
2013 1496 2134 1538 Judas,
2160 1498 2295 1543 quinon
2307 1508 2398 1533 man-

1459 1542 1498 1579 fit
1517 1546 1549 1578 in
1569 1542 1674 1580 verbo
1692 1546 1760 1590 ejus
1787 1548 1799 1581 ?
1823 1546 2002 1594 Numquid
2025 1549 2057 1581 in
2096 1544 2150 1583 his
2179 1545 2396 1595 computandi

1458 1594 1531 1629 sunt
1550 1591 1619 1634 illi,
1645 1594 1687 1630 de
1705 1594 1825 1641 quibus
1844 1596 2060 1642 Evangelium
2079 1596 2121 1632 sic
2142 1596 2313 1643 loquitur,
2337 1595 2396 1633 ubi

1460 1647 1650 1687 Dominus,
1673 1657 1749 1681 eum
1769 1645 2018 1683 commendasset
2037 1646 2300 1683 manducandam
2327 1658 2395 1683 car-

1459 1707 1536 1730 nem
1565 1693 1654 1730 suam
1682 1699 1715 1732 δε
1743 1695 1941 1734 bibendum·
1959 1695 2148 1744 sangninem
2184 1696 2278 1734 suum
2296 1722 2308 1740 ‚
2351 1699 2511 1760 asthma⁵
2566 1694 2570 1701 ’
2620 1723 2622 1725 -

1460 1744 1667 1792 Evangelista
1685 1748 1710 1791 J,
1745 1747 1825 1780 Haec
1852 1747 1939 1780 dixit
1965 1747 2000 1781 in
2023 1747 2195 1793 synagoga
2223 1747 2335 1780 docens
2361 1747 2395 1779 in
2410 1729 2573 1806 &lq-⁸5*

1455 1795 1687 1841 capharnaum
1705 1825 1714 1832 .
1740 1789 1849 1832 Mutii
1874 1809 1947 1844 ergo
1970 1796 2140 1832 audientes
2158 1809 2196 1830 ex
2226 1795 2396 1842 distipuh's
2409 1803 2551 1837 Ibat-60.

1452 1845 1522 1887 ejus
1552 1844 1722 1888 dixerunt,
1758 1847 1875 1882 Durus
1899 1845 1946 1890 est
1972 1846 2024 1882 hic
2044 1847 2170 1893 sermo,
2197 1846 2272 1893 quis
2294 1843 2496 1893 potest&s‘
2514 1865 2528 1881 n
2561 1850 2566 1867 ³

1455 1907 1526 1929 eum
1546 1895 1684 1934 audire?
1709 1896 1821 1932 Sciens
1838 1908 1945 1932 autem
1968 1897 2061 1944 Jesits
2076 1898 2167 1945 apud
2176 1896 2394 1944 semetipsum,
2544 1902 2545 1905 ’

1455 1945 1531 1992 quia
1560 1958 1798 1982 murmurarent
1827 1948 1868 1982 de
1897 1949 1955 1983 hoc
1982 1947 2139 1995 discipuli
2167 1949 2239 1991 ejus
2258 1973 2268 1992 ,
2303 1946 2392 1983 dixit

1457 1996 1521 2040 eis,
1547 1997 1618 2031 Hoc
1652 1998 1959 2045 vosscandalt'zat?
1983 1998 2024 2034 Si
2050 2011 2124 2046 ergo
2157 1998 2313 2033 videritis
2348 1998 2392 2042 fi·
2418 1994 2422 1997 ¹

1456 2045 1536 2080 lium
1547 2046 1685 2081 hominis
1704 2048 1919 2094 ascendentem
1938 2050 1996 2085 ubi
2014 2059 2087 2084 erat
2103 2049 2219 2096 prius?
2245 2046 2392 2095 Spiritus

1455 2095 1499 2138 est
1517 2097 1577 2143 qui
1600 2097 1758 2141 vivificat
1771 2125 1781 2139 ‚
1807 2109 1883 2137 caro
1912 2109 2021 2134 autem
2038 2111 2110 2132 >non
2133 2097 2262 2144 prodest
2296 2096 2391 2142 quida

1455 2158 1573 2189 quam.
1598 2146 1702 2179 Verba
1721 2158 1790 2190 quae
1809 2156 1868 2190 ego
1887 2146 2012 2180 locutus
2023 2146 2097 2190 sum,
2110 2146 2227 2187 vobis,
2246 2144 2387 2190 spiritus

1454 2193 1496 2224 Θ·
1515 2193 1592 2224 vita
1613 2191 1692 2235 sunt
1710 2217 1719 2229 ,
1746 2193 1817 2227 Sed
1837 2194 1914 2238 sunt
1945 2195 2075 2241 quddam
2114 2207 2152 2228 ex
2195 2193 2293 2228 vobis
2329 2192 2389 2240 qui

1454 2253 1516 2274 non
1542 2241 1692 2275 credunt.
1718 2240 1849 2275 Sciebat
1885 2243 1966 2277 enim
1987 2243 2029 2284 ab
2067 2243 2159 2276 initio
2189 2243 2304 2287 Jesus‚
2330 2241 2387 2287 qui

1453 2290 1548 2334 effent
1577 2290 1764 2333 credentes,
1792 2290 1834 2324 (9⁴
1864 2292 1937 2336 quis
1974 2292 2157 2325 traditurus
2186 2290 2255 2335 effet
2281 2302 2349 2325 eum
2371 2303 2386 2330 ‚-

1452 2341 1496 2373 (θ’
1514 2340 1663 2383 dicebat,
1690 2340 1864 2385 Propterea
1884 2341 1956 2374 dixi
1976 2341 2091 2383 vobis,
2118 2340 2197 2386 quia
2219 2352 2308 2373 nemo
2329 2352 2387 2374 ve-

1451 2390 1499 2423 nit
1517 2389 1565 2423 ad
1583 2402 1652 2432 me,
1677 2387 1737 2430 nist
1751 2389 1855 2435 fuerit
1873 2389 1903 2423 ei
1929 2391 2041 2425 datum
2060 2403 2080 2423 a
2099 2390 2201 2424 Patre
2227 2401 2305 2426 meo„
2331 2390 2385 2423 Ex

1450 2439 1507 2473 hoc
1537 2438 1634 2473 multi
1662 2438 1893 2485 discipulorum
1921 2441 1991 2483 ejus
2019 2439 2168 2474 abierunt
2197 2449 2303 2481 retro,
2341 2440 2386 2474 Ο·

1447 2491 1518 2532 jam
1539 2502 1601 2522 non
1627 2500 1695 2522 cum
1714 2489 1772 2522 illo
1790 2489 2021 2523 ambulabant.
2048 2490 2225 2539 Numquid
2253 2502 2319 2526 non
2348 2492 2386 2526 &

1452 2539 1501 2576 isti
1521 2539 1672 2588 discipuli
1695 2540 1846 2587 appellati
1874 2539 1970 2585 sunt,
1996 2540 2152 2588 loquente
2177 2538 2387 2587 Evangelio?
2424 2576 2426 2578 .

1450 2592 1495 2625 Et
1513 2601 1622 2626 tamen
1643 2602 1709 2625 non
1729 2603 1820 2627 erant
1837 2604 1910 2627 vcre
1931 2591 2103 2638 discipuli,
2128 2594 2203 2637 quia
2222 2602 2286 2626 non
2296 2601 2384 2627 man·
2399 2591 2542 2663 ”iscipu

1449 2640 1559 2676 serunt
1579 2644 1612 2676 in
1636 2640 1740 2677 verbo
1760 2643 1848 2685 ejus,
1878 2641 2056 2677 secundum
2075 2642 2108 2677 id
2133 2641 2225 2686 quod
2250 2643 2316 2684 ait,
2341 2638 2383 2674 Ss'
2399 2633 2510 2664 ΟΜΝ*

1449 2689 1632 2734 manseritis
1652 2690 1684 2722 in
1703 2691 1806 2724 verbo
1829 2703 1893 2724 meo
1908 2716 1917 2733 ,
1943 2702 2023 2724 vere
2042 2689 2191 2735 discipuli
2210 2689 2272 2723 mei
2288 2687 2381 2732 estz‘s.
2399 2671 2559 2746 ffirm—

1450 2743 1540 2786 Quia
1570 2753 1651 2787 ergo
1679 2753 1745 2776 non
1775 2740 1961 2777 habuerunt
1991 2741 2278 2788 perseverantiam,
2302 2739 2383 2779 ficut
2397 2747 2493 2791 φὶ,

1449 2803 1516 2825 non
1540 2794 1615 2825 vere
1635 2790 1786 2838 discipuli
1807 2790 1956 2834 christi,
1982 2794 2025 2826 ita
2044 2804 2104 2826 nec
2132 2803 2208 2826 vere
2234 2790 2295 2827 filii
2314 2787 2559 2833 Deifmssssh

1447 2840 1604 2883 sucrum,
1631 2845 1728 2876 etiam
1750 2841 1884 2886 quando
1903 2840 1962 2876 effe
1982 2840 2176 2878 videbantur
2194 2843 2230 2876 δε
2257 2843 2302 2877 ita
2318 2850 2378 2875 νο-

1446 2890 1622 2927 cabantur.
1659 2890 1874 2938 Appellamus
1896 2902 1975 2936 ergo
2004 2904 2066 2926 nos
2093 2894 2127 2927 &
2155 2890 2277 2926 eleetos
2294 2912 2305 2928 ³
2340 2890 2376 2924 δε

1446 2940 1572 2979 Christi
1595 2940 1794 2988 discipulos,
1822 2944 1855 2976 δε
1876 2944 1939 2977 Dei
1963 2940 2072 2983 filios,
2096 2943 2171 2987 quia
2196 2939 2240 2975 fic
2266 2936 2378 2984 appel·-

1445 2990 1530 3026 landi
1553 2990 1646 3031 sunt,
1672 3003 1756 3037 quos
1776 3002 1982 3036 regeneratos
2005 2995 2056 3036 pie
2075 2992 2184 3025 vivere
2200 2991 2373 3023 cernimus:

1447 3039 1501 3076 sed
1521 3052 1599 3075 tunc
1623 3053 1699 3075 vere
1719 3041 1791 3076 sunt
1808 3043 1899 3088 quod
1920 3039 2144 3088 appellantur,
2169 3036 2377 3073 fimanserint

1447 3093 1479 3124 in
1499 3103 1540 3124 eo
1559 3101 1695 3137 propter
1714 3091 1805 3138 quod
1825 3090 1867 3127 fic
1880 3089 2101 3138 appellantur.
2128 3090 2159 3123 Si
2177 3098 2284 3122 autem
2304 3091 2380 3133 per-

1446 3140 1653 3175 severantiam
1674 3154 1740 3175 uon
1763 3139 1908 3181 habent,
1932 3139 1966 3174 id
1985 3137 2051 3179 est,
2077 3141 2107 3172 in
2127 3145 2168 3172 eo
2187 3136 2280 3183 quod
2308 3149 2377 3172 coe·

1446 3201 1567 3236 perunt
1579 3188 1636 3225 effe
1648 3203 1713 3224 non
1727 3199 1878 3230 manent,
1903 3199 1970 3223 non
1984 3200 2058 3222 vere
2068 3185 2272 3234 appellantur
2281 3185 2376 3232 quod

1444 3239 1650 3287 appellantur
1669 3243 1703 3274 &
1724 3251 1790 3274 non
1811 3237 1901 3272 suntt
1926 3237 2012 3284 apud
2031 3250 2103 3272 eum
2125 3240 2209 3272 enim
2229 3235 2297 3272 hoc
2307 3247 2375 3271 non

1444 3290 1540 3331 sunt,
1565 3292 1618 3324 cui
1641 3300 1758 3324 notum
1778 3286 1824 3322 est
1843 3288 1935 3334 quod
1956 3287 2057 3324 futuri
2076 3286 2170 3330 sunt,
2196 3284 2310 3327 idest,
2333 3296 2375 3322 ex

1443 3338 1538 3375 bonis
1557 3338 1648 3374 mali.

1497 3399 1550 3434 23.
1578 3392 1718 3434 Propter
1736 3385 2021 3434 hocApostolus,
2045 3400 2120 3423 cum
2130 3384 2278 3429 dixisset,
2304 3384 2375 3421 sci.
2393 3397 2551 3430 Rmssag,

1445 3449 1511 3470 mus
1531 3437 1679 3481 qnoniam
1700 3436 1914 3481 diligentibus
1935 3438 2040 3470 Deum
2060 3437 2163 3472 omnia
2190 3445 2376 3480 cooperatur

1444 3487 1475 3518 in
1495 3486 1633 3519 bonum:
1660 3488 1759 3521 sciens
1777 3487 1954 3522 nonnullos
1973 3486 2108 3533 diligere
2126 3488 2259 3528 Deum,
2283 3490 2317 3522 δε
2338 3489 2372 3521 in

1444 3550 1485 3571 eo
1502 3535 1593 3571 bono
1612 3536 1711 3581 usque
1733 3539 1765 3571 in
1788 3537 1887 3572 finem
1907 3550 1973 3572 non
1995 3548 2206 3584 permanere,
2232 3535 2383 3572 mox-ach

1442 3586 1548 3627 didit,
1574 3585 1625 3617 his
1644 3584 1702 3629 qui
1714 3584 1884 3628 secundum
1903 3584 2098 3631 propositum
2129 3583 2238 3618 vocati
2260 3585 2338 3630 sum
2362 3607 2372 3618 .

1442 3638 1488 3672 Hi
1507 3637 1594 3670 enim
1621 3638 1651 3670 in
1673 3647 1713 3669 co
1733 3636 1823 3680 quod
1852 3636 1994 3683 diligunt
2021 3639 2156 3677 Deum,
2184 3644 2372 3681 permanent

1441 3689 1542 3732 nique
1567 3687 1599 3719 in
1627 3685 1746 3723 finenu
1770 3689 1801 3720 δε
1828 3689 1884 3733 qui
1911 3681 1949 3721 ad
1977 3697 2108 3733 tempus
2128 3684 2203 3720 inde
2219 3684 2373 3725 deviant,

1440 3745 1674 3776 revertuntur,
1698 3746 1735 3770 ut
1756 3735 1856 3782 usque
1880 3739 1911 3771 in
1935 3736 2037 3771 finem
2058 3735 2253 3783 perducant,
2278 3733 2372 3778 quod

1439 3789 1472 3822 in
1493 3783 1582 3821 bono
1601 3782 1657 3819 esse
1678 3796 1869 3832 coeperunt.
1898 3784 2084 3821 Ostendens
2104 3795 2211 3821 autem
2231 3783 2312 3829 quid
2333 3782 2370 3817 fit

1439 3834 1614 3872 secundum
1638 3834 1844 3883 propositum
1863 3838 1994 3878 vocari,
2021 3847 2102 3872 mox
2113 3831 2235 3870 addidit
2253 3845 2286 3889 ea
2297 3844 2370 3878 quae
2393 3844 2464 3876 ibid,
2485 3854 2531 3882 29·

2256 3894 2320 3928 jam
