2652 4126
439 230 903 291 EXPOSITIO
964 247 1049 289 IN
1105 231 1503 295 PSALMU‘M
1541 235 1795 293 cxv..&.
1827 247 1994 291 cxv1.

1127 348 1132 352 -
1191 364 1198 369 .
1261 326 1499 370 imitationis
1528 327 1707 384 ipsorum
1725 355 1740 379 ‚
1768 337 1820 368 ut·
1843 323 1978 368 fieret.

426 383 456 421 P
488 384 514 425 s
546 352 810 433 ALM'U
843 386 868 428 s
930 387 1061 429 cxv.

583 545 585 547 ,
633 486 861 559 Hanemja.
902 483 904 488 “
952 484 953 487 ’

147 633 180 668 ἰ.
204 644 244 665 ιο.
281 592 697 694 ΟΕῌίάί-,ςρνοριεν
726 622 824 678 quod
851 619 995 665 locutus
1015 622 1125 678 sum.

217 775 223 782 .
281 737 473 845 TAm
506 741 664 798 reprobi
695 740 808 794 sunt,
837 742 905 798 qui
937 755 1077 784 verum
1098 739 1202 797 quod

406 798 583 841 'credunt
614 814 696 842 non
726 802 963 857 loquuntur,
991 814 1112 858 quam
1131 800 1198 856 qui

280 857 556 915 verumquod
596 860 842 916 loquuntur,
880 874 962 902 non
1001 858 1166 903 credunt
1186 889 1196 900 .

281 915 459 964 PerfeRa
489 932 584 975 ergo
614 919 726 975 hujus
757 918 851 962 fides
884 919 939 962 est
958 949 972 972 ,
1009 919 1076 976 qui
1107 917 1203 960 dicit

282 989 363 1016 non
396 989 554 1020 tantum
586 977 818 1032 credidisse,
857 977 922 1021 sed
962 982 1000 1021 8(
1039 991 1208 1036 propterv

282 1035 373 1078 hoc„
389 1038 565 1080 locutum
595 1037 692 1090 esse,
722 1039 815 1095 quia
844 1038 1033 1081 credidit.

342 1098 428 1154 Ego
459 1110 583 1137 autem
614 1096 834 1139 humiliatus
854 1098 942 1154 sum
975 1099 1105 1140 nim'is.

343 1157 429 1197 Cur
458 1155 632 1210 addidit,
661 1159 747 1216 Ego
777 1171 900 1199 autem
919 1188 932 1207 ,
970 1173 1060 1200 cum
1092 1157 1205 1214 poffit

281 1214 435 1269 dicere,
465 1219 636 1259 Locutus
668 1215 778 1270 sum,
808 1215 1205 1261 &humiliatussum?

281 1274 353 1316 nisi
374 1305 386 1328 ,
425 1277 518 1333 quia
548 1276 672 1318 homo
700 1278 916 1321 veritatem
956 1278 1171 1334 praedicans
1190 1306 1203 1329 ,

281 1334 485 1376 humiliari
515 1335 644 1393 potest
675 1338 724 1379 ab
754 1337 816 1378 his
836 1338 902 1393 qui
935 1338 1202 1381 veritaticon-

280 1393 504 1449 tradimur,
534 1409 615 1437 non
646 1395 730 1452 ipsa
761 1397 909 1442 veritas
928 1427 941 1450 ,
981 1413 1102 1454 quam
1133 1396 1202 1452 qui

279 1453 408 1497 credit
427 1486 440 1505 ,
479 1455 678 1513 eloquitur
698 1487 710 1500 .
732 1459 833 1514 -Ego
871 1457 1012 1499 credidi
1047 1467 1202 1516 propter

279 1514 379 1570 quod
408 1512 550 1556 locutus
570 1515 678 1571 sum.
727 1520 729 1522 ’

334 1575 421 1632 Ego
451 1587 576 1616 autem
604 1575 684 1616 dixi
712 1574 753 1614 in
783 1576 907 1633 extasi
953 1590 1036 1616 mea
1052 1604 1067 1628 ,
1114 1578 1205 1617 Om-

356 1679 357 1682 ,
399 1634 457 1684 nis
486 1634 591 1676 homo
621 1634 804 1684 mendax.

338 1693 520 1747 Extafis,
560 1694 626 1736 hic
657 1708 785 1752 pavor
815 1694 1080 1752 intelligitur,
1109 1709 1203 1752 quo-

229 1787 233 1790 .
278 1752 390 1794 niam
424 1755 657 1808 Martyrum
690 1769 769 1796 vox
799 1753 877 1807 est,
920 1754 1092 1796 instante
1123 1769 1207 1796 cru-

278 1812 387 1854 ciatu
416 1813 482 1856 vel
510 1826 641 1856 morte
673 1812 988 1870 trepidantium,
1017 1815 1056 1855 8(
1085 1828 1207 1871 agno-

226 1919 231 1926 ,
277 1870 474 1922 scentiam
513 1886 596 1915 non
634 1873 709 1917 effe
748 1873 897 1917 virium
935 1873 1090 1916 suarum
1109 1903 1124 1926 ,
1162 1886 1206 1915 ut

12 1907 34 1979 ξ
277 1931 603 1989 quaeinferuntur
612 1934 825 1976 evincant:
855 1946 973 1992 atque
985 1932 1074 1976 ideo
1093 1947 1207 1976 men·

12 1982 31 2051 {¹
277 1990 418 2034 dacem
448 1992 627 2034 inveniri
657 1993 879 2036 humanam
910 1992 1207 2046 infirmitatem,

12 2061 22 2066 ··
277 2064 362 2107 quae
394 2065 475 2092 non
506 2051 624 2108 possi't'
653 2066 735 2093 non
766 2052 906 2095 fallere
925 2052 1207 2110 ‚tpraesumens

276 2109 327 2152 de
358 2110 508 2152 viribus
538 2109 635 2151 suis:
666 2125 758 2152 cum
787 2110 984 2154 fortitudo
1002 2113 1208 2170 patientiae

276 2183 330 2211 ex
362 2170 455 2212 Deo
485 2169 564 2223 fit;
595 2170 721 2227 qui&
751 2169 1017 2213 constantiam
1044 2170 1114 2214 dat
1125 2187 1207 2215 non

277 2228 474 2282 timenti,
513 2230 552 2272 8(
583 2228 768 2272 fiduciam
797 2244 959 2288 reparat
989 2231 1206 2273 formidan-

102 2304 195 2334 Mm.
213 2313 260 2335 ιο.
275 2289 332 2331 ti:
362 2290 553 2346 quoniam
586 2304 711 2332 verax
740 2289 796 2332 est
826 2289 987 2343 dicens,
1018 2292 1122 2332 Cum
1143 2307 1207 2331 au-

0 2360 1 2369 *
41 2379 45 2382 -
103 2346 353 2390 ¹9·0'²0*tem
382 2349 536 2391 tradent
565 2365 656 2402 vos,
685 2347 805 2391 nolite
832 2351 1018 2408 cogitare,
1055 2366 1205 2406 quomo-

274 2408 323 2450 do
351 2422 418 2457 aut
447 2409 539 2463 quid
566 2406 796 2465 loquamini:
824 2409 975 2452 dabitur
1002 2411 1104 2451 enim
1133 2425 1201 2450 vo-

276 2466 330 2507 bis
359 2466 400 2516 ia
424 2465 501 2516 >illa
529 2468 619 2509 hora
648 2469 740 2523 quid
748 2466 981 2524 loquamim‘3
1011 2469 1200 2510 nonenim

278 2525 459 2580 vos-estis
489 2527 555 2581 qui
583 2523 806 2623 1⁰783m3n3‚
826 2526 899 2581 sed
926 2528 1093 2585 Spiritus
1122 2530 1197 2566 Pa-

279 2584 365 2635 tris=
378 2584 496 2639 vestri
525 2585 591 2639 qui
637 2584 788 2639 oquitur
816 2586 858 2624 in
879 2584 1004 2626 vobis.
1038 2584 1202 2625 Dicitur

280 2655 416 2685 autem
446 2642 588 2698 extasis
616 2672 630 2695 ‚
679 2643 926 2687 etiamcum
967 2657 1080 2684 mens
1120 2654 1203 2683 non

231 2721 233 2723 ·
279 2716 430 2759 pavore
460 2703 658 2744 alienatur
677 2731 691 2754 ‚
721 2700 786 2743 sed
817 2701 950 2758 aliqua
980 2700 1206 2759 inspiratio-

279 2774 330 2806 ne
362 2761 621 2804 revelationis
651 2759 893 2803 adsumitur.

335 2820 450 2880 ,Quid
479 2819 679 2870 retribuam
711 2821 875 2861 Domino
894 2848 908 2873 ,
941 2831 1012 2878 pro
1042 2818 1206 2861 omnibus

359 2909 364 2915 ⁷
385 2895 481 2935 quae,
506 2878 679 2920 retribuit
708 2877 826 2923 mibi?

295 2968 316 2979 A·
336 2939 432 2986 Hoc
463 2937 598 2982 dicens
617 2968 631 2992 ,
670 2937 881 2996 profitetur
910 2937 981 2980 fibi
1011 2937 1116 2981 aliud
1147 2953 1207 2982 re-

273 2995 481 3055 tributum
502 3014 526 3041 a
558 2999 765 3051 Domino,
793 3012 913 3054 quam
945 2999 1203 3052 merebatur,-

273 3054 424 3113 idfiest,
452 3073 527 3116 pro
558 3058 674 3100 malis
705 3056 890 3115 recepisse
922 3057 960 3100 se
990 3059 1130 3100 bona:
1162 3060 1200 3100 &

273 3117 536 3176 quaerit-quid
565 3118 648 3176 ipse
679 3115 819 3160 reddat
850 3132 922 3175 pro
952 3118 1091 3174 bonis;
1122 3132 1197 3160 nec

273 3177 379 3223 aliud
409 3179 569 3222 invenit
588 3208 601 3232 ,
640 3176 713 3220 nifi
742 3175 848 3235 quod
880 3178 1082 3220 Dominus
1111 3178 1194 3234 ipse

273 3234 508 3291 donaverit,
536 3239 581 3280 8<
605 3236 725 3280 dicit:

335 3294 507 3347 Calicem
524 3326 528 3336 .
528 3294 712 3353 salutaris
741 3298 944 3356 accipiam,
981 3297 1031 3341 (δ’
1060 3312 1206 3339 nomen-

391 3357 549 3399 Domim‘
577 3357 756 3408 invocabo
769 3388 779 3398 .

103 3450 187 3482 Man
210 3461 247 3482 ω
334 3415 441 3473 Quis
456 3415 584 3465 ,istum
612 3417 682 3461 dat
712 3418 902 3470 calicem,
932 3417 1003 3461 nisi
1017 3418 1083 3474 qui
1115 3417 1195 3469 ait,

105 3499 151 3523 22,
185 3473 194 3484 ’
247 3475 256 3484 ’
273 3475 434 3530 Potestis
463 3473 612 3516 calicem
641 3477 762 3523 bibere
781 3508 795 3530 ,
832 3492 942 3533 quem
971 3492 1036 3535 ego
1064 3476 1196 3518 bibitu-

274 3551 335 3576 rus
336 3535 423 3590 sum
433 3533 448 3576 ἓ
478 3535 516 3576 8(
524 3533 622 3577 dans
632 3538 864 3594 exemplum
877 3535 1084 3594 patiendi,
1103 3551 1196 3578 con-

275 3595 371 3646 tulit
381 3593 893 3654 donum‚redimens,ipsam
913 3595 1196 3638 infirmitatem

273 3651 431 3696 suorum
462 3653 657 3710 sanguine¹
677 3655 749 3703 §suo
773 3672 794 3709 ,·
825 3657 864 3698 8(
892 3655 990 3700 dans
1021 3656 1197 3713 pretium

390 3715 433 3756 S.
466 3712 667 3772 Prosperi-

310 3780 329 3801 a
348 3769 474 3801 Praeterit
494 3771 522 3803 S.
543 3771 662 3810 Prosper
682 3771 851 3803 versiculum
875 3782 921 3810 14.
947 3775 1019 3803 Vota
1048 3784 1109 3803 moa
1136 3780 1193 3804 Do.

271 3811 482 3855 mim-reddam
499 3822 591 3857 foram
610 3812 686 3860 omni
697 3812 802 3884 poKulo
841 3813 895 3858 ''us-
915 3813 1096 3844 Praeterierat
1103 3815 1194 3858 etiam

272 3847 460 3883 sinetiffimus
481 3860 541 3888 eius
561 3848 706 3893 Magister
755 3823 907 3894 ugusl'mus
924 3874 934 3886 .
961 3852 1050 3885 Forte
1070 3862 1139 3894 quta
1158 3853 1193 3885 de

106 1094 176 1143 lton
185 1112 266 1148 Vsto

131 1589 166 1624 ἢ.
190 1598 235 1618 ιι.

129 2855 164 2892 ὑ.
187 2866 235 2890 ¹².

119 3330 163 3371 N·-
185 3342 231 3370 13.

35 3844 53 3894 W

2075 257 2182 311 249

1321 385 1490 440 Pretiosa
1519 386 1563 427 in
1592 385 1784 444 conspeblu
1803 385 1960 430 Domini
1974 399 2072 428 mors
2093 385 2183 442 san·
2205 347 2329 430 γη.

1381 447 1519 486 aarum
1549 447 1646 496 ejus.
1825 485 1831 490 .
1864 455 1865 460 ’
1952 481 1954 484 ,

1325 505 1441 546 Emit
1471 503 1581 545 enim
1612 518 1702 547 eam
1732 504 1923 563 sanguine
1942 503 2183 563 sum—quem

1263 562 1365 605 fudit
1398 564 1600 606 Dominus
1629 577 1704 621 pro
1735 563 1856 607 servis
1887 580 1897 607 ε
1927 577 1970 607 ut
2000 566 2038 606 8(
2068 564 2172 608 servi

1262 637 1336 680 pro
1357 621 1637 667 Dominosuo
1667 622 1832 667 fundere
1862 636 1945 667 non
1976 626 2183 668 timerent.

1265 684 1373 724 Cum
1404 695 1541 724 tamen
1572 683 1611 723 8(
1642 683 1815 725 Domini
1846 697 1951 726 mors
1975 714 1990 737 ,
2030 685 2069 726 8(
2110 683 2185 727 ser-

1264 754 1430 795 vorum,
1460 742 1580 785 servis
1609 741 1701 784 effet
1733 742 1963 799 profutura,
1992 758 2076 785 non
2097 745 2185 796 Do-

1259 815 1392 844 mmo.
1417 843 1419 846 ,

1319 863 1354 901 Ο
1387 861 1574 913 Domine,
1603 877 1667 918 ego
1685 860 1823 916 servus
1853 875 1939 904 tuus
1972 879 1980 904 ε
2011 879 2075 921 ego
2101 862 2182 919 scr-

1382 935 1455 960 vus
1483 932 1591 971 tuus,
1621 919 1670 962 (9‘
1690 918 1801 975 filius
1830 920 1981 964 ancillae
2010 935 2105 964 tuae.

1324 981 1555 1035 Tamquam
1586 977 1764 1020 diceret:
1797 981 1924 1023 Multi
1954 982 1992 1023 se
2025 983 2187 1035 Marty—

1264 1053 1324 1080 res
1354 1037 1514 1091 dicunt,
1545 1038 1661 1079 multi
1691 1036 1822 1079 servos
1863 1051 1950 1082 tuos
1991 1039 2027 1081 se
2069 1039 2187 1097 profi·

1266 1110 1433 1150 tentur,
1471 1097 1564 1153 quia
1603 1111 1752 1139 nomen
1791 1110 1905 1140 tuum
1947 1100 2101 1144 habent
2141 1099 2187 1141 in

1267 1158 1400 1210 vitiis,
1431 1156 1658 1209 haerefibus,
1687 1158 1951 1201 &erroribus.
1984 1158 2062 1200 Sed
2093 1160 2188 1214 quia

1266 1230 1410 1274 praeter
1440 1216 1659 1258 Ecclefiam
1690 1230 1801 1259 tuam
1830 1216 1921 1260 sunt
1939 1248 1953 1271 ,
1983 1232 2066 1260 non
2097 1218 2188 1260 sunt

1263 1276 1335 1318 filii
1366 1277 1517 1319 ancillae
1548 1288 1643 1318 tuae:
1674 1278 1713 1317 E
1740 1292 1760 1316 o
1791 1289 1927 1321 autem
1947 1307 1960 1331 ‚
1989 1279 2028 1319 8(
2049 1277 2188 1333 servus

1261 1349 1369 1388 tuus,
1398 1336 1448 1379 Θ
1466 1333 1579 1391 filius
1606 1334 1708 1376 ancil
1728 1351 1756 1377 ι
1785 1350 1880 1379 tuae.
2174 1380 2176 1385 ,

1319 1395 1531 1454 Disrupisti
1560 1391 1717 1435 vincula
1747 1411 1829 1437 mea
1858 1412 1873 1436 .·
1902 1396 1972 1439 eibi
1993 1395 2185 1454 sacrifica·
2200 1411 2273 1442 lm„
2283 1411 2363 1448 716

1377 1455 1419 1497 bo
1450 1455 1604 1510 hostiam
1633 1451 1774 1496 laudis.

1323 1518 1393 1558 Tu
1424 1530 1489 1556 me
1515 1544 1529 1566 ,
1569 1515 1700 1570 inquit
1719 1544 1732 1566 ‚
1771 1514 1929 1559 servum
1969 1529 2081 1558 tuum
2100 1545 2114 1568 ,
2142 1526 2188 1557 tu

1266 1575 1392 1618 fecisti
1424 1574 1550 1615 filium
1582 1574 1733 1617 ancilla:
1756 1587 1853 1627 tuae‚
1884 1576 1952 1633 qui
1972 1575 2188 1632 captivita-

1265 1637 1318 1677 tis
1351 1648 1447 1676 meae
1481 1634 1640 1674 vincula
1671 1631 1899 1690 disrupisti:
1929 1637 1967 1676 8(
1999 1634 2087 1676 ideo
2106 1634 2188 1676 lau-

1263 1696 1321 1737 dis
1352 1694 1427 1736 tibi
1457 1691 1627 1734 hostiam
1657 1690 1806 1746 debeo,
1836 1695 1930 1751 quia
1960 1706 2028 1736 tua
2058 1693 2218 1757 gratia!
2241 1729 2296 1757 Cor
2317 1734 2348 1762 ,ς

1265 1755 1350 1797 sum
1381 1750 1485 1810 quod
1517 1751 1625 1804 sum,
1654 1751 1693 1792 8(
1722 1753 1766 1794 in
1798 1765 1866 1796 tua
1896 1752 1950 1796 est
1981 1753 2085 1795 mihi
2106 1753 2188 1809 glo·
2207 1748 2252 1799 ιζ,
2298 1748 2304 1755 ’
2352 1744 2363 1758 “

1266 1816 1324 1857 ria
1355 1810 1630 1870 gloriandum.

1324 1887 1340 1906 ι
1371 1874 1468 1914 Vota
1496 1885 1580 1912 mea
1611 1872 1778 1915 Domino
1809 1871 1982 1914 reddam.
2165 1903 2188 1920 ff-
2265 1896 2283 1916 a

1276 1961 1282 1983 ς
1326 1931 1518 1990 Quisquis
1556 1930 1856 1990 benerfcogitat
1904 1930 2000 1989 quid
2040 1926 2360 2004 voveant-3123&

1268 1993 1476 2044 Domino,
1505 1991 1555 2033 δε
1574 2005 1660 2048 quae
1690 2004 1787 2034 vota
1817 1990 1957 2034 reddat
1975 2021 1989 2044 ‚
2020 1989 2189 2048 seipsum
2272 1987 2280 1998 '

1266 2064 1440 2105 voveat,
1472 2050 1642 2107 seipsum
1673 2050 1835 2093 reddat.
1868 2052 1962 2094 Hoc
1992 2051 2192 2107 exigitur,
2207 2087 2289 2115 ΜΝ
2317 2095 2350 2115 22

1266 2113 1343 2157 hoc
1373 2111 1568 2155 debetur.
1602 2112 1744 2167 Imago
1775 2110 1940 2152 Caesaris
1961 2140 1974 2163 ‚
2003 2108 2255 2157 reddaturn.
2289 2105 2298 2115 '
2354 2106 2360 2113 ⁸

1268 2172 1439 2224 Caesari,
1469 2172 1603 2226 imago
1625 2171 1733 2223 Dei,
1760 2168 1946 2212 reddatur
1960 2171 2052 2212 Deo
2069 2200 2080 2211 .
2113 2166 2190 2211 Sed

1266 2233 1362 2274 ficut
1392 2229 1611 2272 videndum
1623 2229 1783 2286 estquid
1795 2230 1960 2281 offeras,
1988 2230 2046 2271 ita
2065 2229 2191 2271 etiam

1265 2288 1596 2334 confiderandum
1624 2288 1679 2331 est
1710 2289 1777 2331 ubi
1806 2288 1967 2331 offeras.

1322 2353 1372 2392 In
1402 2350 1530 2402 atriis,
1559 2349 1715 2405 inquit,
1744 2348 1870 2389 domus
1899 2345 2082 2389 Dominil
2231 2371 2264 2399 y,
2287 2375 2333 2402 19·

1323 2412 1424 2465 Quae
1455 2421 1592 2450 autem
1622 2406 1762 2450 domus
1786 2408 1998 2457 Domini,
2018 2406 2091 2447 nisi
2122 2419 2192 2460 po-

1261 2468 1375 2522 pulus
1405 2466 1485 2519 ejus
1517 2465 1531 2506 ἓ
1563 2465 1659 2506 Ideo
1690 2465 1888 2520 sequitur.

1317 2526 1367 2563 In
1396 2523 1590 2578 conspeclu
1620 2523 1738 2562 omnis
1760 2519 1896 2578 populi
1925 2524 2023 2573 ejus.

1321 2579 1432 2638 Quid
1473 2579 1528 2621 est
1570 2591 1705 2622 autem
1746 2582 1915 2636 populus
1955 2581 2036 2637 ejus
2064 2609 2077 2632 ,
2115 2580 2186 2623 nisi

1262 2640 1366 2698 quod
1397 2637 1534 2691 addit,

1322 2702 1385 2745 In,
1401 2698 1520 2741 medio
1551 2698 1610 2738 tui
1634 2695 1887 2753 Jerusalem?

1324 2759 1539 2817 Jerusalem
1569 2772 1667 2799 vero
1706 2758 1997 2814 interpretatur
2024 2788 2036 2811 ,
2077 2759 2187 2812 Vilio

1265 2820 1395 2877 pacis.
1427 2821 1549 2861 Tunc
1568 2831 1674 2874 ⁸ergo
1703 2817 1807 2874 quod
1825 2816 1843 2841 ι’
1860 2818 2070 2871 offeretur,
2099 2831 2187 2876 gra·
2258 2841 2277 2872 b

1265 2892 1353 2922 tum
1383 2878 1467 2931 est,
1491 2878 1519 2927 fi
1550 2876 1726 2933 cle-<pace
1757 2891 1875 2934 atque
1906 2878 1950 2920 in
1982 2893 2079 2935 pace
2100 2877 2189 2921 red-

1264 2939 1402 2982 datur.
1434 2938 1523 2996 Qui
1551 2948 1687 2986 autem
1717 2951 1800 2978 non
1831 2936 1921 2980 sunt
1960 2937 2032 2980 filii
2070 2938 2186 2994 hujus

1264 2999 1418 3043 ancillae
1447 3028 1462 3051 ,
1499 2997 1649 3051 bellum
1680 3011 1810 3053 -quam
1850 3011 2003 3054 pacem
2051 2999 2187 3055 potius

1263 3068 1531 3102 amaverunt.
1560 3058 1566 3062 ⁴
1848 3087 1849 3090 η

2203 2546 2274 2578 leem
2281 2546 2314 2580 ’1.
2319 2557 2330 2578 1
2334 2558 2363 2586 9.

2201 2723 2355 2760 ltem3b.19

1386 3177 1831 3220 PSALMUS
1894 3177 2052 3219 cxv1.

1531 3270 1535 3277 ’
1564 3271 1573 3285 ”
1607 3268 1835 3351 Halleluja.

1257 3416 1487 3487 LAudate
1519 3416 1724 3461 Dominum
1754 3428 1876 3456 omnes
1902 3428 2035 3472 gentes
2053 3445 2067 3468 ,
2095 3411 2177 3455 lau·
2228 3433 2268 3470 V·
2291 3445 2318 3465 1,

1359 3475 1446 3518 date
1474 3491 1558 3517 eum
1587 3488 1711 3517 omnes
1734 3472 1892 3532 populi.
2149 3486 2151 3488 ·

1325 3596 1373 3636 N
1403 3595 1481 3638 fine
1514 3594 1721 3651 superioris
1752 3594 1930 3648 Psalmi,
1960 3608 2010 3636 ne
2042 3595 2085 3636 in
2116 3594 2178 3650 Je-

1353 3655 1522 3698 rusalem
1553 3653 1672 3710 Judaei
1703 3653 2178 3710 gloriarentur‚,&hanc

1256 3774 1311 3804 hoc
1331 3773 1431 3803 codem
1451 3770 1558 3802 disserit
1578 3778 1699 3811 uterque
1720 3770 1750 3800 in
1771 3715 1842 3800 fineI
1851 3729 1970 3801 ll’salmi.
2062 3711 2102 3754 dl

1293 3813 1311 3843 b
1335 3811 1494 3843 Recentior
1512 3811 1606 3842 editio
1623 3820 1786 3842 correxerat
1805 3811 1919 3850 offertur
1935 3832 1943 3842 .
1963 3811 2014 3844 Sat
2027 3810 2176 3852 apposite.

1255 3852 1336 3884 Cum
1357 3860 1465 3884 veteres
1485 3861 1588 3883 omnes
1610 3849 1735 3882 scribant
1754 3850 1894 3891 offeretur.
