2652 4126
482 162 1037 225 ADvERsiJ

276 257 440 295 Davidem
448 257 607 295 mirabere
616 259 778 296 dicentem
788 287 797 296 .
824 258 1032 306 Thesaurisat
1043 274 1053 303 ;
1063 260 1106 296 (9⁶
1115 261 1203 306 igno-

275 317 327 340 rat
335 307 597 354 cuiconqregabit
609 321 644 341 es
656 334 664 341 -
686 311 778 346 Tum
797 314 831 347 δι
851 311 989 348 divitem
1002 311 1094 348 illum
1104 315 1201 349 Laza-

275 358 516 404 rooppositum
535 358 678 405 agnoscis
697 364 712 391 τ’
731 359 826 396 illum
851 362 984 408 quidem
1004 366 1036 398 in
1056 365 1202 409 Evange-

274 408 326 444 liis
352 406 444 443 nobis
470 409 592 444 lectum
612 433 625 450 ,
658 421 762 455 neque
788 409 931 447 fabulam
962 412 1003 448 ad
1038 423 1200 449 terrorem

271 456 487 503 compositam
499 483 508 498 ,
535 457 588 493 sed
604 469 735 494 certum
754 458 1003 507 absolutumque
1024 462 1124 498 fiituri
1147 473 1199 510 ty·

272 519 353 554 pum
373 510 431 543 aevi
451 535 460 543 .
485 506 598 555 Byss'us
622 512 851 554 computruit,
876 521 1013 557 regnum
1031 512 1072 548 ad
1098 512 1198 549 alium

272 557 461 593 traductum
479 557 547 600 est,
571 557 695 593 deliciae
714 561 747 593 &
767 558 950 606 voluptates
971 572 1171 599 evanuerunt
1189 575 1199 600 5

272 617 445 654 peccatum
464 618 572 643 autem
582 606 621 643 ab
641 607 703 642 illis
724 608 912 655 profecffum
924 622 1029 646 manet
1049 626 1058 647 i
1083 611 1202 649 abeun-

270 667 405 704 temque
432 659 742 703 porrocomitatur‚
767 670 834 694 non
855 659 1057 708 aliterquam
1085 661 1201 698 umbra

268 718 391 752 corpus
411 718 420 740 :
454 719 562 754 eoque
587 705 660 753 post
685 707 856 754 epularum
891 710 1165 755 magnificentiam
1190 725 1200 750 ἱ

269 755 344 803 post
354 755 451 792 lautas
475 755 688 804 opiparasque
699 757 849 794 mensas:
876 760 1201 808 quaeguttamlepro-

268 804 294 842 fi
321 805 428 851 digito
461 805 673 842 distillantem
702 810 841 854 requirit
862 832 873 850 ,
907 821 943 844 ac
969 811 1199 847 medicum-ad

268 867 369 902 opem
397 855 562 892 serendam
591 856 764 903 implorat,
791 861 842 893 cui
870 869 910 893 ne
936 871 1046 896 manus
1064 861 1199 908 quidem

235 932 239 937 ⁴
267 904 358 942 fuisse
384 906 536 943 videntur
561 906 601 941 ad
627 918 720 942 canes
744 905 922 953 abigendos
944 934 953 948 ,
979 913 1035 955 qui
1063 910 1198 947 vulnera

12 1358 129 1419 ¹21]ae-
141 1380 247 1415 56:111.

267 957 353 991 cirea
377 958 495 992 atrium
517 958 647 1002 jacentis
671 955 882 993 allamberent
903 986 910 993 .
937 959 997 994 Sed
1018 964 1049 996 δε
1077 961 1195 997 defide-

266 1007 476 1052 ratconjungi
489 1008 635 1048 Lazaro,
661 1019 759 1053 quem
786 1007 970 1043 exadverso
989 1010 1100 1054 videt,
1126 1008 1201 1046 soria

266 1055 371 1091 media
392 1054 443 1090 vel
462 1053 553 1091 hiatu
573 1056 735 1091 divulsus.
764 1059 846 1102 Quo
864 1058 997 1102 quidem
1018 1060 1200 1106 designatur

267 1117 336 1140 non
350 1104 493 1147 vallum,
520 1117 586 1140 non
607 1117 703 1153 agger
716 1119 813 1143 manu
835 1106 959 1150 faetus,
985 1120 1021 1144 ut
1038 1113 1070 1144 in
1090 1110 1200 1146 castris

265 1154 306 1190 ad
317 1152 445 1190 hostem
466 1156 644 1191 arcendum
657 1181 668 1197 ,
696 1155 747 1192 sed
770 1167 980 1204 peccatorum
1000 1157 1085 1194 obex
1104 1163 1137 1194 &
1158 1159 1197 1194 se-

266 1207 480 1251 pimentumt
508 1206 599 1251 quod
626 1206 869 1245 condemnato,
898 1207 1082 1244 velutmuri
1111 1208 1199 1252 obje-

265 1254 322 1289 ἂιι
334 1280 346 1297 ,
371 1255 497 1290 aditum
509 1255 742 1302 transitumque
751 1256 790 1292 ad
802 1254 921 1300 justum
933 1257 1126 1294 interclufit.
1154 1262 1200 1295 Et

265 1301 347 1341 huic
372 1304 581 1350 explicationi
604 1303 771 1341 subscribit
797 1306 888 1341 maias
909 1333 920 1349 ,
955 1319 1030 1343 cum
1053 1308 1201 1357 insipien-

265 1364 332 1390 tem
360 1355 523 1402 populum
549 1358 693 1401 graviter
722 1358 889 1403 increpans
908 1356 945 1392 fit
963 1356 1079 1394 affatur
1101 1386 1109 1396 .
1147 1362 1200 1391 An

264 1415 325 1438 non
337 1405 456 1437 valida
470 1405 555 1449 saus
568 1417 678 1439 mimus
694 1405 828 1438 Domini
838 1404 1089 1450 adservandnm
1102 1435 1110 1449 ,
1137 1418 1197 1441 aut

265 1464 456 1500 aggravata
467 1454 509 1494 cli
529 1467 615 1487 auru
630 1454 700 1495 ejus
712 1479 722 1493 ,
746 1463 851 1489 utnon
868 1456 1047 1494 exaudiat?
1066 1458 1131 1490 Imo
1140 1470 1197 1491 vo.

264 1512 444 1549 repet-cata
464 1503 573 1542 vestra
593 1503 876 1548 diviseru‹;tiriter
895 1517 952 1536 vos
966 1506 1007 1539 (5⁶
1022 1508 1126 1540 Deum
1148 1521 1198 1541 no.

258 1551 362 1595 strum
373 1582 380 1590 ‚
409 1554 514 1600 Quod
527 1554 548 1589 si
562 1566 690 1601 peccata
702 1555 882 1591 mortalesa
895 1558 969 1592 Deo
980 1556 1124 1603 separant
1135 1583 1147 1600 ,
1157 1560 1199 1595 de

263 1607 396 1640 avaritia
408 1617 475 1639 non
494 1603 539 1639 est
550 1604 791 1648 dubitandum,
819 1618 953 1652 peccato
971 1606 1070 1653 longe
1081 1609 1198 1653 gravis-

263 1653 370 1695 fimo,
395 1665 494 1701 quam
516 1667 590 1690 vera
609 1667 691 1690 voce
714 1667 856 1691 veritatis
876 1656 931 1690 ille
953 1669 1060 1702 praeco
1080 1659 1198 1694 Paulus

236 1713 243 1721 ·
263 1703 487 1740 idololatriam
508 1705 668 1750 appellat,
694 1711 913 1753 omniumque
933 1705 1063 1753 stirpem
1085 1713 1118 1744 &
1146 1721 1199 1754 ge-

262 1756 413 1789 nitricem
426 1754 607 1790 malorum.
636 1756 728 1798 Quid
742 1760 828 1792 enim
849 1768 905 1791 cos
915 1756 1122 1801 quictis-isto
1142 1772 1201 1794 no-

261 1815 338 1839 men
348 1803 504 1840 dederant
515 1829 525 1845 ,
550 1816 587 1839 ac
597 1804 834 1852 mysteriorum
850 1811 1020 1852 participes
1032 1821 1120 1843 crant
1130 1833 1142 1850 ,
1161 1809 1200 1845 ad

261 1853 392 1890 cultum
414 1854 607 1890 daemonum
630 1858 788 1902 pertraxit
808 1883 815 1891 .
844 1859 968 1893 Nonne
989 1857 1079 1902 plura
1103 1861 1201 1904 poili-

261 1902 360 1940 dendi
386 1903 570 1951 cupiditas,
596 1908 631 1941 δι
656 1904 773 1942 alienas
800 1905 949 1942 fortunas
976 1910 1159 1955 occupandi
1187 1911 1200 1945 ἓ

259 1955 386 1992 Nonne
413 1952 641 1999 promissorum
678 1954 732 2001 spe
759 1955 1002 2001 magistratuum
1028 1971 1064 1993 ao
1088 1959 1198 2004 praefe·

260 2003 451 2045 stultarum,
478 2007 639 2052 regiaeque
667 2005 1139 2051 munificentiae&largitionis
1158 2008 1198 2045 ab

260 2053 488 2099 immissam,
515 2057 577 2090 Dei
598 2054 726 2092 cul'um
749 2055 1013 2105 religionemque
1030 2058 1120 2104 quasi
1147 2072 1199 2094 ve-

261 2101 344 2139 stem
353 2107 526 2147 repentino
543 2109 734 2141 mutarunt?
762 2108 807 2142 Et
821 2104 888 2142 liaec
908 2108 1045 2155 quidem
1059 2113 1198 2146 anterio·

261 2158 337 2187 rum
362 2149 510 2195 exempla
536 2160 728 2197 temporum
749 2161 908 2189 memoria
928 2157 1073 2195 ,servavit
1093 2173 1103 2194 ι
1130 2159 1202 2196 sunt

261 2203 443 2237 etiamnum
455 2202 594 2235 recentia
613 2211 650 2234 ac
662 2197 779 2235 nostrae
787 2204 888 2235 aetatis
899 2227 906 2234 .
935 2206 1026 2236 Cum
1038 2210 1125 2238 enim
1137 2212 1203 2239 Im·

263 2258 398 2295 perator
409 2247 483 2287 ille,
508 2251 565 2293 qui
577 2246 756 2284 Christiani
779 2250 948 2295 personam
962 2263 1018 2297 per
1030 2251 1206 2288 simulatio·

263 2296 410 2337 nemdiu
423 2293 624 2342 gestaveram
647 2307 782 2350 repente
792 2309 860 2339 em
869 2300 1059 2348 deponens,
1085 2314 1205 2343 totam-

268 2359 336 2394 que
354 2345 500 2382 deducto
511 2343 630 2392 fipario
652 2346 778 2384 scenam
798 2347 986 2389 denudans,
1014 2354 1048 2384 ἀ
1061 2352 1125 2394 ips„-
1143 2352 1204 2385 dae-

265 2399 389 2435 moniis
410 2394 624 2441 impudenter-
642 2395 856 2441 sacrificavit,
880 2402 913 2436 &
939 2398 1022 2436 alios
1043 2402 1138 2434 vai-iis
1163 2411 1205 2433 eo

266 2449 407 2494 praemiis
433 2447 605 2484 invitavits
628 2459 767 2492 quantus
793 2446 834 2482 ab
859 2448 1001 2483 Ecciefla
1026 2448 1065 2482 ad
1092 2448 1204 2484 altaria

267 2496 373 2534 faetus
398 2494 444 2531 est
469 2494 681 2532 concursus.²
703 2498 800 2543 quam
829 2495 924 2531 multi
953 2509 1012 2542 per
1037 2495 1205 2533 bonorum

269 2547 372 2583 escam
396 2549 429 2582 δι
450 2543 578 2580 illebras
603 2558 666 2582 una
692 2558 770 2581 cum
791 2545 864 2591 ipso
888 2546 1140 2591 transgressionis
1152 2546 1206 2582 ha·

269 2609 363 2634 mum
388 2596 620 2632 devorarunt?
655 2597 725 2640 Qui
753 2608 838 2632 nunc
865 2596 1000 2641 quidem
1029 2599 1206 2642 Stigmatiae

269 2652 418 2684 civitates
427 2643 583 2680 oberrant
594 2669 603 2686 ,
623 2644 798 2687 omnibus,
819 2645 900 2680 odio
911 2645 1130 2694 ludibrioque
1140 2657 1206 2683 tan·

272 2709 372 2746 quam
400 2693 526 2731 christi
548 2698 681 2731 Domini
711 2707 848 2742 propter
875 2695 1055 2742 pauxillum
1080 2699 1205 2741 argenti

271 2749 483 2796 proditores,
509 2746 664 2790 expunfti
675 2743 941 2781 Christianorum
952 2745 1029 2781 albe>
1038 2771 1050 2788 ,
1061 2746 1139 2782 ficut
1150 2750 1206 2788 Ju-

272 2798 330 2834 das
339 2795 608 2840 Apostolorum,
630 2794 892 2839 atransgressoris
911 2796 1128 2841 appellatione
1148 2805 1206 2831 no-

273 2852 322 2887 ti,
348 2847 428 2881 licut
449 2858 465 2880 a
484 2844 578 2890 signis
603 2848 786 2892 equi,'qui
803 2849 835 2880 in
863 2856 1030 2889 peccatum
1056 2850 1206 2882 omnium

274 2897 495 2944 gravissimum
523 2894 667 2940 pertrahi
688 2894 779 2930 fficile
800 2897 875 2942 paffi
897 2894 987 2935 sunt,
1015 2895 1207 2944 sequutiqu'e

275 2947 385 2983 statim
412 2950 550 2991 impura·
570 2949 603 2980 &
622 2943 811 2981 execrabilis
839 2948 1014 2982 impietatis
1043 2945 1206 2994 mystago-

276 3008 377 3042 gum.
405 3000 454 3031 Ira
464 3006 616 3030 nimirum
635 2998 766 3031 avaritia
779 2997 865 3039 juxta
883 2994 1081 3041 Apostolum
1101 2996 1207 3031 idolo·

252 3052 259 3060 ·
276 3047 370 3083 latria
382 3045 428 3083 est
440 3070 449 3083 ,
459 3047 676 3091 omniumque
688 3046 778 3080 radix
791 3044 952 3081 malornm
961 3071 972 3086 ‚
985 3049 1153 3081 innumera
1165 3057 1206 3080 ex

277 3095 342 3133 fise
362 3098 428 3130 vita
447 3099 644 3140 progignens
662 3119 670 3126 .
696 3098 785 3130 Sicut
803 3099 890 3130 enim
911 3098 932 3130 ii
952 3098 1007 3142 qui
1034 3107 1147 3132 aurum
1175 3098 1206 3130 in

278 3146 349 3183 finu
369 3142 713 3190 visceribusqueterrae
725 3144 923 3185 sctutantur,
941 3158 1070 3181 auream
1081 3144 1209 3191 glebam

279 3199 371 3234 circa
398 3197 581 3238 principem
601 3197 643 3232 δὲ
655 3198 825 3241 proprium
855 3198 1071 3241 generationis
1099 3195 1211 3230 locum

280 3244 478 3284 cumulatim
505 3242 835 3288 repositam-inveniri
855 3254 982 3281 narrant
1000 3270 1013 3287 ,
1038 3249 1071 3281 δι
1087 3244 1208 3291 aliquas

280 3298 360 3332 inde
380 3293 470 3329 mint
494 3304 590 3330 venas
610 3296 641 3329 in
661 3293 799 3339 longum
821 3294 899 3330 hinc
920 3295 996 3330 inde
1014 3296 1151 3341 produci
1173 3293 1209 3329 ss—

283 3357 340 3383 cut
365 3343 520 3381 arborum
538 3355 556 3377 a
575 3340 684 3388 stipite
709 3344 771 3381 late
796 3344 856 3380 sese
875 3343 1208 3392 explicantacdiffun—

283 3395 377 3437 dunt,
395 3393 517 3429 radices
533 3406 546 3429 a
567 3393 607 3428 ad
632 3394 776 3430 eundem
798 3394 953 3434 modum,
982 3398 1118 3439 imagine
1144 3406 1211 3428 non

286 3448 396 3485 minus
421 3445 697 3488 impropriaaur'i
723 3448 757 3480 δι
783 3448 923 3480 avaritioe
945 3469 956 3485 ,
989 3444 1090 3480 multa
1116 3443 1213 3478 video

287 3497 435 3541 germina
458 3490 644 3537 multosqpe
672 3493 818 3530 surculos
853 3506 915 3531 una
941 3494 1118 3541 eademque
1143 3492 1212 3528 stir-

291 3557 331 3591 pe
357 3545 489 3585 avaritia
515 3543 729 3584 coniunctos.
756 3546 847 3579 Hinc
866 3544 965 3579 video
989 3543 1095 3578 filium
1114 3545 1212 3590 capiti

290 3595 447 3641 genitoris
474 3595 730 3635 imminentem,
754 3598 786 3628 δι’
808 3592 927 3638 absque
953 3592 1017 3628 ulla
1043 3592 1093 3628 vel
1119 3604 1213 3627 vene-

291 3643 398 3680 randae
428 3644 554 3678 canitiei
580 3642 632 3678 vel
657 3644 859 3679 ametor-itatis
893 3645 1004 3689 patriae
1039 3645 1215 3678 reverentia

291 3694 474 3740 longiorem
500 3690 577 3727 senis
602 3694 700 3729 vitam
727 3693 947 3738 indignantem
968 3718 977 3726 .
1011 3696 1101 3728 Cum
1127 3695 1214 3727 enim

290 3747 421 3793 copiam
431 3753 566 3825 οἘηεῐη
584 3742 679 3779 domi
704 3741 836 3790 largiter
846 3743 1016 3790 suppetere
1027 3742 1136 3784 videt,
1160 3753 1215 3776 cu-

395 3795 420 3827 S
424 3820 431 3829 ,
485 3798 576 3833 siem
587 3817 596 3825 .

1157 164 1886 225 AVARtTiAM.

2047 186 2162 250 277

1260 262 1309 306 jus
1333 258 1516 298 dominium
1542 273 1637 308 penes
1655 260 1759 309 ipsum
1785 274 1851 298 non
1869 263 1928 306 fit,
1950 277 2056 316 eoque
2082 275 2184 316 potiri

1260 310 1328 357 ipse
1351 314 1465 356 cupit,
1491 315 1524 346 δι
1544 311 1587 348 sui
1598 324 1731 359 quoque
1744 313 1822 357 juris
1839 312 1934 352 fieri.
1958 321 2061 359 gravis
2071 319 2117 355 illi
2129 333 2184 368 pa-

1260 363 1341 400 tria,
1366 361 1540 396 aufforitas
1550 373 1586 396 ae
1608 361 1764 408 potestas.
1791 364 1944 400 Etinitio
1959 366 2089 410 quidem
2098 372 2181 406 intra

1257 408 1422 446 silentium
1441 409 1502 445 sese
1513 415 1681 453 continet,
1706 411 1835 459 alteque
1860 413 2069 452 reconditum
2095 430 2183 454 nior.

1258 459 1337 495 bum
1351 458 1469 496 habets
1492 461 1668 496 auetadein
1689 461 1843 508 paulatim
1853 462 2054 510 cupiditate,
2077 470 2181 502 &ani-

1257 522 1316 545 mo
1326 511 1570 554 jamtumente‚
1596 522 1727 557 repente
1739 511 1859 549 malum
1871 517 2084 561 prorumpit,
2109 529 2175 552 non

1256 559 1349 595 aliter
1374 570 1471 606 quam
1493 572 1510 594 e
1531 560 1862 598 fistulis&eanalibus
1887 574 1977 610 aquae
1995 567 2061 599 vis.
2084 568 2181 603 ’Tum

1259 608 1314 644 ille
1339 607 1481 644 seroseni
1510 609 1639 656 prorsus
1649 610 1894 655 intolerabiles,
1920 615 2099 661 vivumque
2118 627 2185 652 tan-

1258 669 1328 694 tum
1341 671 1408 694 non
1434 657 1760 696 effertacvalentem.
1786 663 1846 697 Sie
1871 673 1951 697 uum
1970 663 2097 710 agiliter
2106 677 2186 702 con·

1259 707 1404 752 scendit,
1431 712 1611 745 miratur&
1624 709 1772 757 adstupet
1791 725 1800 746 :
1825 710 1847 746 si
1870 715 1976 758 argius
1994 716 2028 749 δε
2046 725 2083 750 ut
2101 714 2186 751 bene

1260 757 1374 800 sanus,
1399 756 1510 794 cibum
1530 759 1626 794 sumit
1645 784 1654 799 ‚
1683 759 1743 796 fert
1768 773 1873 808 aegre,
1898 762 2074 810 secumque
2097 777 2187 802 mur·

1260 818 1366 843 murat
1386 823 1395 844 :
1421 809 1442 844 fi
1456 807 1595 844 famulos
1616 808 1655 844 ad
1666 822 1764 856 opera
1785 823 1821 846 ac
1833 811 2007 848 ministeria
2019 825 2114 849 mane
2132 826 2187 851 ex-

1255 861 1355 899 citat,
1382 857 1774 907 vigilantiambonamque
1799 859 2018 898 valetudinem
2044 861 2186 909 senisge-

1257 910 1319 942 mit
1343 919 1380 941 ac
1405 906 1496 942 dolet
1518 931 1526 940 .
1563 909 1667 954 Qiod
1696 908 1717 944 fi
1739 909 1872 956 aliquod
1899 911 2066 948 cimelium
2091 912 2187 950 alictii

1259 956 1430 991 donaverit
1448 983 1456 998 ,
1482 968 1536 992 aut
1555 956 1681 994 servum
1708 959 1951 1003 manumisi-rit,
1977 972 2048 997 tum
2067 962 2188 998 nullius

1252 1005 1368 1041 *homo
1395 1008 1536 1051 pretiiac
1563 1006 1682 1042 delirus
1702 1009 1791 1043 audit
1812 1022 1821 1046 3
1847 1019 1938 1051 tum,
1963 1011 2050 1058 quasi
2077 1015 2189 1046 viven-

1259 1057 1292 1092 di
1315 1056 1459 1101 regulam
1477 1068 1513 1092 ac
1536 1056 1762 1103 pta’scriptum
1782 1057 2004 1103 transgressus,
2027 1059 2188 1107 alienique

1251 1106 1418 1153 prodigus
1436 1119 1472 1142 ae
1496 1106 1668 1153 profusus,
1694 1110 1848 1143 convitiis
1858 1118 1956 1156 atque
1969 1108 2099 1155 probris
2114 1121 2188 1146 om-

1257 1155 1354 1192 nibus
1367 1155 1608 1201 proscindituri
1635 1156 1817 1202 longioris,
1843 1156 1928 1200 heu,
1955 1162 2028 1194 vitae
2047 1162 2079 1194 δε
2099 1158 2189 1206 spiri·

1259 1216 1311 1241 tus
1323 1218 1388 1240 non
1402 1205 1616 1241 statimemiffi
1637 1208 1726 1241 reiis-¹
1747 1208 1814 1242 Tui
1828 1205 1900 1249 isti,
1927 1205 2073 1244 scelerata
2083 1208 2187 1244 avari-'-

1259 1259 1302 1290 tia
1315 1282 1327 1298 ‚
1352 1255 1496 1291 frufitusi
1523 1267 1582 1291 tuo
1593 1255 1729 1302 impulsu
1742 1259 1954 1293 &incentivo
1964 1256 2051 1294 filius
2064 1261 2187 1306 parenti

1261 1308 1444 1340 inimicitias
1463 1305 1631 1341 denuntiat
1650 1320 1658 1342 :
1688 1318 1722 1341 tu
1748 1306 1895 1354 comples
1913 1319 2032 1343 terram
2054 1308 2187 1344 latroni-

1258 1354 1360 1390 bus&
1375 1353 1547 1391 homicidis
1559 1381 1570 1397 ,
1597 1367 1683 1391 mare
1695 1359 1827 1402 piratis,
1853 1355 1949 1392 urbes
1967 1357 2069 1393 turbis
2087 1370 2187 1405 atque

1258 1404 1452 1441 tumuli-ibus
1464 1430 1475 1447 ,
1500 1403 1609 1440 forum
1622 1418 1656 1440 ac
1681 1405 1850 1442 tribunalia
1862 1405 1944 1442 falsis
1955 1405 2089 1443 testibus
2101 1433 2112 1449 ,
2136 1408 2188 1455 sy-

1255 1454 1453 1501 cophaniis,
1482 1455 1728 1501 proditoribus,
1750 1456 2129 1500 advocatisacjudicibus
2146 1469 2188 1492 eo

1258 1504 1558 1551 propendentibus,
1585 1517 1700 1551 quotu
1721 1511 1931 1552 pertraxeris.
1958 1509 2104 1541 Avaritia
2124 1518 2188 1542 ma·

1258 1554 1567 1603 terinaequalitatis‚
1594 1555 1843 1596 immisericors,
1868 1555 2185 1598 inhumana,erude·

1257 1604 1296 1640 lis
1309 1629 1317 1636 ·
1345 1603 1499 1640 perhanc
1520 1616 1583 1640 vita
1596 1605 1784 1641 mortalium
1795 1605 1901 1651 dispar
1912 1618 1947 1641 ac
1958 1605 2101 1642 discors:
2119 1606 2188 1641 alii-

1257 1666 1323 1700 que
1343 1654 1484 1690 satietate
1503 1653 1673 1696 nauseant,
1698 1658 1822 1701 &opes
1844 1654 2078 1702 superfluentes
2095 1654 2190 1690 velut

1258 1703 1372 1740 cibum
1395 1717 1532 1739 nimium
1545 1717 1724 1741 evomunts
1749 1704 1898 1740 aliifame
1909 1707 2088 1750 &penuria
2105 1702 2191 1750 pres-

1259 1753 1281 1788 fi
1294 1779 1305 1796 ‚
1333 1757 1364 1788 in
1390 1766 1543 1788 extremo
1562 1767 1642 1798 pene
1661 1754 1847 1789 discrimine
1859 1754 2022 1790 versantur
2042 1768 2051 1789 ι
2076 1753 2112 1789 hi
2132 1751 2192 1790 sub

1259 1805 1353 1838 te&is
1389 1801 1584 1839 recumbunt
1621 1815 1704 1837 auro
1729 1803 1888 1838 distinffis
1923 1816 1960 1838 ac
1986 1806 2154 1847 variegatis
2178 1827 2191 1845 ,

1258 1852 1442 1901 domosque
1468 1851 1619 1888 incolunt
1646 1865 1818 1898 parvarum
1846 1851 1942 1887 instar
1967 1852 2099 1888 urbium
2119 1878 2129 1894 ,
2157 1856 2192 1887 in

1258 1902 1379 1952 quibus
1400 1901 1542 1944 baineae,
1569 1906 1716 1949 porticus
1735 1906 1769 1937 in
1789 1901 1927 1946 longum
1955 1906 2133 1947 pori-cette,
2157 1905 2192 1936 δι

1260 1954 1370 2001 plui-es
1406 1952 1493 2001 quafi
1530 1952 1650 1988 domus
1685 1951 1858 1998 omnisque
1882 1950 2120 1996 magnificentia
2154 1962 2192 1986 ae

1259 2003 1450 2051 splendores
1478 2002 1523 2038 illi
1536 2013 1651 2039 contra
1676 2013 1718 2037 ne
1735 2000 1806 2038 duo
1823 2000 1958 2049 quidem
1970 2003 2058 2045 tigna
2068 1999 2192 2050 quibus

1258 2065 1429 2100 tegantur,
1457 2051 1601 2092 habentt
1625 2065 1768 2102 cumque
1788 2051 1964 2099 perdurare
1983 2051 2107 2089 subdio
2125 2062 2191 2089 non

1260 2103 1387 2153 poss'unt
1406 2130 1418 2147 ,
1444 2104 1496 2139 vel
1517 2105 1556 2139 ad
1577 2107 1724 2140 caminos
1752 2102 1937 2140 balnearum
1965 2103 2160 2149 confugiunt
2178 2126 2192 2146 ,

1260 2156 1314 2191 ve}
1341 2155 1362 2190 fi
1394 2158 1426 2190 in
1453 2154 1658 2190 balneatores
1684 2152 1868 2200 hospitibus
1894 2156 2042 2189 inimicos
2070 2153 2191 2189 incide-

1261 2210 1327 2238 rint
1339 2229 1351 2244 ‚
1377 2208 1496 2246 pai-iter
1506 2216 1543 2238 ae
1552 2203 1627 2236 suos
1645 2203 1761 2238 fimum
1780 2203 1962 2245 fodientes,
1989 2201 2193 2239 necessarium

1263 2250 1320 2285 fibi
1339 2249 1484 2284 calorem
1504 2261 1679 2292 procurant
1691 2273 1699 2281 .
1726 2252 1931 2294 Odrfparem
1944 2254 2193 2287 vitaeconditio-

1264 2311 1340 2335 nem
1365 2302 1450 2333 inter
1485 2295 1638 2333 homines
1663 2310 1691 2333 a.
1707 2308 1817 2333 natura
1850 2298 2039 2343 dignatione
2067 2313 2156 2346 pares
2183 2301 2193 2336 ξ

1261 2361 1339 2394 qua?
1363 2347 1499 2390 quidem
1528 2345 1732 2390 perturbatio
1757 2359 1868 2381 rerum
1901 2359 1998 2394 aique
2025 2348 2192 2384 diversitas

1264 2406 1332 2429 non
1357 2393 1492 2429 aliunde
1503 2405 1602 2439 quam
1626 2392 1814 2429 ab-avaritia
1827 2394 1990 2439 profluit,
2007 2394 2064 2431 Ab
2074 2394 2134 2432 hac
2145 2397 2192 2433 est

1263 2444 1354 2490 quod
1373 2443 1454 2478 alius
1463 2454 1577 2477 contra
1597 2442 1758 2478 decorum
1770 2454 1850 2488 pene
1861 2444 1989 2486 nudus,
2013 2444 2092 2481 alius
2113 2459 2191 2493 prae-

1264 2505 1315 2530 ter
1332 2497 1516 2527 innumeras
1525 2492 1564 2527 ad
1582 2491 1674 2528 usum
1684 2496 1835 2538 corporis
1848 2493 1946 2529 vestes
1957 2506 2092 2541 parietes
2103 2497 2189 2541 ipsos

1266 2555 1411 2592 purpura
1433 2541 1535 2576 velat.
1562 2545 1687 2586 Pauper
1704 2555 1764 2576 nec
1782 2545 1813 2576 in
1832 2542 2190 2588 ligneaquidem-men·

1264 2594 1292 2630 sa
1310 2592 1518 2637 confringere
1545 2603 1659 2637 panem
1688 2590 1815 2635 potest,
1840 2604 1925 2628 cum-
1942 2594 2050 2630 mollis
2076 2594 2130 2629 ille
2154 2599 2189 2632 ἃ

1263 2643 1422 2680 delicatus
1457 2640 1586 2682 fulgore
1621 2640 1775 2676 iatissimae
1806 2653 1846 2677 ex
1871 2653 2016 2687 argento
2039 2645 2152 2680 mensae
2176 2669 2190 2688 ,

1265 2704 1473 2740 quamopere
1498 2689 1613 2725 ductili
1635 2690 1863 2733 fierit-uratur,
1886 2704 2026 2728 mentem
2053 2697 2087 2729 &
2112 2707 2190 2730 ocu-

1264 2744 1314 2779 los
1342 2741 1445 2788 pascat
1464 2765 1473 2774 .
1501 2742 1549 2775 At
1574 2751 1703 2786 quanto
1717 2739 1822 2776 fuerat
1840 2744 1963 2788 aequius
1979 2768 1991 2784 ,
2018 2743 2081 2778 illo·
2103 2743 2194 2779 laute-

1264 2793 1398 2841 quidem
1423 2793 1457 2826 δι
1481 2793 1618 2838 opipare
1635 2789 1786 2836 epulante
1803 2814 1815 2832 ‚
1840 2792 2033 2839 caeterafque
2060 2793 2195 2828 delicias,

1264 2844 1308 2880 ad⁴
1325 2842 1497 2878 satietatem
1509 2839 1702 2885 ufiirpante,
1727 2840 1842 2876 menfie
1854 2845 2036 2886 pretiumin
2055 2843 2190 2878 alimen-

1266 2905 1298 2929 ta
1325 2902 1503 2938 pauperum
1529 2891 1707 2926 converti?
1740 2889 1834 2925 Alius
1860 2901 1950 2925 aerate
1970 2889 2068 2927 sessus
2084 2895 2118 2927 &
2145 2896 2190 2927 in-

1268 2942 1359 2990 gredi
1390 2938 1571 2977 invalidus,
1596 2950 1651 2974 aut
1661 2938 1868 2985 vitioaliquo
1886 2939 2040 2981 claudus,
2065 2941 2188 2978 alinum

1266 2989 1473 3028 neceffarium
1485 2991 1651 3024 vectorem
1663 3000 1729 3023 non
1749 2986 1871 3025 habete
1890 2989 1969 3025 alius
1989 2990 2074 3033 ipsos
2084 3000 2189 3037 equo-

1266 3050 1460 3085 rumgreges
1483 3037 1778 3074 obmultitudinem
1805 3042 1932 3084 ignorat
1950 3054 1961 3076 :
1986 3038 2064 3075 hiric
2074 3040 2189 3076 oleum

1265 3092 1305 3129 ad
1315 3088 1461 3126 lichnum
1472 3087 1577 3125 deest-3
1601 3088 1655 3122 ille
1675 3088 1748 3122 solis
1767 3087 1965 3130 luminibus,
1990 3093 2023 3124 δε
2044 3089 2190 3125 candela·

1267 3143 1335 3180 bris
1352 3139 1474 3176 censeri
1497 3138 1586 3174 dives
1597 3136 1702 3183 potest
1720 3152 1729 3173 ι
1758 3136 1814 3172 hic
1824 3139 2078 3185 quidem-in'solo
2098 3139 2190 3174 nudu

1271 3189 1462 3238 procumbit
1473 3201 1486 3227 ‚⁹
1511 3187 1565 3223 ille
1578 3200 1659 3222 vero
1669 3188 1792 3222 divitiis
1802 3186 1949 3223 laborans
1960 3191 1991 3223 in
2003 3187 2091 3223 lefio
2101 3188 2131 3223 se
2143 3200 2190 3224 re·

1265 3242 1392 3287 supinat
1409 3242 1666 3285 circumquaque
1675 3236 1819 3282 fulgente
1829 3252 1847 3278 ‚·
1866 3240 2067 3283 &argenteis
2086 3237 2189 3284 sphae-

1266 3294 1309 3327 ris
1334 3301 1431 3336 atque
1447 3292 1567 3325 catenis
1585 3290 1656 3323 vice
1672 3286 1799 3322 sunium
1817 3299 1992 3323 exornato.
2019 3287 2119 3323 Tales
2141 3290 2191 3323 ni·

1262 3343 1391 3377 *mirum
1410 3336 1616 3384 inexplebilis
1639 3339 1777 3372 avaritiae
1793 3335 1925 3371 affectus
1950 3335 2068 3384 absque
2085 3350 2121 3371 ea
2142 3337 2190 3372 so-

1269 3401 1340 3431 ret.
1367 3401 1471 3436 neque
1489 3385 1566 3422 effet-
1588 3385 1657 3422 haec
1682 3390 1714 3421 in
1740 3390 1804 3420 vita
1831 3385 2189 3434 mortalium-inaequali-

1257 3451 1316 3476 -tas
1329 3465 1336 3478 .
1350 3437 1415 3473 hoc
1426 3436 1590 3473 dimdium
1602 3461 1612 3477 ‚
1638 3447 1741 3482 neque
1755 3446 1821 3470 tam
1833 3438 1931 3470 variis
1940 3435 2083 3471 cladibus
2093 3447 2190 3482 arque

1270 3485 1503 3525 calamitatibus
1539 3485 1674 3520 insuavis
1701 3497 1735 3519 ea
1759 3483 1855 3519 nobis
1887 3497 1923 3520 ac
1948 3484 2199 3533 lachrymabilis-

1270 3538 1478 3574 redderetur.
1507 3537 1595 3571 Hinc
1620 3534 1771 3569 homines
1789 3533 2057 3580 naturalem-erga
2083 3533 2192 3570 homi-

1272 3601 1327 3624 nes
1338 3585 1527 3622 charitatem
1546 3595 1688 3625 exuunt,
1713 3581 1790 3618 hinc
1801 3582 1922 3619 ferrum
1932 3595 2075 3626 acuunt,
2097 3582 2191 3619 acies-

1273 3651 1337 3686 que
1362 3634 1530 3671 instructas
1556 3636 1641 3669 intei-
1666 3632 1695 3667 se
1719 3637 1876 3673 arietant,
1901 3633 2089 3680 summaque
2109 3644 2192 3668 >oum

1273 3687 1470 3724 immanitate
1494 3694 1645 3731 tanquam
1678 3681 1794 3717 belluae
1818 3682 2003 3728 depugnant
2022 3709 2031 3719 .
2065 3685 2195 3719 Caetera

1273 3737 1426 3782 deinceps
1444 3736 1517 3781 quis
1537 3733 1754 3770 enarraverit?
1777 3732 1872 3816 hilpri
1898 3733 1997 3768 validi
2015 3736 2051 3770 δι
2076 3731 2193 3768 excelli

1887 3793 1903 3815 2
2081 3793 2147 3817 ma-
