2690 4100
353 1083 513 1116 Maffilieu-

352 1125 424 1157 sium
452 1125 514 1156 sen-

351 1175 516 1252 332¹&ssss
527 1205 633 1253 dam.
653 1218 850 1265 peccante
869 1237 884 1260 ,

353 1248 428 1283 lica,
448 1258 511 1288 par-

352 1290 407 1320 tim
432 1288 510 1321 Pela-

354 1329 462 1371 giana.

547 163 578 210 6

541 258 663 295 antea
695 243 988 305 sequebantur,
1017 235 1352 302 intelligentiores
1373 231 1475 299 mul:

540 324 586 355 to
624 304 968 362 instructioresque
1002 301 1092 345 sunt
1130 295 1226 341 sach
1256 308 1271 349 3
1311 302 1370 334 ita
1398 306 1469 360 qui

539 368 801 431 persuasionis
821 365 894 409 suae
925 359 1253 419 impediebantur
1271 351 1442 395 obscuro
1463 381 1477 406 ‚

539 429 756 476 aversiores
784 439 905 485 quam
937 422 1098 464 fuerant
1127 446 1140 467 ‚
1181 411 1427 459 recesserunt
1459 442 1471 455 .

539 492 727 551 Quorum
762 499 847 530 tam
876 483 1047 536 abrupta
1075 474 1257 519 diffenfio
1288 473 1471 533 primum

535 561 705 609 propter
722 544 827 604 ipsos
846 536 1066 584 metuenda
1085 535 1165 590 est,
1194 550 1247 603 ne
1272 548 1359 578 tam
1375 534 1468 602 ‘cla-

533 609 587 652 ris
610 637 623 660 ‚
652 617 814 663 tamque
845 599 1017 659 egregiis
1048 598 1093 641 in
1121 610 1309 640 omniurn
1341 607 1469 638 virtu-

532 680 621 711 tum
633 663 758 709 studio
778 662 876 706 viris
896 659 1058 717 spiritus
1080 658 1307 715 Pelagianae
1320 656 1466 713 impie-

532 726 629 772 tatis
640 723 802 769 illudat:
832 733 848 751 ²
875 718 1022 765 deinde
1043 733 1094 762 ne
1106 717 1369 777 simpliciores
1380 717 1468 775 qui-

530 802 632 846 que,
661 782 768 843 apud
779 797 875 843 quos
897 781 1042 825 horum
1063 792 1216 837 magna
1235 776 1291 820 est
1311 775 1361 819 de
1372 791 1466 834 pro-

529 844 670 889 bitatis
681 841 1032 903 contemplatione
1043 838 1276 884 reverentia
1286 868 1299 892 ‚
1319 837 1397 880 hoc
1410 849 1471 880 tu-

529 905 722 951 tissimum
733 903 805 949 fibi
825 900 1022 947 aestiment
1032 931 1046 954 ‚
1073 898 1180 959 quod
1192 897 1362 944 audiunt
1372 912 1439 941 eos
1450 927 1463 951 ‚

528 979 701 1029 quorum
717 962 1002 1024 ,auctoritatem
1014 961 1096 1005 fine
1116 958 1263 1022 judicio
1294 958 1479 1025 sequunj

512 1024 617 1080 tur,
646 1022 837 1073 asserere.
904 1028 906 1030 ’
1053 1026 1058 1031 “
1215 1028 1217 1030 ·
1329 1025 1339 1029 ”
1388 1025 1391 1027 ·
1459 1023 1468 1026 “

529 1145 561 1189 f-
570 1102 632 1191 s?-
645 1078 755 1131 'Haec
774 1085 888 1136 enim
907 1067 1089 1143 ipsorum
1109 1080 1295 1138 definitio
1315 1069 1473 1146 acpro':
1502 1135 1507 1147 Ι

546 1162 567 1190 e
600 1163 611 1189 1

613 1147 638 1189 o
659 1146 736 1191 est:
771 1146 957 1191 Oninem
978 1142 1144 1205 quidem
1163 1141 1380 1185 hominem
1411 1143 1492 1186 A?

957 1204 1130 1261 eccafise.
1164 1205 1222 1246 Et
1252 1204 1467 1254 neminem

526 1282 601 1327 per
611 1282 735 1325 opera
755 1266 847 1320 sua,
876 1219 956 1309 sed,
975 1278 1049 1322 per
1068 1264 1155 1307 Dei
1165 1262 1342 1320 gratiam
1354 1278 1468 1324 rege-

528 1328 740 1375 neratione
759 1325 931 1368 salvari.
953 1321 1168 1375 Uniyerfis
1180 1334 1320 1371 tamen
1332 1324 1467 1382 haini-

527 1387 646 1436 nibus
659 1384 997 1443 propitiationem
1008 1395 1094 1438 quae
1115 1377 1170 1421 est
1183 1379 1227 1420 in
1240 1377 1466 1431 speraqjen-
1487 1409 1498 1431 ἦ,

529 1461 571 1492 to
594 1445 798 1503 sangumis
819 1441 999 1494 Christi,
1030 1441 1112 1483 fine
1133 1438 1378 1495 exceptione
1390 1439 1467 1479 effe

524 1506 800 1566 propofitam3
831 1515 875 1554 ut
914 1502 1127 1556 nicumque
1143 1496 1199 1542 ad
1219 1496 1343 1548 fidem
1361 1498 1402 1539 8<
1415 1495 1466 1539 ad

526 1565 776 1624 baptismum
796 1517 984 1607 accedere
1005 1558 1235 1612 voluerint,
1268 1555 1369 1600 salvi
1391 1556 1467 1600 effe

526 1627 674 1688 possint
696 1657 706 1668 .
739 1625 826 1684 Qui
856 1636 992 1668 autem
1023 1618 1214 1664 credituri
1236 1617 1351 1671 sunt,
1382 1619 1468 1677 qui—

526 1702 577 1731 ve
599 1688 642 1734 in
663 1701 712 1729 ea
732 1684 833 1737 fide,
862 1699 946 1743 quae
968 1680 1160 1740 deinceps
1183 1694 1255 1738 per
1278 1679 1363 1731 Dei
1375 1693 1469 1737 gra-

526 1746 689 1792 tiamfit
706 1743 880 1802 juvanda
935 1743 1111 1786 mansuri
1136 1741 1252 1794 sunt,
1281 1739 1464 1799 presciffe

530 1820 625 1853 ante
638 1805 779 1849 mundi
801 1776 1129 1848 constitutionem
1155 1803 1317 1854 Deum,
1349 1802 1466 1844 &eos

531 1866 818 1927 praedestinasse
844 1867 886 1908 in
908 1880 1080 1923 regnum
1102 1864 1211 1906 suum
1224 1894 1238 1915 ,
1268 1878 1364 1920 quos
1375 1877 1467 1920 gra-

530 1930 580 1972 tis
604 1939 789 1978 vocatos,
819 1925 961 1982 dignos
992 1925 1143 1972 futuros
1174 1922 1396 1977 elefflone,
1427 1924 1467 1966 8<

529 1987 578 2031 de
591 1988 666 2029 hac
679 1988 764 2030 vita
775 1987 882 2027 bona
905 1984 981 2027 fide
1003 1983 1222 2028 excessuros
1233 1983 1307 2026 effe
1321 1984 1466 2043 praevi-

529 2048 655 2090 derit.
689 2046 863 2103 Ideoque
885 2060 1053 2088 omnem
1076 2046 1287 2087 hominem
1311 2044 1360 2088 ad
1382 2059 1466 2088 cre-

530 2107 705 2151 dendum
726 2109 763 2149 8<
785 2105 833 2148 ad
857 2105 1100 2163 sperandum
1120 2105 1271 2148 divinis
1308 2105 1468 2149 institu-

532 2169 707 2211 tionibus
720 2166 953 2218 admoneri,
983 2180 1027 2208 ut
1038 2165 1087 2209 de
1101 2165 1393 2224 apprendenda
1406 2168 1466 2209 vi-

533 2241 575 2272 ta
586 2240 734 2271 aeterna
746 2237 866 2268 nemo
886 2224 1093 2283 desperet,
1113 2240 1205 2268 cum
1229 2227 1464 2268 voluntariae

531 2286 742 2331 devotioni
774 2285 1048 2329 remuneratio
1080 2285 1127 2327 fit
1160 2298 1325 2342 parata.
1369 2287 1464 2329 Hoc

532 2362 667 2391 autern
680 2346 929 2404 propositum
942 2346 1166 2388 vocationis
1181 2346 1288 2400 Dei,
1308 2362 1386 2404 quo
1399 2347 1466 2389 vel

532 2421 627 2452 ante
640 2408 780 2450 mundi
810 2407 1000 2461 initium,
1031 2407 1097 2450 vel
1117 2407 1159 2449 in
1174 2406 1258 2464 ipsa
1270 2407 1468 2450 conditio-

533 2484 584 2512 ne
605 2467 762 2526 generis
784 2467 978 2518 humani,
1008 2466 1290 2524 eligendorum
1310 2469 1348 2511 8<
1378 2468 1470 2524 reji-

533 2527 765 2572 ciendorum
779 2525 925 2569 dicitur
955 2525 1062 2568 faeta
1094 2525 1304 2580 discretio,
1336 2542 1380 2570 ut
1412 2528 1469 2570 se-

534 2587 707 2632 cundum
739 2585 843 2644 quod
866 2586 1017 2644 placuit
1041 2587 1258 2640 Creatori,
1289 2587 1359 2630 alii
1373 2587 1467 2630 vasa

535 2647 724 2698 honoris,
755 2647 823 2688 alii
838 2646 930 2689 vasa
950 2647 1204 2690 contumeliae
1226 2647 1304 2692 sint
1315 2649 1468 2701 creati,

537 2709 575 2749 8<
587 2706 703 2764 lapsis
716 2720 853 2748 curam
864 2706 1092 2763 resurgendi
1106 2706 1285 2750 adimere
1297 2738 1310 2760 ,
1332 2709 1370 2750 δ(
1383 2708 1469 2751 san—

538 2767 610 2811 &is
621 2766 866 2810 occasionem
880 2767 1030 2824 teporis
1043 2767 1089 2809 ad
1097 2767 1222 2810 ferre:
1244 2782 1291 2809 eo
1304 2768 1408 2824 quod
1424 2769 1468 2811 in

539 2840 706 2884 utraque
719 2839 833 2885 parte
846 2826 1061 2885 superfluus
1073 2828 1186 2870 labor
1197 2827 1267 2881 fit,
1298 2828 1323 2870 fi
1337 2843 1467 2886 neque

542 2887 706 2942 rejefflus
718 2888 797 2930 ulla
809 2887 1000 2930 industria
1012 2888 1127 2945 possit
1140 2889 1292 2931 intrare
1305 2919 1317 2941 ,
1338 2904 1467 2947 neque

540 2946 687 2991 eleRus
708 2948 787 2991 ulla
819 2949 1071 3006 negligentia
1102 2949 1219 3006 possit
1251 2948 1434 2993 excidere
1457 2982 1468 2992 .

542 3009 718 3066 Quoquo
730 3009 839 3050 enim
862 3008 981 3050 modo
1003 3009 1039 3051 se
1053 3011 1235 3066 egerint,
1268 3024 1350 3052 non
1365 3009 1469 3068 posse

541 3066 647 3110 aliud
668 3082 763 3124 erga
784 3083 850 3111 eos
878 3084 998 3126 quam
1032 3071 1145 3113 Deus
1165 3069 1378 3123 definivit,
1409 3085 1471 3113 ac-

542 3126 694 3170 cidere:
727 3129 763 3169 &
776 3127 842 3169 sub
856 3129 1009 3172 incerta
1020 3129 1086 3186 spe
1100 3130 1255 3174 cursum
1269 3145 1351 3173 non
1365 3131 1468 3189 posse

542 3186 615 3229 esse
628 3185 875 3230 constantem
890 3205 900 3243 ;
933 3205 1022 3231 cum
1037 3190 1062 3232 si
1085 3191 1192 3233 aliud
1212 3192 1362 3234 habeat
1375 3206 1471 3250 prae-

542 3245 776 3289 destinantis
797 3248 961 3301 elefiio,
991 3250 1090 3293 cassa
1111 3252 1158 3294 fit
1178 3251 1470 3296 adnitentisin-

542 3306 692 3349 tentio.
725 3309 948 3352 Removeri
982 3311 1115 3367 itaque
1147 3327 1315 3354 omnem
1357 3312 1471 3355 indu-

545 3365 703 3430 striam,
734 3370 898 3427 tollique
914 3371 1105 3428 virtutes,
1137 3372 1163 3413 fi
1187 3372 1471 3416 Deiconstitu—

549 3437 605 3467 tio
618 3426 810 3470 humanas
834 3431 1052 3486 praeveniat
1067 3433 1319 3476 voluntates:
1352 3434 1469 3477 &sub

547 3484 625 3525 hoc
657 3487 1008 3542 praedcstinationis
1049 3493 1214 3536 nomine
1247 3526 1258 3547 ‚
1299 3494 1469 3538 fatalem

549 3543 762 3607 quamdam
778 3548 909 3593 induci
931 3553 1228 3609 neceffitatem3
1260 3555 1471 3598 autdiver-

550 3604 678 3645 1arum
693 3618 922 3654 naturarum
942 3611 1020 3654 dici
1042 3614 1272 3660 Dominum
1290 3615 1473 3660 condito-

589 3730 607 3748 a
628 3720 711 3751 Abest
725 3732 779 3752 vox
791 3724 847 3755 haec
856 3747 864 3761 ‚
886 3729 1006 3761 deindea
1016 3730 1080 3761 ΜΠ.
1090 3733 1161 3771 Reg.
1170 3733 1280 3765 duobus
1291 3734 1319 3766 &
1330 3735 1416 3766 Colb.
1426 3734 1472 3767 fed

549 3759 615 3792 sanc
625 3771 658 3790 ex
669 3762 747 3800 lapsu
758 3769 997 3805 amanuensium,
1017 3780 1047 3801 ut
1059 3774 1170 3811 patebit
1182 3775 1291 3816 legenti
1302 3777 1420 3809 locum·

588 3799 608 3832 b
633 3801 691 3833 Ms.
707 3802 781 3844 Reg.
798 3807 998 3846 unus,saeius
1013 3811 1068 3848 sit.

919 148 1211 206 SANCTI
1254 141 1648 199 PROSPERI
1691 135 2102 209 AQiiTANr

1534 245 1647 284 rem,
1677 230 1704 272 fi
1725 239 1848 278 nemo
1867 230 1975 274 aliud
1997 229 2115 288 possit
2135 228 2211 277 esse
2228 242 2357 288 guam
2375 226 2392 251 ¹²
2413 227 2474 272 fa·
2529 229 2550 261 b

1535 291 1617 336 &us
1637 290 1704 334 est.
1727 294 1740 311 ⁶
1769 291 1912 350 thue
1933 291 2095 334 brevius
2116 304 2161 332 ac
2182 289 2343 347 plenius
2363 286 2472 348 quod
2525 314 2529 328 ᾗ

1534 352 1758 410 opinantur
1787 365 1995 410 exponam
2017 381 2031 405 ,
2061 347 2256 410 quidquid
2284 350 2332 392 in
2352 348 2473 407 'libro'

1533 412 1613 455 hoc
1644 427 1696 455 ex
1728 410 2097 455 contradicentium
2126 409 2240 454 sensu
2280 408 2471 455 sahffitas

1532 486 1602 516 tua
1623 472 1696 516 fibi
1726 471 1944 530 opposuit,
1974 470 2169 530 quidquid
2200 470 2330 514 etiam
2359 469 2471 525 inli-
2513 479 2515 481 ·

1530 534 1611 577 bris
1651 544 1795 575 contra
1826 532 2033 590 Julianum
2075 532 2126 574 ab
2154 530 2242 590 ipso
2281 530 2349 573 sub
2390 529 2472 574 hac

1529 592 1745 653 quaestione
1757 591 1983 650 officiium,
2035 591 2284 635 otentiffime
2294 589 2473 634 debella·
2502 638 2503 642 Ἰ

1529 655 1602 710 sti3
1633 653 1711 696 hoc
1740 665 1874 696 totum
1903 652 1955 695 ab
1986 653 2000 694 i
2037 653 2068 694 is
2099 651 2244 695 sanPtis
2273 651 2473 695 intentio-

1527 714 1669 758 fiffime
1701 714 2000 756 conclamatur.
2034 713 2096 755 Et
2115 726 2209 755 cum
2228 724 2373 756 contra
2403 726 2472 763 eos

1527 774 1677 833 scripta
1707 773 1969 818 beatitudinis
1981 786 2056 816 tuae
2077 770 2330 823 validissimis
2352 773 2392 816 8<
2410 773 2474 829 in-

1528 831 1708 879 numeris
1728 834 1972 878 testimoniis
2002 832 2237 887 divinarum
2247 830 2475 893 scriptura·

1529 910 1622 941 rum
1652 894 1844 939 instrusta
1875 895 2146 954 proferimus,
2174 908 2222 936 ac
2253 890 2475 942 secutffium
2496 941 2498 943 ,
2521 900 2540 931 „³

1524 956 1703 1001 formam
1725 955 2047 1016 disputationum
2068 967 2228 998 tuarum
2242 984 2256 1007 ,
2283 958 2301 984 ἀ
2319 953 2475 1012 aliquid

1513 1016 1761 1076 “etiam'ipfi
1780 1020 1862 1090 ipio
1883 1014 2183 1071 concludantur
2209 1012 2475 1072 adstruimu35

1528 1077 1847 1133 obstinationem
1869 1078 1981 1121 suam
1994 1075 2203 1130 *setnstate
2223 1067 2475 1132 destncbsnt:

1528 1141 1567 1184 &
1578 1154 1625 1182 ea
1637 1142 1722 1198 quae
1734 1138 1805 1182 dem
1816 1138 1985 1198 epistola
2006 1134 2176 1197 apostoli
2194 1134 2476 1178 PauliRo‘ma-

1529 1201 1592 1255 nis
1603 1199 1816 1243 scribentis
1825 1229 1839 1255 ‚
1874 1198 1925 1254 ad
1936 1197 2312 1244 manifestationem
2322 1194 2476 1239 divina»,

1529 1262 1668 1319 gratiae
1682 1260 1972 1321 praevenientis
1987 1258 2207 1302 detiorum
2220 1257 2369 1301 merita
2380 1271 2475 1316 pro-

1527 1323 1738 1377 feruntur,
1769 1336 1794 1365 a
1823 1322 1935 1364 nullo
1966 1334 2162 1378 umquam
2194 1316 2476 1362 ecclesiastico-

1526 1397 1620 1425 rum
1636 1384 1698 1431 ita
1717 1381 1795 1425 effe
1814 1380 2049 1436 iutelleffla,
2079 1393 2125 1423 ut
2157 1379 2265 1423 nunc
2295 1377 2479 1422 sentiun-

1526 1452 1594 1481 tur
1615 1444 1846 1486 affirmant.
1881 1444 2071 1501 Cumque
2095 1453 2139 1484 ut
2160 1437 2233 1498 ipsi
2266 1455 2315 1483 ea
2346 1454 2477 1498 expo-

1530 1499 1791 1561 nqsstsqound
1885 1518 2058 1562 quorum
2079 1502 2212 1551 velint
2224 1500 2337 1545 sensa
2347 1498 2473 1570 depo—

1531 1553 1676 1601 sC1mus
1689 1571 1703 1612 ;
1736 1557 1846 1601 nihil
1870 1562 2146 1618 eprofitentur
2158 1560 2358 1615 invenisse.
2368 1559 2476 1619 quod

1530 1616 1716 1674 placeat,
1748 1614 1847 1659 &de
1859 1617 2058 1681 histaceri
2084 1626 2284 1685 exigunt,
2302 1635 2479 1682 quorum

1527 1674 1790 1722 altitudinem
1803 1678 1935 1726 nullus
1955 1682 2162 1738 attigerit.
2195 1687 2259 1732 Eo
2274 1683 2478 1743 postremo

1524 1737 1755 1796 pervicatia
1767 1750 1854 1787 tota
1865 1738 2074 1798 descendit
2084 1771 2098 1796 ,
2108 1754 2153 1795 ut
2163 1743 2286 1803 fidem
2297 1743 2481 1796 nostram

1527 1797 1785 1842 aedificationi
1829 1799 2085 1844 audientium
2119 1796 2370 1848 contrariam
2401 1803 2478 1847 ess'e

1527 1858 1753 1915 definiant3
1788 1874 1834 1902 ac
1866 1861 1917 1904 fic
1948 1863 2077 1917 etiam
2098 1863 2127 1916 si
2161 1879 2259 1907 vera
2291 1865 2363 1918 fit,
2394 1876 2482 1919 non

1526 1918 1799 1980 promendam
1817 1936 1825 1962 :
1842 1922 1952 1978 ,quia

1527 1980 1683 2040 pienda
1704 1980 1943 2035 tradantur,
2033 1981 2147 2023 nullo
2178 1981 2360 2040 periculo
2391 1995 2479 2041 quae

1527 2042 1709 2100 intelligi
1729 2053 1936 2100 nequeant
1967 2042 2276 2086 conticeantur.

1588 2119 1629 2158 4.
1652 2101 1838 2162 Quidam
1866 2117 1966 2146 vero
1996 2103 2145 2151 horum
2176 2103 2219 2146 in
2253 2115 2419 2147 tantum
2450 2119 2476 2148 a

1529 2225 1579 2275 ad
1593 2223 1874 2274 confitendam
1887 2239 1979 2270 eam
1994 2223 2152 2268 Christi
2163 2225 2342 2284 gratiam
2356 2256 2371 2281 ,
2390 2241 2477 2285 quat

1530 2287 1671 2327 omnia
1682 2285 1908 2346 praeveniat
1921 2286 2068 2329 merita
2091 2285 2299 2340 humana,
2328 2300 2478 2347 cogan-

1532 2357 1620 2398 tur,
1651 2359 1703 2387 ne
1726 2344 1752 2386 si
1777 2345 1933 2398 meritis
1956 2345 2138 2390 redditur
2169 2345 2314 2390 frustra
2343 2347 2479 2406 gnatia

1532 2406 1771 2448 nominetur
1781 2421 1795 2463 ς
1827 2405 1878 2450 ad
1896 2406 2181 2451 conditionem
2201 2407 2310 2451 hanc
2338 2407 2476 2452 velint
2541 2442 2545 2447 .

1532 2465 1834 2526 uniuscujusque
1855 2467 2039 2512 hominis
2060 2469 2271 2528 pertinere
2285 2499 2300 2523 ,
2331 2467 2375 2511 in
2396 2483 2478 2529 qua.

1528 2542 1623 2571 eum
1636 2527 1741 2571 nihil
1761 2529 1871 2587 prius
1892 2541 2149 2584 merentem,
2178 2530 2272 2588 quia
2294 2544 2370 2574 nec
2385 2531 2478 2574 exi-

1531 2587 1734 2642 stentem,
1763 2588 1883 2633 liberi
1895 2589 2106 2633 arbitrii&
2126 2590 2375 2633 rationalem
2388 2605 2478 2648 gra-

1531 2649 1590 2692 tia
1623 2649 1835 2692 Creatoris
1866 2648 2077 2702 instituat,
2109 2661 2152 2692 ut
2172 2660 2248 2708 per
2271 2649 2478 2700 discretio-

1532 2724 1629 2752 nem
1641 2710 1799 2752 boniac
1820 2710 1920 2752 mali
1931 2740 1945 2764 ,
1956 2711 1995 2753 8<
2020 2709 2070 2757 ad
2079 2709 2365 2766 ‚cognitionem
2376 2710 2479 2764 Dei,

1532 2769 1631 2812 &ad
1652 2769 1934 2821 obedientiam
1953 2765 2242 2810 mandatorum
2262 2767 2344 2825 ejus
2357 2769 2478 2827 poffit

1532 2829 1643 2872 suam
1655 2828 1831 2884 dirigere
1852 2826 2112 2871 voluntatem
2129 2858 2142 2880 ‚
2162 2839 2283 2886 atque
2304 2828 2354 2872 ad
2365 2830 2477 2878 hanc

1531 2890 1732 2947 gratiam,
1762 2901 1842 2945 qua
1866 2886 1910 2929 in
1932 2885 2066 2930 Cristo
2079 2888 2353 2945 renascimur,
2384 2905 2476 2950 per-

1530 2948 1675 2991 venire
1686 2978 1700 2999 ,
1719 2961 1793 3006 per
1804 2947 2036 2990 naturalem
2056 2947 2208 2993 scilicet
2220 2949 2476 3006 facultatem,

1531 3007 1735 3069 petendo,
1765 3006 2006 3066 quaerendo,
2036 3009 2268 3068 pulsando:
2307 3024 2352 3054 ut
2379 3009 2474 3056 ideo

1532 3070 1731 3128 accipiat,
1761 3067 1853 3111 ideo
1884 3069 2099 3124 inveniat,
2130 3070 2222 3115 ideo
2253 3072 2472 3130 introeat3

1530 3133 1626 3190 quia
1639 3131 1747 3172 bono
1778 3141 1930 3172 naturae
1951 3130 2055 3173 bene
2066 3129 2178 3185 usus,
2208 3130 2387 3177 adistam
2399 3131 2472 3177 sal-

1530 3204 1702 3234 vantem
1714 3190 1915 3248 gratiam,
1943 3191 2115 3234 initialis
2135 3193 2274 3247 gratiae
2295 3206 2374 3250 ope
2385 3206 2471 3237 me·

1531 3252 1657 3296 ruerit
1678 3251 1920 3309 pervenire.
1953 3249 2206 3309 Propofitum
2228 3265 2369 3295 autem
2399 3267 2470 3296 vo-

1531 3313 1663 3356 cantis
1685 3311 1822 3368 gratiae
1854 3311 1897 3354 in
1931 3310 2009 3354 hoc
2040 3312 2212 3354 omnino
2242 3311 2469 3367 definiunt,

1532 3371 1638 3431 quod
1651 3373 1764 3416 Deus
1786 3371 2040 3415 constituerit
2060 3373 2219 3416 nullum
2239 3372 2282 3416 in
2294 3387 2470 3432 regnum

1531 3434 1669 3487 suum,
1700 3432 1770 3474 nifi
1783 3447 1857 3490 per
1877 3432 2176 3481 sacramentum
2195 3435 2469 3492 regeneratio·

1532 3494 1593 3537 nis
1626 3492 1844 3546 assumere,
1885 3495 1924 3537 ὃς
1955 3492 2004 3536 ad
2036 3494 2115 3541 hoc
2147 3493 2283 3538 salutis
2314 3494 2467 3541 donum

1530 3569 1672 3598 omnes
1704 3553 1893 3596 homines
1924 3554 2207 3599 universaliter
2226 3585 2240 3610 ,
2280 3555 2467 3613 fiverper

1538 3615 1768 3659 naturalem
1780 3644 1793 3669 ,
1824 3614 1904 3658 five
1916 3630 1991 3674 per
2002 3615 2192 3675 scriptam
2204 3617 2338 3675 legem
2349 3645 2365 3670 ‚
2381 3615 2465 3662 five

1572 3745 1588 3765 c
1608 3734 1655 3766 Sic
1666 3733 1734 3769 Mss'.
1743 3733 1885 3775 duoReg.
1896 3734 1925 3766 δι
1936 3736 2024 3768 Colb.
2034 3747 2109 3768 unus
2119 3758 2127 3772 ,
2151 3737 2220 3768 item
2229 3734 2302 3767 edit.
2310 3689 2466 3775 ὴὲἰξςτερί·

1532 3775 1611 3809 ssolae
1622 3784 1704 3805 tomo
1716 3785 1761 3807 ιο.
1771 3786 1892 3815 operum
1903 3776 1931 3807 S.
1941 3779 2016 3818 Aug.
2028 3778 2097 3812 edit.
2106 3780 2194 3817 aliu,
2214 3779 2362 3818 Aequent.

1572 3817 1593 3849 d
1614 3815 1672 3849 Ms-
1684 3816 1758 3859 aeg.
1771 3826 1864 3857 unus,
1888 3817 1975 3851 aliud
1982 3821 2086 3852 etiam.

2018 1920 2262 1979 ¹perniciose
2284 1938 2369 1965 non
2380 1922 2482 1966 reci·
2577 1930 2596 1938 ·“
2611 1913 2647 1952 ³²⁸

2516 2093 2658 2152 Aum‘q'a.

1529 2156 1774 2222 Pelagianis*
1784 2161 1936 2206 semitis
1958 2179 2041 2206 non
2063 2163 2298 2219 declinant,
2329 2177 2373 2207 ut
2384 2179 2478 2208 cum
2494 2143 2659 2227 ξξὲῗῖἵὲ.

2495 2226 2554 2274 huc
2570 2227 2660 2274 ‚Pela-

2493 2277 2661 2310 gianizans.
