2652 4126
278 325 342 360 que
352 313 530 353 multarum
541 317 671 354 illarum
690 318 966 365 pollicitationum
975 321 1183 369 requirebant
1193 348 1201 356 .

277 366 404 402 Verum
414 365 471 402 ubi
483 366 629 414 process'u
638 367 795 404 sermonis
803 394 815 412 ‚
839 370 970 408 saulum
981 396 992 413 ,
1011 372 1147 408 Paulum
1156 376 1204 408 in-

277 426 438 452 venerunt
447 440 460 458 ,
485 420 542 464 qui
552 429 616 453 una
625 429 700 454 cum
710 419 930 466 appellatione
939 424 1076 458 animam
1086 422 1204 459 muns-

278 463 325 500 set
335 490 347 507 ,
371 463 566 513 Christique
576 466 873 505 effeetum'servum
885 494 898 513 ,
907 483 944 506 ac
954 471 1124 517 Apostolis
1135 472 1204 508 aliis

277 513 510 552 ferventiorem
521 514 718 563 discipulum
728 543 740 561 ‚
751 522 897 567 primum
906 521 1038 568 quidem
1051 524 1160 563 iocum
1169 534 1206 557 ac

278 563 459 602 irrisionem
468 565 614 602 arbitrati
635 565 706 602 sunt
716 579 787 615 quae
797 569 985 606 dicerentur
995 583 1005 608 ε
1023 582 1054 606 at
1062 571 1118 607 ubi
1132 584 1209 618 pro-

278 612 390 650 bantes
399 627 544 651 mentem
556 615 747 653 invenissent
759 617 895 654 sermoni
906 631 1143 670 congruentem
1153 645 1166 664 ‚
1173 635 1209 657 u-

280 675 362 700 num
371 663 428 700 fibi
439 664 507 701 hoc
515 665 637 702 consilii
652 665 813 714 reliquum
825 679 1025 715 putaverunt
1037 695 1049 713 ‚
1058 681 1095 707 ut
1104 671 1214 706 adole·

281 713 424 750 scentem
436 715 634 763 perderent5
659 727 811 764 tanquam
824 718 896 753 fieri
908 731 974 754 non
988 719 1088 766 poss'et
1098 745 1110 763 ‚
1121 731 1158 756 ut
1169 723 1214 756 vi·

281 774 381 800 vente
391 763 495 800 Paulo
502 775 602 813 atque
611 765 768 813 loquente
777 792 790 810 ,
807 766 1094 811 Hebtaeommssreli
1098 774 1155 816 gio
1165 769 1216 805 so-

39 859 41 861 >
282 811 355 861 spes
364 813 464 850 soretz
474 815 574 862 idque
585 814 689 862 palam
697 826 806 852 totum
818 829 908 853 retro
919 812 983 854 tem
988 832 1044 865 pus
1051 819 1217 867 probavit.

97 847 267 928 It’ffiuffegss
317 867 408 900 Cum
418 867 507 900 enim
517 864 613 902 multi
625 863 917 908 haetenus‚tamets1
927 859 1106 917 Christiani
1115 881 1220 911 erant,

95 927 172 959 libus
179 928 268 959 Chri·
283 912 375 950 haud
397 911 522 961 pollent
533 927 615 962 pure
633 927 674 949 ex
693 917 862 962 Evangelii
883 918 1118 955 norma-'vivete
1128 944 1139 961 ‚
1164 919 1219 956 sed

98 967 210 998 manis.
285 962 443 1000 haberent
452 967 485 1000 in
507 975 682 1012 utramque
693 977 820 1013 partem
831 991 844 1009 ,
868 980 905 1004 ac
914 969 1112 1016 quandoque
1122 972 1220 1004 etiam

95 1016 265 1080 ffigffpfae·
283 1024 456 1053 uterentur
465 1015 713 1051 circumcisione
723 1041 734 1058 ‚
759 1028 796 1053 ut
804 1015 912 1065 aliqua
923 1029 1012 1064 parte
1021 1031 1093 1066 quae
1101 1019 1216 1061 Judaeis

282 1075 372 1114 grata
391 1062 492 1101 essent
507 1063 690 1111 praestantes
710 1089 722 1108 ‚
748 1067 857 1113 eisque
877 1067 1080 1114 indulgentes
1099 1081 1215 1104 eorum

281 1113 455 1150 delinirent
474 1115 557 1149 iram
577 1141 585 1149 .
612 1114 706 1151 Solus
725 1114 782 1152 hic
799 1117 994 1164 imperculsa
1011 1129 1119 1154 mente
1131 1143 1141 1159 ‚
1167 1122 1214 1153 ni-

279 1162 331 1200 hil
342 1161 508 1200 temifsum
518 1176 554 1200 ac
565 1176 632 1200 non
643 1177 831 1203 accuratum
840 1167 955 1203 docuit
967 1193 977 1210 ‚
995 1167 1051 1203 sed
1061 1168 1148 1203 clara
1160 1180 1216 1203 vo-

277 1226 318 1250 ce
327 1225 424 1261 atque
443 1207 562 1250 diserte
581 1227 600 1250 a
644 1218 787 1264 rincipio
806 1215 990 1253 sermonem
1010 1218 1214 1264 praedicavit.

276 1264 401 1311 quue
422 1267 577 1311 provexit
593 1228 752 1301 libertatis
773 1265 902 1308 sensus,
926 1278 963 1302 ut
979 1279 1054 1302 cum
1075 1267 1215 1314 aliquan-

276 1313 325 1350 do
336 1313 462 1350 Galatae
474 1322 574 1356 ,cum
588 1319 722 1362 propria
731 1314 790 1362 ipfi
803 1315 934 1352 lenitate
943 1341 954 1359 ,
965 1328 1036 1353 tum
1048 1316 1216 1363 magistro-

275 1375 352 1400 rum
373 1364 592 1410 negligentia,
615 1365 655 1401 ad
675 1365 754 1411 legis
773 1364 1010 1402 observantiam
1033 1367 1148 1402 reversi
1169 1366 1215 1402 es-

276 1412 348 1450 sent
357 1413 496 1450 mirabili
507 1415 547 1451 ad
567 1426 623 1450 eos
634 1414 751 1462 scripta
771 1414 904 1462 epistola
919 1441 928 1457 ‚
953 1429 1016 1463 qua
1039 1421 1071 1452 in
1089 1420 1216 1452 novita—

275 1475 311 1499 te
332 1462 527 1501 Christianae
544 1466 621 1499 vitae
640 1467 793 1511 pietatem
814 1466 945 1508 sedtari,
965 1479 1001 1502 ac
1023 1466 1215 1514 religionem

275 1512 391 1550 colere
399 1514 533 1550 doceret
541 1538 554 1557 ,
563 1526 643 1550 cum
652 1514 724 1561 ipso
733 1517 762 1550 A
769 1514 976 1562 postolorum
988 1519 1141 1564 Principe
1151 1515 1214 1552 ho—

277 1576 352 1600 rum
361 1564 530 1599 occasione
549 1562 734 1610 congressus
743 1564 800 1607 fit,
825 1577 863 1600 ac
873 1565 997 1613 ubique
1018 1571 1154 1603 Petrum
1166 1579 1215 1602 re-

276 1674 428 1700 veterum
447 1662 528 1706 usu,
554 1676 591 1700 ac
602 1677 717 1701 eorum
727 1677 800 1711 quae
817 1664 939 1702 abolita
958 1664 1078 1708 client,
1098 1679 1217 1702 novam

278 1711 546 1750 Christianorum
557 1713 951 1752 turbaretinstitutionem
972 1731 981 1752 ε
1001 1715 1215 1752 nihilreveri·

280 1774 335 1799 tus
345 1763 425 1799 senis
443 1776 540 1800 canos
553 1788 563 1805 ,
589 1775 685 1801 autve
703 1764 920 1812 Apostolatus
937 1769 1185 1814 praerogativam
1204 1791 1216 1808 ,

91 1845 119 1878 Ρ
281 1812 340 1850 ubi
359 1817 459 1850 creari
478 1813 661 1861 periculum
673 1818 801 1851 veritati
813 1815 939 1852 vidisset
955 1831 964 1852 :
989 1819 1070 1863 quin
1088 1816 1215 1853 Galatis

98 1853 269 1926 32¹5?ssssss
283 1863 418 1911 quidem
435 1867 596 1900 acerrime
612 1864 730 1901 restitit
748 1880 758 1901 ι
784 1870 918 1902 Petrum
937 1879 1018 1902 vero
1035 1865 1153 1902 crebro
1170 1880 1219 1902 ar-

94 1925 213 1956 eafione
222 1946 230 1961 ‚
239 1925 268 1957 id
283 1916 356 1960 guit
365 1926 465 1960 quam
476 1912 594 1950 licebat
602 1939 615 1957 ,
625 1919 762 1951 maxime
772 1914 954 1953 libertatern
964 1917 1090 1953 decoro
1098 1929 1135 1952 ac
1145 1929 1217 1952 mo-

92 1973 199 1996 =tannen
285 1962 383 1999 destia
404 1974 588 2011 temperans
604 1992 613 2000 .
640 1968 692 2001 Ac
709 1965 834 2012 ubique
853 1967 988 2012 quidem
1007 1966 1216 2014 praedicando

92 2006 270 2077 ffmumd‘·
282 2025 319 2049 ac
341 2012 508 2050 suadendo
528 2026 664 2062 operam
684 2015 827 2062 ponebat
844 2031 853 2052 ε
881 2016 1098 2063 quodfivero
1119 2029 1218 2064 quan-

126 2055 170 2075 ¹²¹
283 2063 331 2099 do
339 2066 436 2099 etiam
447 2067 480 2099 in
501 2064 637 2111 perditis
655 2065 802 2102 moribus
813 2066 981 2114 pravisque
999 2064 1151 2103 homines
1170 2071 1217 2103 in·

282 2112 391 2148 cidens
409 2136 421 2153 ,
446 2124 544 2158 grave
563 2114 687 2158 aliquid
709 2114 808 2159 paffus
824 2114 899 2152 ess'et
919 2116 971 2152 vel
990 2118 1161 2162 conjedtus
1182 2120 1215 2152 in

281 2173 445 2197 carcerem
463 2185 476 2203 ,
500 2160 554 2195 vel
579 2160 769 2196 verberibus
787 2163 919 2199 affectus
937 2192 948 2207 ,
983 2166 1035 2201 vel
1051 2170 1216 2213 appetitus

92 2201 266 2247 ῙῨΝῙῙἜΟΨ
281 2210 446 2257 lapidibus
467 2237 478 2254 ,
502 2208 758 2256 haudquaquam
785 2208 875 2246 suam
903 2210 993 2245 illam
1018 2213 1216 2247 alacritatem

94 2242 225 2272 mmm·
281 2257 329 2294 ob
349 2259 466 2294 malam
485 2257 612 2293 cauum
621 2258 727 2293 amisit
747 2272 757 2293 =
782 2262 862 2305 quin
873 2259 1047 2296 modicum
1067 2260 1186 2295 cedens
1205 2285 1216 2302 ,

281 2306 392 2344 rursus
401 2306 512 2343 hostes
521 2305 631 2343 adibat
639 2332 651 2350 ‚
677 2306 868 2353 versansque
878 2307 1040 2344 sermones
1052 2309 1126 2344 suos
1135 2333 1148 2351 ‚
1169 2310 1216 2344 se-

281 2357 396 2404 lixque
414 2358 522 2393 modis
538 2357 743 2394 inveniendis
767 2356 887 2405 quibus
905 2357 1073 2393 adorietur
1090 2381 1104 2398 ,
1127 2369 1164 2392 ac
1183 2357 1215 2391 se

282 2406 377 2444 facile
396 2406 576 2443 admodum
604 2406 824 2454 incidentibus
843 2405 1082 2443 neceffitatibus
1098 2416 1213 2452 aptum

281 2469 498 2505 comparans,
524 2454 792 2504 prorsusabibat,
816 2456 869 2491 vel
878 2455 1054 2498 omnibus,
1079 2455 1133 2491 vel
1142 2454 1214 2501 plu-

125 2522 190 2551 AG.
220 2530 266 2560 ¹4,
282 2507 373 2545 ribus
384 2510 415 2542 in
429 2506 516 2543 suam
527 2506 714 2541 sententiam
727 2506 895 2552 pertraffis
906 2532 914 2540 .
941 2508 1031 2552 Saepe
1042 2507 1217 2540 enimcum

97 2561 165 2594 &a
281 2556 492 2595 acerbiffimis
511 2557 611 2604 plagis
619 2559 761 2602 acceptis
780 2558 926 2591 inventus
944 2554 989 2590 est
1009 2580 1021 2597 ‚
1046 2557 1145 2602 inque
1164 2566 1219 2590 ur·

282 2608 332 2646 bis
351 2606 437 2643 illius
449 2605 608 2642 suburbiis
626 2605 769 2651 εῐεᾶιις,
795 2617 893 2652 quam
904 2603 1074 2641 erudiebat
1088 2604 1129 2640 ad
1149 2607 1217 2651 pie-

282 2670 382 2696 tatem
404 2671 414 2695 5
438 2659 517 2704 quin
530 2660 563 2691 &
577 2668 639 2702 pro
658 2651 802 2691 mortuo*
816 2667 882 2701 prae
894 2654 1056 2691 malorum
1078 2658 1215 2702 gravita-

281 2719 316 2745 te
333 2706 485 2748 habitus,
512 2704 666 2753 postridie
692 2705 801 2741 forum
823 2703 933 2751 petens
951 2729 962 2746 ‚
987 2717 1023 2739 ac
1043 2704 1211 2740 dexteram

280 2756 506 2806 protendens,
531 2768 587 2791 eos
597 2758 713 2792 iterum
723 2754 883 2796 docebat,
909 2754 1016 2801 quiad
1028 2757 1211 2801 mortisip-

278 2808 327 2846 sas
338 2807 443 2843 fauces
453 2804 652 2842 adduxissent
671 2819 680 2840 ε
698 2804 740 2840 fic
751 2803 833 2844 nihil
845 2803 976 2840 curabat
985 2816 1127 2851 corpus,
1144 2804 1209 2839 fot-

279 2862 372 2904 tique
390 2859 503 2892 animo
521 2858 555 2891 in
574 2854 714 2903 supernae
733 2857 914 2890 vocationis
946 2853 1082 2902 scopum
1102 2857 1210 2889 inten-

279 2909 382 2949 dens,
406 2904 618 2942 decertabat:
645 2903 781 2940 subinde
799 2907 1004 2951 provincias,
1032 2902 1126 2940 urbes
1137 2901 1206 2940 sub-

278 2958 357 2995 inde
365 2967 517 3003 mutans,
542 2965 625 2991 terra
633 2954 791 2991 desudans
810 2953 935 2990 labores
952 2965 1048 3001 atque
1058 2957 1208 2990 certami-

279 3021 343 3049 na,
368 3007 528 3043 accinstus
537 3005 577 3041 ad
587 3007 684 3040 maris
704 3004 846 3051 pericula
866 3018 878 3037 .·
902 3004 988 3041 clare
999 3017 1034 3039 ac
1046 3003 1162 3040 diserte
1171 3016 1207 3038 o-

279 3069 355 3093 rans
365 3057 404 3093 ad
424 3055 597 3092 frementes
619 3053 779 3100 ροριιΙος,
810 3053 969 3098 judicibus
988 3057 1076 3089 iratis
1094 3053 1208 3089 statisfa-

279 3110 394 3144 eiens;·
410 3104 572 3141 Hebraeos
593 3105 632 3140 ad
652 3103 780 3141 Christi
798 3106 1208 3150 agnitionemaScripturis

277 3156 534 3200 inducens,quas
545 3154 590 3190 illi
602 3157 633 3189 in
646 3158 753 3201 pretio
762 3151 920 3189 haberent
930 3167 940 3191 ς
949 3154 1096 3194 Graecos,
1105 3163 1209 3189 exter-

280 3210 330 3242 nis
339 3218 375 3241 ac
387 3203 530 3251 profanis
539 3203 698 3239 <ioannis
710 3203 874 3239 inflectens
883 3229 895 3246 ‚
904 3216 940 3239 ac
951 3214 1024 3239 natu
1030 3217 1069 3239 rae
1080 3201 1206 3249 legibus

279 3269 347 3292 non
358 3255 415 3290 scri
420 3256 482 3301 ptis
491 3278 503 3295 ,
512 3252 706 3289 confirmans
717 3252 920 3290 Christianos
930 3278 941 3295 ,
954 3253 1150 3301 proselyt05,
1159 3257 1207 3294 δι,

280 3309 339 3354 qui
349 3304 426 3341 fidei
437 3301 627 3339 acceffissent
638 3328 648 3344 ‚
673 3303 834 3340 aedificans
844 3328 855 3345 ,
879 3316 915 3339 ac
924 3306 1079 3349 congruis
1088 3302 1208 3338 doetri-

280 3359 331 3392 nis
347 3353 435 3391 alens
453 3378 465 3396 ‚
498 3356 546 3389 uti
573 3352 692 3388 satores
721 3352 865 3389 novellas
894 3352 1015 3399 plantas
1039 3352 1208 3390 moderato

279 3418 317 3442 ac
342 3404 498 3451 castigato
521 3415 678 3449 aquarum
697 3403 826 3439 influxu
850 3402 964 3438 fovent
989 3415 1026 3438 ac
1045 3413 1207 3438 recreant.

281 3454 388 3499 Quod
408 3466 487 3490 veto
511 3455 579 3498 ejus
604 3455 744 3489 maxime
762 3456 830 3489 vim
840 3452 968 3488 dicendi
988 3451 1149 3493 ostendit,
1174 3451 1207 3487 id

279 3517 363 3543 veto
381 3501 616 3552 perdiscamus.

289 3577 292 3579 Δ
331 3553 495 3595 Athenae,
520 3551 653 3591 urbsest
664 3550 795 3593 Achaiae
806 3555 955 3599 primaria
966 3551 1206 3593 ,doCtrinarum

281 3604 370 3642 sedes
381 3629 392 3645 ‚
416 3605 466 3642 uti
475 3602 557 3641 olim
568 3602 772 3639 laudatorum
783 3614 841 3637 ore
850 3605 967 3637 meruit
977 3601 1131 3637 celebrari
1143 3627 1152 3641 ‚
1161 3603 1208 3636 vi-

281 3665 401 3691 rorum
410 3652 587 3700 sapientum
598 3677 611 3694 ,
634 3665 670 3688 ac
679 3652 861 3688 litterarum
878 3651 1056 3690 colentium
1074 3650 1177 3686 studia
1196 3675 1208 3693 ,

145 3706 266 3745 Ejusres
285 3706 418 3750 antiqua
427 3701 576 3738 officina.
603 3705 766 3747 Quaergo
777 3701 894 3737 Paulus
903 3711 1011 3736 totum
1031 3699 1207 3748 Illyricum

107 3746 249 3777 Afflffli‘·
285 3763 497 3802 percurrens,
521 3750 1107 3799 acubiquespargentscintillasfidei‚
1134 3762 1210 3797 quas

0 3794 2 3808 '
109 3785 171 3816 ΑΒ·
181 3795 228 3824 ¹7·
285 3799 718 3893 ²usP⁶}SPjJs³3m⁵f'‘0³¹³b³t
727 3824 739 3844 ,
749 3799 902 3846 vivasque
912 3800 1035 3847 semper
1047 3798 1188 3836 servabat
1199 3813 1209 3837 5

414 3878 422 3886 ,
510 3862 568 3883 ern
580 3875 588 3884 .

435 221 511 280 IN
554 220 786 282 Aposr.
828 222 1167 284 PR1N01PES
1211 226 1484 288 PfirRuM
1527 243 1605 288 ET
1648 229 1947 291 PAULUM.

277 1612 505 1662 prehendebat
516 1639 530 1656 ,
555 1626 698 1661 cumque
708 1627 749 1650 eo
759 1614 955 1652 velitabatur
966 1641 978 1659 ‚
996 1629 1056 1653 ceu
1067 1629 1109 1652 eo
1119 1642 1131 1660 ‚
1158 1618 1229 1662 qui*

2071 260 2177 313 293

1262 323 1441 361 necessario.
1451 328 1592 362 circuitu
1617 325 1656 362 ad
1677 325 1830 374 sapientes
1855 337 1996 375 quoque·r
2007 330 2186 368 Athenien·

1262 374 1308 409 ses
1318 386 1449 411 venerat
1459 402 1468 410 .
1494 378 1562 412 Res
1573 387 1641 412 erat
1652 376 1753 413 multa
1764 377 1861 424 digna
1870 376 2084 426 sollicitudine
2093 408 2104 424 ‚
2123 394 2187 428 qua

1262 436 1345 460 vero
1356 428 1482 461 ratione
1489 428 1645 461 coriarius
1653 423 1763 463 homo
1773 453 1785 470 ,
1810 439 1873 474 pro
1881 430 2042 464 concione
2060 429 2100 465 de
2110 434 2186 466 Deo

1262 473 1349 521 apud
1358 487 1415 510 eos
1423 486 1575 511 oraturus
1585 473 1677 512 ess'ets
1702 479 1759 522 qui
1767 476 1919 513 universo
1938 476 2030 513 fimul
2041 476 2188 515 humano

1265 526 1400 570 generi,
1426 536 1463 560 ut
1475 524 1695 561 eruditionem
1705 526 1847 573 spectes,
1872 527 2168 564 dominarivellent
2180 555 2188 563 .

1267 573 1328 610 Ille
1337 573 1551 611 nihilominus
1562 578 1659 610 animi
1670 587 1706 611 ac
1715 579 1800 621 genii
1811 577 2034 623 magnitudine
2045 603 2057 621 ,
2081 577 2190 625 super·

1270 627 1369 669 nique
1379 624 1459 660 doni
1471 624 1573 661 fretus
1582 625 1703 659 divitiis
1714 650 1727 667 ‚
1753 637 1818 660 non
1828 636 1924 661 unam
1934 625 2075 674 aliquam
2096 629 2190 674 petiit
2247 647 2249 649 ·

1270 673 1533 719 subtegulaneam
1552 674 1692 710 domum
1705 700 1714 716 ,
1739 686 1835 710 autve
1856 680 1887 711 in
1905 677 2043 723 quadam
2061 676 2192 711 officina

1270 722 1381 759 sedens
1397 723 1558 772 disputare
1574 728 1679 770 coepit
1696 748 1708 766 ‚
1733 725 1906 772 quomodo
1926 729 2022 762 etiam
2037 729 2138 774 primi
2156 738 2192 761 ac

1275 777 1428 821 praecipui
1439 774 1524 822 apud
1535 786 1590 808 eos
1600 772 1793 821 Philosophi
1805 801 1816 818 ‚
1833 787 1910 811 cum
1919 778 1958 811 iis
1970 802 1979 816 ,
1987 779 2046 823 *qui
2061 778 2194 823 propio-

1273 835 1323 858 res
1341 823 1473 859 adibant
1494 849 1504 865 ,
1529 822 1736 859 consuescere
1754 822 1895 860 solebant
1914 839 1923 860 ε
1957 824 2008 860 sed
2028 825 2066 860 ad
2088 824 2194 871 ipsum

1274 875 1489 919 Areopagum
1500 885 1692 914 excurrens,
1717 871 1774 909 ubi
1785 873 1913 911 severus
1930 874 2065 920 quidem
2085 886 2120 909 ac
2131 873 2196 909 sor-

1276 922 1436 958 midabilis
1458 925 1589 958 Senatus
1607 922 1758 968 capitales
1768 924 1872 970 causas
1891 924 2035 969 judicans
2051 922 2197 960 sedebat:

1276 974 1470 1018 inventaque
1481 972 1547 1007 illic
1567 971 1704 1007 collecta
1714 972 1846 1018 copiosa
1867 973 2077 1010 multitudine
2094 972 2197 1014 stans,

1277 1021 1406 1069 publica
1414 1025 1574 1065 concione
1591 1021 1763 1056 consuetos
1773 1033 1919 1058 oratores
1930 1022 2078 1058 vincebat
2088 1049 2099 1066 ,
2115 1034 2198 1069 quo-

1276 1084 1350 1107 rum
1362 1072 1448 1119 apud
1468 1084 1524 1107 eos
1533 1071 1728 1117 eloquentiae
1738 1075 1911 1107 certamina
1928 1072 2078 1118 quotidie
2089 1081 2179 1106 erant
2187 1095 2197 1104 .

1275 1123 1394 1157 Dueto
1402 1133 1510 1157 autem
1521 1121 1662 1156 exordio
1671 1119 1710 1155 ab
1722 1120 1930 1167 inscriptione
1944 1146 1954 1163 ‚
1974 1134 2045 1169 quae
2055 1121 2143 1156 altari
2154 1123 2198 1155 in-

1275 1171 1398 1217 sculpta
1408 1182 1496 1213 erat,
1521 1169 1651 1217 ejusque
1669 1170 2001 1216 occasioneignotum
2021 1174 2063 1206 eis
2085 1174 2196 1207 Deum

1274 1233 1464 1267 opportune
1474 1224 1666 1256 annuncians
1675 1244 1688 1262 ,
1705 1233 1741 1256 ac
1753 1220 1886 1255 demum
1897 1231 1964 1256 tota
1973 1219 2116 1257 absoluta
2125 1232 2195 1255 ora-

1272 1271 1365 1306 tione
1376 1296 1389 1313 ,
1414 1281 1538 1306 tantum
1547 1268 1634 1305 abest
1646 1280 1682 1304 ut
1700 1269 1800 1305 idiota
1812 1269 1866 1305 ille
1873 1283 1909 1305 ac
1920 1270 2008 1306 rudis
2018 1295 2029 1312 ‚
2054 1269 2146 1318 quod
2156 1268 2195 1305 ad

1271 1332 1442 1356 externam
1461 1319 1647 1368 sapientiam
1667 1319 1809 1366 speRat,
1834 1319 2106 1368 aliquiddicendo
2126 1331 2198 1365 pec-

1272 1373 1393 1406 caverit
1403 1395 1415 1412 ,
1440 1381 1478 1405 ut
1487 1373 1583 1405 etiam
1595 1371 1729 1405 Senatus
1747 1369 1902 1413 ejusmodi
1914 1372 2094 1416 principem
2115 1372 2199 1405 Dio-

1273 1420 1425 1467 nyffizm,
1451 1432 1514 1454 una
1532 1431 1608 1455 cum
1618 1432 1723 1455 uxore
1742 1419 1839 1454 distis
1847 1418 2102 1467 acquiescentem
2120 1431 2200 1454 con-

1273 1473 1432 1512 verterit,
1457 1482 1494 1504 ac
1508 1467 1637 1505 Christi
1657 1469 1786 1504 servum
1796 1468 1937 1505 effecerit
1956 1484 1965 1504 :
1990 1469 2029 1504 ab
2040 1481 2110 1505 uno
2126 1468 2202 1504 alta-

1273 1524 1301 1556 ri
1323 1533 1359 1555 ac
1372 1532 1469 1567 parva
1479 1519 1617 1567 quadam
1637 1519 1869 1566 inscriptione,
1895 1531 1912 1554 a
1925 1518 2109 1555 multorum
2129 1517 2203 1554 teli-

1275 1573 1373 1616 gione
1393 1569 1544 1605 altarium
1562 1580 1728 1605 avertens.

1323 1620 1406 1656 Inde
1417 1632 1500 1655 vero
1519 1620 1627 1654 vietor
1646 1619 1790 1661 rediens,
1815 1618 1870 1655 ubi
1884 1623 2022 1656 maxime
2031 1619 2128 1655 fortis
2137 1629 2204 1655 erat
2220 1631 2357 1662 Corinth,

1273 1669 1411 1706 bellicus
1420 1669 1609 1707 Gentilium
1619 1669 1751 1705 daemon
1764 1694 1776 1712 ,
1802 1682 1838 1704 ac
1849 1670 1922 1704 inde
1941 1670 1980 1705 ad
1993 1673 2129 1705 vicinam
2150 1681 2204 1704 ur-

1276 1718 1352 1756 bem
1363 1719 1574 1755 Corinthum
1585 1718 1752 1761 tranfiens,
1761 1718 1895 1764 Achajae
1905 1719 2124 1766 Metropolim
2138 1743 2147 1758 ,
2157 1717 2206 1752 lo-

1275 1767 1443 1816 quensque
1461 1771 1493 1802 in
1515 1769 1689 1815 synagogis
1706 1769 1890 1804 doctrinam
1911 1769 2103 1810 salutarem,
2127 1766 2206 1803 abiit

1277 1819 1434 1864 adjuneco
1459 1817 1535 1854 fidei
1547 1843 1559 1859 ,
1585 1830 1651 1852 non
1663 1830 1732 1852 uno
1740 1817 1852 1863 aliquo
1864 1831 1881 1852 e
1891 1818 2003 1853 multis
2015 1841 2024 1857 ‚
2050 1815 2101 1852 seu
2116 1816 2204 1862 vulgi

1276 1867 1437 1908 homine,
1465 1880 1581 1903 verum
1601 1867 1831 1914 principeipso
1840 1869 2021 1915 Synagogae
2040 1879 2116 1902 cum
2139 1876 2208 1901 tota

1277 1918 1382 1955 domo
1392 1929 1492 1964 atque
1502 1929 1518 1952 a
1531 1920 1651 1952 vertice
1663 1916 1741 1961 legis
1754 1917 1881 1951 victor:
1901 1926 2066 1959 cruceque
2075 1915 2206 1951 sublimi
2222 1910 2375 1962 145⁴&ng

1266 1968 1374 2005 -instar
1383 1965 1524 2015 trophaei
1535 1965 1705 2011 magnifice
1725 1965 1804 2000 elata
1816 1989 1828 2007 ,
1852 1965 1892 2000 sic
1903 1978 2037 2012 quoque
2049 1964 2138 2000 illam
2156 1978 2207 2000 re-

1277 2019 1376 2066 liquit
1395 2021 1561 2054 civitatem
1572 2013 1713 2053 Christo
1733 2014 1977 2050 seinclinantem
1990 2040 1997 2047 .
2025 2017 2205 2062 Temporis

1277 2080 1387 2107 autem
1407 2065 1576 2116 processu,
1600 2079 1636 2102 ac
1647 2069 1772 2113 pietatis
1788 2064 1935 2101 sermone
1954 2076 2173 2112 promovente
2193 2091 2206 2108 ‚

1277 2119 1368 2156 velut
1377 2119 1447 2161 dux
1457 2117 1589 2166 quidam
1607 2115 1740 2152 effefitus
1751 2114 1798 2151 est
1807 2140 1818 2157 ‚
1836 2118 1922 2161 Regi
1935 2118 1967 2150 in
1977 2115 2045 2150 dies
2056 2140 2068 2156 ,
2086 2113 2182 2150 urbes
2193 2139 2206 2156 ,

1277 2169 1402 2216 oppida
1413 2194 1424 2211 ‚
1433 2179 1528 2214 agros
1536 2170 1706 2212 acquirens
1718 2191 1726 2207 ,
1754 2177 1874 2201 nervos
1883 2178 1918 2202 ac
1935 2163 2037 2201 robur
2045 2167 2134 2212 prius
2145 2163 2206 2200 ἀο-

1278 2222 1434 2251 minantis
1444 2219 1577 2262 tyranni
1597 2215 1763 2255 succidens
1773 2240 1782 2248 .

1327 2266 1421 2299 Tum
1433 2275 1514 2297 vero
1532 2262 1706 2298 Corintho
1724 2264 1846 2298 transiit
1862 2264 2012 2300 Pisidiam
2029 2279 2039 2298 ε
2065 2265 2207 2311 deinque

1275 2315 1482 2361 Lycaoniam
1499 2324 1535 2346 ac
1556 2308 1709 2358 Phrygiae
1726 2310 1822 2348 urbes
1842 2323 1954 2359 petens
1973 2339 1985 2356 ,
2010 2325 2047 2348 ac
2067 2313 2141 2348 inde
2161 2316 2207 2348 in-

1275 2361 1379 2396 visens
1388 2360 1519 2399 Afiam,
1540 2359 1820 2404 postmodumque
1841 2361 2092 2401 Macedoniam,
2111 2373 2204 2397 com-

1274 2411 1383 2445 munis
1398 2419 1466 2443 erat
1486 2405 1575 2445 orbis
1593 2417 1754 2442 terrarum
1772 2408 1914 2451 doctor,
1939 2421 2050 2444 coram
2068 2410 2204 2456 quidem

1275 2458 1400 2506 positos
1419 2456 1565 2492 sermone
1583 2458 1696 2500 juvans
1711 2481 1723 2498 ‚
1748 2455 1890 2492 absentes
1909 2470 1990 2493 vero
2006 2470 2202 2496 convertens

1275 2521 1334 2556 per
1345 2505 1494 2554 epistolas
1507 2531 1515 2539 .
1541 2505 1634 2541 Solus
1643 2505 1697 2541 ille
1707 2504 1772 2549 est,
1796 2508 1887 2552 cujus
1898 2519 2063 2555 nunquam
2074 2520 2178 2555 genua
2187 2533 2201 2553 ‚

1275 2571 1355 2594 cum
1364 2556 1490 2603 semper
1508 2558 1570 2591 iter
1580 2566 1707 2602 ageret,
1733 2554 1803 2592 sunt
1813 2555 1915 2592 lassata
1934 2572 1942 2593 :
1969 2570 2005 2593 ac
2024 2570 2082 2593 nec
2091 2558 2202 2605 lingua

1271 2610 1426 2655 torpuit,
1451 2605 1540 2641 nulla
1549 2607 1660 2652 requie
1677 2605 1717 2641 ad
1727 2604 1836 2642 hostes
1856 2618 1892 2642 ac
1912 2610 2033 2643 amicos
2051 2610 2200 2656 Evange-

1272 2657 1309 2693 lii
1327 2654 1478 2702 mysteria
1488 2667 1654 2692 enarrans·
1680 2657 1732 2691 Ac
1742 2655 1875 2703 quidem
1895 2654 1965 2692 talis
1973 2657 2089 2694 Paulus
2105 2659 2198 2706 quod

1273 2707 1396 2754 spetstat
1407 2705 1447 2742 ad
1465 2706 1645 2741 doctrinam
1665 2719 1675 2741 ε
1700 2705 1791 2752 quod
1802 2716 1911 2742 autem
1923 2706 1961 2742 ad
1983 2706 2140 2754 reliquam
2151 2713 2199 2745 vi-

1270 2768 1310 2793 tat
1321 2754 1570 2804 philosophiam
1580 2780 1593 2797 ,
1612 2754 1716 2802 qualis
1727 2757 1831 2801 rogo?
1856 2760 1912 2802 qui
1927 2755 2052 2803 semper
2062 2759 2195 2804 jugiter-

1269 2819 1334 2855 que
1345 2805 1505 2841 dochinae
1514 2804 1652 2841 affiduus
1661 2829 1673 2847 ‚
1697 2818 1733 2841 ac
1745 2805 1926 2850 Evangelio
1945 2805 2082 2842 serviens
2090 2820 2130 2843 ne
2141 2821 2196 2854 pa·

1269 2869 1344 2892 nem
1354 2855 1494 2903 quidem
1502 2854 1542 2891 ab
1552 2854 1664 2901 aliquo
1673 2858 1772 2901 gratis
1791 2854 1967 2891 referebat:
1995 2859 2075 2902 quin
2096 2860 2194 2893 inter-

1268 2907 1324 2942 diu
1335 2905 1468 2953 quidem
1478 2903 1630 2940 adversus
1639 2904 1825 2946 sexcentos,
1843 2902 1953 2940 hostes
1964 2916 2126 2941 certamen
2137 2905 2193 2942 ha·

1269 2955 1365 2992 bebat
1375 2981 1387 2998 ‚
1412 2956 1515 2991 noecu
1526 2967 1604 2990 vero
1614 2979 1624 2996 ‚
1642 2953 1815 3001 scapellum
1825 2979 1837 2997 ‚
1863 2953 2026 3000 pellesque
2037 2967 2049 2996 ‚⁴
2073 2967 2108 2990 ac
2117 2960 2194 2992 artis

1269 3004 1411 3041 versabat
1431 3017 1534 3051 opus,
1560 3015 1597 3040 ut
1606 3016 1766 3039 annonam
1778 3003 1873 3046 inde,
1892 3016 1927 3038 ac
1947 3006 2192 3041 vitaecommea-

1267 3067 1341 3092 tum
1354 3066 1475 3102 pararet
1493 3069 1501 3090 ε
1529 3065 1565 3090 ut
1577 3052 1661 3089 nihil
1681 3052 1710 3088 se
1721 3063 1850 3098 gravem
1869 3051 2027 3100 praeberet
2045 3054 2193 3100 Aposto-

1267 3105 1337 3142 lum
1350 3131 1362 3148 ,
1371 3116 1407 3140 ut
1420 3104 1663 3153 praedicatorem
1671 3101 1788 3149 absque
1797 3102 1925 3150 sumptu
1935 3127 1948 3145 ‚
1973 3105 2029 3149 qui
2040 3103 2078 3139 ad
2090 3103 2190 3151 usque

1270 3157 1386 3203 panem
1408 3153 1590 3201 hospitibus
1607 3163 1767 3200 parceret.

1262 3239 1266 3245 ,
1319 3207 1420 3241 Hunc
1440 3217 1498 3239 uos
1519 3205 1678 3239 sermones
1695 3203 1880 3239 Sacerdotes
1896 3204 2061 3240 audiamus
2080 3229 2092 3247 ,
2126 3210 2184 3253 qui
2240 3207 2361 3254 Pulchra

1269 3254 1388 3289 nedum
1396 3267 1475 3290 cum
1487 3256 1657 3301 participes
1667 3251 1774 3288 sumus
1784 3252 1936 3290 altaribus
1945 3280 1956 3296 ‚
1967 3266 2077 3290 verum
2087 3258 2184 3292 etiam
2204 3257 2327 3279 ¹¹¹⁰¹¹¹¹¹0
2335 3270 2345 3281 ·

1267 3303 1309 3341 ab
1326 3303 1389 3339 illis
1399 3304 1517 3340 divites
1525 3302 1632 3339 sumus
1644 3327 1653 3342 ‚
1679 3305 1755 3337 acin
1767 3302 1891 3337 deliciis
1908 3306 2050 3348 agimus,
2075 3304 2186 3342 sacras-

1268 3366 1334 3399 que
1353 3353 1540 3395 facultates,
1564 3351 1706 3388 nostram
1718 3351 1860 3398 ipsorum
1880 3350 2098 3398 posseffionem
2110 3354 2184 3390 saci-

1269 3415 1342 3439 mus
1353 3400 1640 3450 3quique,Christi
1649 3400 1894 3444 causa‘subjeffis
1906 3426 1915 3443 ,
1925 3413 2077 3448 tanquam
2089 3403 2185 3440 servis

1268 3456 1407 3499 graviter
1415 3456 1632 3499 imperamus:
1651 3449 1739 3487 haud
1751 3450 1841 3497 plane
1853 3451 2064 3488 sacerdotium
2075 3453 2182 3489 domi-

1267 3506 1358 3538 natio
1367 3501 1423 3539 ests
1431 3505 1511 3549 quin
1525 3504 1644 3547 potius,
1656 3511 1692 3535 ut
1703 3500 2183 3547 quisintelligar,servitus.Non
2225 3532 2237 3553 ι
2258 3526 2312 3554 Cor

1267 3551 1486 3597 magistratum
1496 3552 1685 3586 auctoritate
1695 3549 1887 3586 decernente
1895 3551 2044 3596 dignitas,
2054 3551 2107 3587 sed
2116 3564 2183 3588 mo-
2200 3575 2229 3595 v,
2237 3572 2267 3601 4
2314 3549 2323 3559 '
2332 3537 2360 3562 9·

1265 3601 1362 3639 destae
1372 3614 1407 3637 ac
1416 3599 1570 3646 castigatae
1577 3599 1822 3646 dispensationis
1831 3599 2025 3635 ministratio
2034 3627 2042 3635 .
2062 3604 2185 3637 Nonne

1270 3651 1460 3698 potestatem
1469 3647 1608 3685 habebat
1617 3649 1745 3684 divinus
1754 3648 1868 3684 Paulus
1879 3674 1888 3690 ,
1897 3660 1934 3685 ut
1945 3660 1984 3684 ex
1996 3649 2088 3685 sscris
2096 3663 2184 3687 man-

1269 3700 1399 3736 ducaret
1408 3698 1612 3744 biberetque,
1620 3710 1655 3734 ac
1666 3698 1834 3734 modicum
1845 3699 1924 3744 quid
1935 3697 2082 3746 stipendii
2093 3700 2184 3738 laboe

1270 3763 1342 3786 rum
1351 3750 1389 3786 ad
1399 3751 1550 3796 corporis
1559 3773 1571 3789 ,
1588 3748 1678 3794 quod
1691 3748 1839 3794 quotidie
1848 3746 2030 3793 caede'batur
2041 3773 2050 3788 ‚
2060 3749 2181 3785 fomenss

1267 3810 1335 3836 tum
1346 3813 1382 3836 ac
1390 3811 1514 3842 curam,
1523 3800 1682 3845 acciperet
1693 3798 1705 3832 ?
1715 3800 1931 3844 Nequaquam
1942 3809 2043 3834 tamen
2056 3798 2129 3835 usus
2136 3798 2181 3835 est

1762 3860 1782 3882 n
1804 3859 1823 3881 n
1878 3859 1896 3880 2
2058 3859 2146 3894 pote-
