2652 4126
86 1890 176 1922 marsa
184 1902 248 1933 per-

511 271 589 317 ET
631 257 896 318 H1sToR.
943 257 1232 316 SEMIPEL.
1275 269 1494 319 Luci-:M
1539 274 1902 320 AFFERUNT·

262 352 389 388 navit?
413 352 498 396 ,Quis
515 353 676 399 nudabit
694 353 852 400 adversus
860 352 973 387 elet‘los
985 351 1071 389 Dei?
1095 352 1188 387 Deus

262 403 322 450 qui
338 402 495 447 justificat
514 415 526 441 ε
548 403 630 446 ,Quis
646 403 860 441 condemnat?
883 402 1032 444 Christus
1043 402 1098 450 qui
1108 415 1190 437 mor-

262 463 336 488 tuus
355 452 419 496 eli,
445 452 671 499 magis-*autem
690 454 744 498 qui
769 452 812 487 (9·
841 453 1034 500 resurrexit,
1060 453 1119 498 qui
1146 452 1190 494 est

262 502 298 539 in
315 501 448 538 dextera
462 502 529 540 Dei
538 527 548 546 ,
574 501 947 550 qui‚&interpellatpro
957 503 1071 539 nobis?
1094 515 1193 552 quam

262 553 359 592 fortis
376 565 484 592 autem
505 552 746 602 perssverantiae
763 553 917 602 usquein
944 553 1044 590 finem
1074 567 1193 591 munus

84 612 160 644 Ibid.
179 621 227 652 35.
263 607 472 652 acceperint,
496 602 671 650 sequantur
690 604 864 641 &die-ant:
889 603 971 646 Quis
989 615 1045 636 nos
1057 604 1194 650 separa-

82 654 168 694 seqq·
264 654 314 688 bit
338 666 360 688 a
377 653 533 688 charitate
559 651 704 694 Christi?
728 652 923 698 tribulatio,
947 664 991 686 an
1020 652 1194 700 angustia,

264 716 307 738 an
321 702 520 751 persecutio,
544 714 587 738 an
605 704 731 748 fames,
756 716 798 737 an
823 703 975 747 nuditas,
1000 715 1043 736 an
1069 704 1194 750 pericu-

89 772 249 811 Pfi43.22.
264 753 357 798 lam,
377 764 423 790 ait
437 751 599 799 gladius?
624 753 717 787 Sicut
731 753 892 800 scriptum
920 751 982 796 esl,
1007 753 1093 793 Quia
1117 763 1194 801 pro-

261 812 388 851 pterte
405 802 634 846 mortificamur
654 812 724 837 tota
751 803 825 847 die,
851 802 999 845 estimati
1021 804 1132 847 sumus
1158 806 1194 837 iet

263 865 342 893 oms
359 851 538 893 ussfionis.
564 853 634 889 sed
651 853 685 886 in
711 853 762 887 his
780 853 924 888 omnibus
936 853 1194 900 supervincimus

260 912 323 950 per
340 914 411 939 eum
428 903 487 950 qui
506 902 625 940 dilexit
640 912 717 939 ηπ.
745 905 864 939 Certus
877 903 951 950 sum
982 903 1088 948 enim,
1114 903 1193 950 quia

263 964 366 998 noque
393 964 497 997 mors,
522 965 623 1000 neque
646 953 744 998 vita,
781 966 886 1000 neque
911 953 1071 1000 angelus,
1095 965 1196 1000 neque

258 1003 485 1049 principatus,
511 1015 610 1050 neque
635 1003 807 1050 praesentia
820 1030 831 1047 ,
857 1016 954 1050 neque
979 1005 1117 1050 futura,
1144 1016 1196 1037 ne-

262 1064 325 1099 que
334 1054 468 1097 virtus,
493 1065 592 1100 neque
602 1053 767 1097 altitudo,
793 1054 1119 1100 nequeprofundum‚
1144 1066 1196 1087 ne-

262 1114 324 1148 que
339 1112 490 1138 ereatura
506 1102 578 1138 alia
594 1104 716 1149 poterit
735 1116 789 1138 nos
803 1105 957 1150 separare
984 1116 1006 1138 a
1036 1103 1197 1137 charitate

262 1152 354 1198 Dei,
377 1165 449 1200 quc
467 1152 513 1195 cll
530 1152 564 1187 in
584 1153 712 1195 Christo
722 1154 745 1195 J
747 1154 799 1199 esu
817 1153 955 1190 Domino
975 1151 1076 1195 nostro
1087 1178 1096 1188 .

88 1217 106 1236 2
129 1208 208 1239 Tim.
218 1219 246 1238 2.
318 1207 373 1240 16.
397 1204 456 1242 Isti
473 1204 723 1252 fignificatisunt
733 1205 773 1242 ad
783 1202 1027 1248 Timotheum,
1053 1203 1108 1240 ubi
1118 1218 1197 1241 cum

88 1255 136 1286 ¹9·
262 1253 392 1293 dietim
421 1252 526 1291 fuiss'et
543 1279 556 1298 ,
590 1257 818 1304 Hymenaeum
840 1257 874 1291 δε
901 1253 1071 1291 Philetum
1095 1255 1197 1291 fidem

263 1304 488 1351 quorumdam
509 1303 720 1342 subvertere.-
745 1317 827 1342 mox
852 1305 1000 1342 additum
1030 1305 1097 1348 est,
1123 1305 1196 1338 Fir·

261 1365 350 1388 mum
369 1364 477 1388 autem
493 1355 739 1399 fundamentum
757 1354 825 1389 Dei
836 1354 903 1396 stat
914 1381 924 1396 ‚
949 1353 1070 1388 habens
1081 1351 1197 1400 signa-

261 1403 372 1437 culum
390 1403 470 1447 boe,
496 1403 610 1439 Sci-vit
620 1403 781 1439 Dominus
791 1403 926 1450 quisunt
944 1405 1031 1448 ejus.
1058 1407 1194 1441 Horum

260 1453 369 1497 fida,
404 1467 480 1502 quae
509 1467 568 1502 per
596 1454 811 1491 dilectionem
838 1466 1015 1503 operatur,
1042 1455 1196 1502 profecto

260 1514 318 1542 aut
337 1509 481 1542 omnino
498 1516 566 1541 non
583 1504 734 1548 deficiet,
761 1517 816 1542 aut
836 1505 858 1541 fi
883 1509 941 1553 qui
962 1505 1035 1541 sunt
1050 1518 1196 1553 quorum

261 1554 397 1598 deficit,
422 1565 591 1603 reparatur
608 1566 683 1591 ante
700 1568 800 1604 quam
820 1559 887 1592 vita
908 1554 964 1592 ista
982 1556 1138 1600 finiatur,
1163 1559 1198 1592 δε

261 1604 367 1642 deleta
383 1617 457 1654 quae
474 1609 707 1642 intercurrerat
724 1608 914 1653 iniquitate,
939 1605 1084 1654 usquein
1096 1606 1196 1643 finem

262 1654 500 1703 perseverantia
525 1655 722 1703 deputatur.
749 1658 822 1701 Qui
850 1669 929 1692 vero
964 1657 1198 1704 perseveraturi

83 1739 224 1772 wrm„
262 1717 331 1742 non
349 1706 446 1751 sunt,
466 1717 507 1743 ae
522 1705 567 1751 ,fic
585 1718 604 1742 a
621 1706 692 1745 fide
713 1704 900 1743 Christiana
917 1710 951 1742 δε
978 1706 1197 1743 conversatio·

83 1761 219 1811 Persen.
263 1768 305 1792 ne
315 1756 438 1804 lapsuri
457 1756 554 1800 sunt,
578 1767 617 1793 ut
635 1756 715 1793 tales
734 1769 791 1792 eos
811 1761 886 1793 vitae
905 1755 1003 1802 hujus
1023 1757 1195 1793 finisinve-

86 1818 246 1847 mennon
264 1810 351 1846 niat;
376 1806 496 1856 procul
513 1805 621 1844 dubio
647 1820 707 1843 nec
729 1805 791 1844 illo
820 1817 990 1854 tempore,
1015 1819 1086 1855 quo
1110 1806 1195 1844 bene

89 1849 159 1892 smi‘
192 1861 210 1883 ²
266 1861 386 1908 pieque
408 1859 554 1903 vivunt,
587 1860 621 1893 in
647 1856 786 1894 istorum
816 1870 956 1894 numero
981 1858 1196 1905 computandi

265 1909 360 1947 sunt.
384 1912 467 1948 Non
487 1911 575 1947 enim
593 1907 664 1947 sunt
683 1922 700 1947 a
719 1906 812 1945 mass'a
831 1907 885 1944 illa
904 1908 1099 1957 perditionis
1119 1920 1198 1955 prae-

82 1422 154 1479 641.
161 1452 189 1483 ς.
197 1449 226 1479 6.

83 1688 232 1727 Quicum·

86 1931 213 1963 ditionis
302 1963 308 1969 ‚
371 1963 377 1969 ,
687 1962 692 1968 .
754 1962 760 1968 ,
863 1963 868 1968 .
958 1961 963 1968 .

86 1972 232 2011 praedesti·
266 1960 398 1998 scientia
417 1964 482 1998 Dei
500 1958 983 2010 &praedestlnatlonediscret13
1009 1959 1132 1997 &ideo
1141 1971 1199 1996 nec

86 2013 210 2058 natione
265 2010 446 2048 secundum
465 2008 672 2061 propofitum
691 2016 824 2055 vocati,-
848 2025 884 2050 ac
905 2026 961 2061 per
977 2009 1047 2049 hoc
1064 2023 1125 2049 nec
1137 2009 1199 2048 ele·

87 2051 221 2120 ffifffl·
266 2062 330 2098 sti:
360 2059 457 2098 sedin
469 2066 516 2098 eis
527 2067 656 2106 vocati,
682 2064 722 2100 de
734 2063 854 2111 quibus
869 2064 998 2100 dietum
1016 2062 1085 2106 est,
1109 2060 1199 2095 Mul-

90 2132 140 2160 16·
172 2113 181 2122 '
202 2102 247 2124 ²⁰·
264 2110 293 2142 ti
311 2111 443 2152 vocati3
469 2123 540 2146 non
560 2116 595 2147 in
615 2116 661 2147 eis
678 2114 722 2148 de
741 2113 861 2160 quibus
879 2114 1007 2149 difflutn
1026 2112 1094 2155 est,
1118 2115 1200 2157 pa'u·

263 2157 295 2191 ci
315 2169 397 2191 vero
417 2157 531 2192 electi.
556 2162 604 2195 Et
622 2170 730 2194 tamen
748 2164 823 2206 quis
841 2172 935 2205 neget
963 2174 1020 2196 eos
1048 2162 1172 2196 eleetos
1190 2185 1203 2202 ,

263 2220 342 2245 cum
360 2207 523 2251 credunt,
548 2212 583 2245 δε
601 2207 809 2256 baptizantur
821 2232 831 2250 ‚
855 2212 890 2244 &
902 2204 1081 2244 secundum
1091 2210 1204 2244 Deum

264 2260 406 2297 vivunt?
431 2256 530 2294 Plane
550 2258 708 2296 dicuntur
731 2258 827 2294 eleffi
846 2270 865 2293 a
883 2256 1100 2294 nescientibus
1119 2257 1201 2304 quid

265 2306 371 2344 flaturi
389 2305 471 2349 fint,
496 2317 563 2342 non
582 2306 623 2343 ab
642 2307 705 2343 illo
723 2312 781 2355 qui
802 2320 860 2343 eos
879 2312 975 2344 novit
992 2320 1060 2343 non
1082 2306 1203 2343 habere

266 2357 537 2408 perseverantiam
556 2369 630 2403 quae
648 2357 689 2394 ad
708 2356 834 2393 beatam
853 2360 956 2394 vitam
979 2358 1130 2404 perducit
1139 2357 1203 2393 ele-

266 2409 360 2491 ?os,
384 2407 512 2453 scitque
532 2405 606 2444 illos
626 2411 670 2443 ita
695 2405 800 2452 stare,
826 2417 864 2443 ut
889 2406 1143 2455 prescieritess‘e
1153 2419 1205 2443 ca-

283 2467 380 2493 uros.

93 2526 122 2558 C
133 2534 235 2558 APUT
323 2518 378 2552 17.
405 2506 492 2542 HIC
515 2505 540 2541 fi
558 2517 576 2541 a
590 2517 644 2542 me
662 2517 847 2553 quaeratur,
872 2519 931 2543 cur
951 2511 996 2542 eis
1015 2510 1109 2543 Deus
1131 2517 1205 2551 per-

129 2566 220 2598 V111.
270 2555 482 2595 severantiam
503 2566 568 2589 non
587 2555 741 2598 dederit,
763 2555 884 2603 quibus
913 2567 985 2591 eam
1016 2568 1082 2602 qua
1102 2553 1205 2591 Chri-

269 2606 370 2643 stiane
399 2609 567 2648 viverent,
593 2604 805 2640 dilectionem
833 2605 945 2640 dedit:
970 2617 1023 2640 me
1053 2607 1203 2650 ignorare

270 2655 454 2705 respondeo
467 2680 476 2688 ·
502 2658 584 2691 Non
602 2658 689 2690 enim
705 2665 917 2700 arroganter,
949 2653 1004 2689 sed
1029 2653 1203 2699 agnoscens

271 2706 450 2744 modulum
471 2717 609 2748 meum,
633 2703 732 2740 audio
742 2704 908 2740 dicentem
924 2703 1149 2751 Apostolum,
1175 2703 1204 2734 Ο

97 2765 253 2800 Rom‚9.10
272 2756 382 2799 homo,
409 2765 445 2789 tu
466 2754 539 2800 quis
558 2765 591 2787 es
611 2753 667 2799 qui
686 2753 878 2798 respondeas
899 2753 992 2790 Deo?
1018 2757 1072 2795 &‚
1098 2754 1126 2785 Ο
1154 2751 1203 2784 al-

96 2804 186 2837 Rom.
208 2813 254 2833 1¹·
271 2806 377 2840 titudo
396 2804 592 2839 divitiarum
604 2802 769 2849 sapientiae
788 2801 830 2836 ty
842 2801 984 2848 scientia
995 2802 1083 2847 Dei,
1108 2813 1204 2847 quam

101 2854 150 2884 33·
273 2854 496 2901 inscrutabilia
509 2854 587 2900 sunt
608 2852 738 2896 judicia
766 2853 856 2895 ejus,
883 2851 927 2886 (9²
954 2850 1203 2898 investigabiles

273 2905 339 2939 viee
356 2906 446 2948 ejus?
472 2907 647 2950 Quantum
667 2906 776 2950 itaque
795 2901 891 2938 nobis
910 2903 1030 2948 judicia
1040 2902 1092 2938 sua
1102 2906 1204 2939 mani-

129 2959 258 3004 Perse‘ve-
274 2955 388 2992 festare
415 2956 590 3002 dignatur,
616 2957 732 3000 gratias
758 2964 905 3000 agamus:
932 2964 1094 2999 quantum
1121 2965 1204 2988 vero

102 3006 200 3045 ’ΨΜ
209 3009 258 3030 ‘³¹¹¹'
274 3004 492 3046 abscondere,
516 3016 583 3040 non
601 3002 751 3039 adversus
769 3005 835 3044 eius
852 3001 1026 3039 confilium
1057 3015 1208 3039 murmu-

99 3039 259 3109 ἓῗῑέῗξὲζζζ
276 3067 406 3096 remus,
432 3054 485 3091 sed
505 3052 573 3090 hoc
592 3064 728 3101 quoque
749 3051 845 3088 nobis
865 3051 1117 3090 saluberrimum
1143 3050 1204 3087 ess‘e

100 3118 200 3153 detur,
217 3118 261 3147 jn.
277 3104 465 3140 credamus.
490 3106 548 3140 Tu
567 3114 676 3139 autem
694 3103 839 3150 quisquis
857 3105 1007 3138 inimicus
1018 3105 1085 3147 ejus
1095 3105 1206 3149 gratiae

100 3158 262 3191 scrutabile.
277 3152 320 3199 fic
343 3156 543 3198 interrogas,
569 3152 636 3200 ipse
645 3153 725 3200 quid
738 3152 841 3188 dicis?
865 3153 975 3193 Bene,
995 3153 1086 3199 quod
1098 3164 1128 3188 te
1139 3164 1205 3187 non

277 3214 371 3250 negas
389 3200 449 3238 esse
467 3200 713 3245 Christianum,
738 3207 772 3238 &
797 3200 1001 3238 catholicum
1030 3203 1127 3243 iactas
1140 3229 1147 3237 .
1174 3204 1206 3236 Si

278 3264 359 3300 ergo
377 3252 562 3293 confiteris,
588 3251 713 3288 donum
731 3255 796 3289 Dei
817 3251 875 3287 elle
894 3252 1136 3299 perseverarein
1149 3251 1207 3288 bo·

279 3315 325 3338 no
343 3301 444 3349 usque
463 3305 495 3337 in
514 3301 634 3339 finem3
661 3314 721 3337 cur
741 3301 808 3337 hoc
828 3302 955 3339 donum
976 3301 1030 3336 ille
1050 3305 1206 3348 accipiat,

279 3352 335 3388 ille
355 3364 422 3387 non
442 3354 599 3399 accipiat,
626 3362 709 3398 puto
719 3352 810 3398 quod
822 3364 951 3387 mecum
966 3354 1083 3398 pariter
1093 3351 1207 3392 nescis,

281 3406 316 3438 &
333 3399 433 3437 ambo
450 3400 506 3437 hic
525 3399 741 3437 inscrutabilia
751 3401 869 3446 judicia
881 3404 945 3437 Dei
959 3413 1128 3450 penetrare
1139 3414 1205 3436 non

99 3474 262 3512 Quaenioni
283 3449 465 3499 postumus.
491 3452 564 3486 Aut
582 3449 604 3485 fi
624 3450 663 3486 ad
681 3449 823 3487 liberum
843 3450 1016 3487 arbitrium
1044 3449 1208 3492 hominis,

102 3525 154 3545 ω,-
173 3515 265 3554 perse·
281 3501 374 3548 quod
395 3499 656 3536 non'secundum
677 3503 742 3536 Dei
763 3504 900 3547 gratiam
912 3526 923 3543 ,
949 3501 1001 3536 sed
1011 3512 1128 3536 contra
1139 3514 1208 3536 eam

101 3553 267 3594 vei-etquis·
282 3550 452 3593 defendis,
475 3552 638 3597 pertinere
665 3550 747 3585 dicis
771 3561 809 3586 ut
839 3549 1021 3598 perseveret
1050 3555 1082 3586 in
1113 3550 1206 3587 bono

102 3603 159 3634 que
190 3594 237 3623 vel
282 3599 439 3649 quisque,
466 3598 518 3635 vel
539 3611 606 3634 non
628 3599 832 3646 perseveret,
856 3612 922 3635 non
943 3603 1020 3636 Deo
1031 3600 1205 3635 donantcfi

103 3634 265 3713 ἳξῗείῗξξζ
284 3650 487 3699 perseveret,
513 3647 567 3684 sed
586 3646 729 3685 humana
747 3649 914 3685 voluntate
943 3649 1100 3687 faciente;
1125 3650 1206 3697 quid

106 3713 175 3740 dam
196 3722 247 3751 per
283 3699 460 3738 moliturus
479 3710 513 3734 es
523 3709 638 3734 contra
657 3697 755 3734 verba
771 3699 928 3741 dicentis,
953 3698 1154 3744 Rogavipro
1165 3708 1208 3740 te,

104 3751 224 3781 liberum
284 3749 403 3792 Petve,
429 3759 466 3781 ne
494 3747 622 3792 deficiat
642 3747 727 3791 fides
754 3750 834 3784 ma?
859 3750 912 3784 An
940 3747 1072 3785 audebis
1101 3749 1209 3785 dicere

102 3790 266 3861 ssrss'ssjrffif'
283 3802 379 3835 etiam
400 3809 534 3845 rogante
552 3796 695 3834 christo
714 3811 756 3832 ne
764 3797 918 3834 deficeret
929 3797 1009 3834 fides
1018 3801 1105 3834 Petri
1118 3824 1127 3840 ,
1152 3798 1209 3834 de-

105 3864 267 3910 fiffstspon,
285 3849 443 3886 feetunm
460 3847 548 3884 fuiss'e
560 3847 581 3884 fi
591 3851 707 3885 Petrus
717 3859 786 3884 eam
797 3846 935 3884 deficere
946 3846 1094 3884 voluiss'et
1105 3873 1116 3891 ,
1141 3845 1210 3884 hoc

2069 287 2166 341 145

1247 355 1313 400 est,
1340 357 1362 393 fi
1379 370 1449 394 eam
1468 356 1570 405 usque
1589 360 1620 392 in
1641 357 1742 393 finem
1770 355 1974 405 perseverare
2003 356 2149 395 noluiss‘et
2167 362 2179 395 ?
2198 382 2267 413 dent
2303 385 2332 415 t·
2338 385 2353 415 d

1248 407 1334 454 quali
1360 408 1447 444 aliud
1475 412 1591 444 Petrus
1617 407 1688 443 ullo
1713 409 1820 444 modo
1847 407 1966 448 vellet,
1994 419 2091 453 quam
2119 421 2181 454 pro
2199 394 2303 455 50⁰1ss
2326 395 2334 415 ¹

1249 458 1309 493 illo
1333 456 1488 495 Christus
1515 456 1649 504 rogasset
1676 470 1713 492 ut
1742 457 1858 493 vellet.
1885 461 1973 494 Nam
1999 461 2072 504 quis
2090 459 2180 503 igno·
2199 465 2324 499 gratiam

1250 519 1320 551 rat,
1346 520 1424 544 tunc
1452 505 1542 543 fuiffe
1569 511 1747 554 perituram
1774 508 1875 543 fidem
1900 510 2012 551 Petri,
2038 507 2105 543 siea
2118 512 2181 554 qu'a
2199 502 2311 533 deffen-

1252 558 1359 595 fidelis
1386 568 1476 599 erat,
1502 557 1656 593 voluntas
1683 557 1764 604 ipsas
1788 559 1964 596 deficerem
1989 563 2183 606 &pei-man·
2199 544 2307 612 {2222
2331 559 2356 611 ”2

1254 608 1379 650 suram,
1405 607 1428 643 si
1453 607 1564 643 eadem
1585 606 1737 643 voluntas
1756 611 1924 644 maneret?
1948 609 2008 644 Sed
2019 611 2181 655 quiaprae-
2203 604 2285 652 ργοῷ,
2311 590 2340 652 ἐἴ

1253 667 1392 703 paratur
1411 656 1569 691 voluntas
1588 671 1607 690 a
1630 656 1791 698 Domin0,·
1817 658 1894 694 ideo
1913 671 1976 706 pro
1994 658 2054 694 illo
2081 656 2182 695 Chri·
2192 662 2249 700 sec.
2270 672 2340 693 Lxx.

1254 708 1293 743 sti
1320 721 1388 744 non
1416 706 1517 756 posset
1542 706 1600 743 esse
1625 710 1728 744 inanis
1752 711 1880 744 oratio.
1916 708 2065 753 Quando
2088 718 2183 755 roga-

1253 761 1324 800 vit,
1351 757 1410 794 nifi
1435 769 1471 793 ut
1496 757 1630 794 haberet
1656 761 1689 793 in
1716 758 1782 794 fide
1807 757 2027 801 liberrimam,
2053 758 2184 795 sortiffi-
2200 782 2352 813 Volunt„

1253 820 1367 851 mam,
1391 808 1654 850 invictiffimam,
1682 808 2024 854 perseverantissimam
2034 807 2183 845 volunta*
2201 833 2260 853 non
2276 821 2363 853 fiber-

1254 861 1348 894 tem?
1373 860 1460 894 Ecce
1470 858 1751 904 quemadmodum
1761 858 1939 895 secundum
1950 862 2184 906 gratiamDei,
2199 871 2262 894 tate
2296 872 2363 902 gra-

1254 920 1324 942 non
1349 918 1465 942 contra
1490 920 1581 949 eam,
1610 907 1739 944 libertas
1763 908 1953 945 defenditur
1978 909 2158 945 voluntatis
2175 935 2183 944 .
2201 905 2291 948 fiam?
2309 902 2354 949 se‘l

1254 957 1422 994 Voluntas
1447 959 1572 1003 quippe
1599 956 1740 994 humana
1764 970 1830 993 non
1858 957 2008 995 libertate
2018 958 2186 1007 consequi·
2203 952 2300 1014 ξηῐῃῗ
2315 943 2361 1012 ‘¹¹2¹'

1255 1018 1311 1044 tur
1335 1009 1494 1053 gratiam,
1521 1006 1575 1041 sed
1600 1009 1701 1051 gratia
1726 1010 1838 1054 potius
1865 1007 2071 1051 libertatem,
2097 1013 2130 1044 δι
2151 1020 2189 1044 ut
2205 993 2365 1062 castam·

1257 1055 1438 1105 perseveret
1462 1055 1692 1092 delectabilem
1719 1059 1990 1104 perpetuitatem,
2015 1057 2188 1106 &insupe-
2207 1072 2271 1095 tur.

1256 1106 1395 1144 rabilem
1422 1105 1674 1141 fortitudinem.

1258 1168 1263 1170 ·
1310 1159 1363 1192 18.
1390 1157 1582 1192 Mirandum
1608 1155 1824 1203 estquidem,
1849 1157 2060 1206 multumque
2071 1161 2188 1194 miran-
2207 1143 2349 1214 Exegipla

1257 1206 1359 1249 dum,
1382 1207 1476 1254 quod
1502 1206 1579 1242 tiliis
1603 1206 1667 1243 suis
1693 1206 1885 1254 quibusdam
1914 1210 2006 1244 Deus
2031 1221 2116 1255 quos
2142 1221 2190 1243 re·
2206 1194 2359 1263 ἓζῗυὲῗη,

1257 1260 1426 1304 generavit
1451 1259 1484 1292 in
1512 1254 1673 1299 Christo,
1698 1256 1818 1303 quibus
1830 1256 1953 1299 fidem,
1978 1258 2088 1306 spem,
2111 1257 2190 1294 dile-
2206 1266 2308 1293 dorum
2325 1266 2368 1297 iu-

1255 1306 1401 1343 &ionem
1426 1306 1539 1348 dedit,
1566 1319 1634 1342 non
1660 1307 1715 1343 dat
1743 1306 2034 1354 perseverantiam3
2060 1320 2135 1344 cum
2155 1304 2349 1350 fi-difiPfflm

1254 1357 1307 1394 liis
1331 1358 1440 1394 alienis
1465 1356 1582 1393 scelera
1606 1368 1696 1394 tanta
1722 1357 1889 1400 dimittat,
1923 1369 2021 1405 atque
2045 1353 2194 1406 imperti>
2215 1345 2289 1375 ⁰²¹·

1254 1419 1287 1444 ta
1312 1411 1413 1454 gratia
1439 1407 1531 1444 faciat
1558 1407 1643 1444 filios
1670 1407 1760 1444 suos.
1797 1410 1882 1452 Quis
1907 1406 1976 1443 hoc
2002 1421 2069 1443 non
2096 1408 2194 1444 mire-

1256 1460 1330 1495 tur?
1356 1461 1428 1506 quis
1441 1456 1508 1494 hoc
1518 1471 1583 1493 non
1595 1456 1877 1494 vehementiffime
1887 1458 2035 1505 stupeat?
2059 1458 2121 1494 Sed
2147 1470 2194 1494 et-

1257 1511 1320 1545 iam
1333 1509 1414 1544 illud
1427 1521 1493 1544 non
1509 1512 1617 1544 minus
1631 1511 1753 1544 mirum
1778 1507 1847 1549 est,
1873 1512 1906 1544 ἃ
1928 1519 2034 1544 tamen
2054 1521 2197 1552 verum,

1257 1571 1354 1606 atque
1365 1562 1408 1595 ita
1418 1558 1622 1595 manifestum
1634 1584 1646 1602 ,
1671 1570 1709 1594 ut
1720 1571 1779 1594 nec
1788 1562 1796 1594 i
1802 1558 1847 1606 pfl
1870 1561 1996 1594 inimici
2008 1561 2119 1605 gratiae
2129 1562 2196 1596 Dei

1256 1609 1432 1658 quomodo
1460 1609 1494 1646 id
1507 1620 1626 1655 negent
1646 1608 1772 1645 valcant
1797 1612 1962 1650 invenire,
1988 1609 2081 1655 quod
2107 1608 2197 1644 filios

1256 1658 1415 1708 quosdam
1424 1663 1608 1696 amicorum
1621 1657 1838 1701 suorum,hoc
1848 1658 1893 1694 est
1905 1683 1915 1699 ,
1927 1669 2197 1705 regeneratorum

1256 1709 1492 1756 bonorumque
1504 1709 1676 1750 fidelium,
1702 1709 1767 1744 sine
1793 1708 1958 1756 baptismo
1983 1707 2064 1745 hinc
2077 1721 2198 1756 parvu—

1257 1760 1307 1795 los
1316 1770 1482 1801 exeuntes,
1491 1758 1609 1805 quibus
1619 1762 1732 1804 utique
1744 1758 1878 1803 avellet
1889 1757 1987 1804 hujus
1996 1757 2113 1794 lavacri
2130 1770 2198 1804 gra·

1256 1813 1335 1846 tiam
1358 1819 1572 1857 procuraret,
1597 1811 1630 1843 in
1665 1810 1757 1853 cujus
1783 1808 1943 1854 potestate
1970 1807 2043 1844 sunt
2060 1810 2197 1848 omnia,

1256 1860 1399 1896 alienata
1413 1871 1515 1906 regno
1525 1858 1606 1900 suo,
1627 1870 1697 1906 quo
1708 1869 1856 1905 parentes
1866 1857 2116 1894 mittitillorum
2130 1883 2138 1899 ,
2164 1861 2199 1893 &
2231 1854 2234 1856 ’

1259 1909 1419 1958 quosdam
1430 1908 1517 1944 filios
1537 1911 1751 1944 inimicorum
1777 1909 1912 1944 suorum
1938 1907 2015 1943 facit
2026 1911 2059 1943 in
2086 1918 2199 1943 manus

1260 1959 1531 1998 Christianorum
1544 1962 1668 2000 venire,
1678 1963 1711 1995 &
1725 1971 1784 2006 per
1794 1958 1861 1993 hoc
1871 1957 2036 1996 lavacrum
2048 1957 2199 1992 introdu-

1260 2015 1305 2050 cit
1332 2015 1365 2047 in
1393 2022 1554 2057 regnum,
1581 2022 1598 2046 a
1623 2021 1693 2056 quo
1719 2020 1837 2044 eorum
1853 2018 1999 2054 parentes
2010 2006 2103 2041 alieni
2115 2004 2200 2044 sunt)

1260 2076 1337 2100 cum
1355 2066 1388 2099 δε
1417 2061 1480 2097 illis
1506 2059 1647 2102 malum,
1673 2063 1706 2096 &
1735 2057 1800 2094 istis
1825 2056 2199 2094 bonummeritumnul·

1263 2114 1333 2150 lum
1358 2112 1396 2149 fit
1425 2111 1588 2160 parvulis,
1617 2123 1658 2146 ex
1683 2122 1800 2146 eorum
1827 2111 1962 2157 propria
1989 2107 2161 2148 voluntate
2188 2133 2196 2144 .

1264 2168 1369 2199 Certe
1391 2162 1450 2198 ‘hic
1478 2163 1596 2207 judicia
1622 2164 1710 2202 Dei,
1736 2158 2099 2207 quoniamjusta&alta
2111 2157 2200 2198 sunt,

1263 2224 1324 2245 nec
1350 2214 1529 2256 vituperari
1559 2209 1710 2256 poliunt,
1737 2223 1795 2244 nec
1823 2212 2002 2254 penetrari.
2026 2212 2065 2244 In
2093 2206 2203 2243 hisest

1265 2263 1298 2295 δι
1326 2259 1410 2295 illud
1435 2259 1477 2294 de
1504 2258 1760 2305 perseverantia,
1795 2258 1836 2293 de
1861 2270 1925 2305 qua
1950 2270 2038 2293 nunc
2061 2258 2203 2304 disputa-

1264 2323 1355 2346 mus.
1385 2312 1437 2345 De
1462 2307 1607 2355 utrisque
1632 2320 1713 2353 crgo
1739 2307 1982 2347 exclamemus,
2008 2307 2036 2338 Ο
2061 2305 2202 2339 altitudo
2220 2301 2300 2331 Rom.
2330 2308 2373 2332 ¹¹·

1265 2358 1464 2393 divitiarum
1484 2356 1652 2402 saptentiae
1678 2357 1721 2390 (9⁵
1740 2356 1885 2401 scientiae
1911 2356 2001 2400 Dei,
2035 2367 2131 2401 quam
2157 2354 2204 2388 in.
2222 2351 2270 2378 33·

1258 2407 1454 2454 scrutabilia
1472 2407 1551 2450 sunt
1572 2404 1702 2446 judicia
1727 2406 1818 2446 ejus.

1319 2469 1374 2501 19.
1398 2459 1474 2492 Nec
1493 2458 1651 2489 miremur
1678 2465 1740 2489 nos
1765 2453 1920 2499 vestigare
1948 2467 2017 2489 non
2044 2452 2131 2501 posse
2156 2457 2204 2491 in·

1263 2503 1469 2551 vestigabiles
1496 2506 1560 2539 vias
1585 2504 1671 2547 ejus,
1708 2506 1756 2539 Ut
1782 2507 1871 2539 enim
1896 2503 1956 2539 alia
1983 2504 2203 2541 innumerabi-

1261 2555 1303 2591 lia
1331 2566 1453 2590 taceam
1471 2579 1483 2596 ,
1507 2566 1581 2599 quae
1606 2551 1677 2590 aliis
1701 2553 1822 2589 dantur
1845 2579 1854 2594 ,
1891 2554 1960 2589 aliis
1986 2566 2059 2590 non.
2078 2555 2201 2592 dantur

1264 2603 1460 2641 hominibus
1484 2616 1502 2638 a
1526 2606 1680 2640 Domino
1705 2606 1803 2646 Deo,
1829 2604 1915 2651 apud
1940 2616 2040 2651 quem
2066 2616 2134 2639 non
2155 2604 2202 2642 est
2216 2619 2377 2653 Romam,

1264 2658 1415 2701 acceptio
1441 2653 1678 2700 personarum,
1702 2666 1763 2689 nec
1787 2653 1979 2690 tribuuntur
2005 2654 2063 2697 ista
2074 2658 2203 2691 meriti:

1264 2704 1496 2747 voluntatum,
1521 2703 1604 2740 sicut
1629 2704 1702 2740 sunt
1720 2703 1921 2747 celeritates,
1947 2707 2034 2740 vires
2044 2704 2203 2742 bonaeva-

1263 2754 1446 2797 letudines‚
1470 2754 1973 2801 &pulcritudinescorporum,
2000 2758 2128 2800 ingenia
2139 2753 2203 2792 mi·

1259 2804 1457 2848 *rabilia,·&
1484 2804 1666 2840 multarum
1691 2806 1811 2839 artium
1836 2817 1966 2849 capaces
1978 2815 2203 2841 naturaemen-

1262 2858 1369 2893 tiumt
1394 2853 1448 2890 vel
1472 2866 1546 2901 quae
1571 2854 1729 2890 accedunt
1754 2854 1971 2895 extrinsecus,
1997 2865 2035 2889 ut
2054 2854 2100 2890 est
2116 2868 2204 2902 opu·

1262 2905 1384 2946 lentia,
1409 2903 1584 2944 nobilitas,
1611 2902 1781 2944 honores,
1807 2906 1840 2938 &
1865 2915 1973 2938 cetera
1998 2902 2202 2948 hujusmodi,

1262 2968 1336 3002 quae
1360 2953 1497 3001 quisque
1523 2965 1561 2989 ut
1588 2953 1729 2995 habeat,
1755 2965 1822 2988 non
1850 2953 1906 2987 nili
1933 2956 1965 2987 in
1991 2956 2056 2989 Dei
2083 2952 2201 3002 estpo-

1262 3004 1395 3040 testate:
1422 3014 1459 3038 ut
1484 3015 1551 3038 non
1578 3006 1741 3040 immorer
1767 3005 1864 3038 etiam
1884 3006 1917 3037 in
1928 3001 2120 3048 baptismate
2130 3016 2203 3051 par·

1267 3054 1446 3095 vulorum,
1473 3054 1608 3100 (quod
1635 3052 1744 3089 nullus
1770 3051 1905 3088 istorum
1933 3050 2041 3098 potest
2064 3052 2198 3095 dicere,

1266 3103 1347 3140 ficut
1372 3103 1446 3144 illa,
1473 3103 1512 3139 ad
1542 3115 1682 3150 'regnum
1710 3105 1776 3138 Dei
1802 3115 1869 3137 non
1897 3100 2117 3149 pertinere,)
2142 3109 2202 3139 cur

1266 3153 1314 3189 illi
1344 3152 1483 3201 parvulo
1507 3153 1632 3194 detur,
1658 3152 1782 3187 illinon
1792 3153 1908 3189 detur3
1932 3163 2008 3187 cum
2027 3150 2065 3187 fit
2075 3162 2203 3188 utrum·

1266 3216 1331 3251 que
1357 3207 1388 3238 in
1417 3201 1579 3249 potestate
1605 3205 1693 3244 Dei,
1719 3206 1752 3238 δε
1780 3202 1845 3237 fine
1871 3201 1929 3236 illo
1940 3200 2137 3237 sacramento
2147 3214 2202 3238 ne-

1267 3265 1325 3289 mo
1350 3256 1451 3288 intret
1476 3256 1514 3290 in.
1541 3264 1680 3300 regnum
1706 3254 1789 3288 Dei:
1817 3263 1855 3287 ut
1880 3263 1960 3299 ergo
1983 3249 2056 3287 haec
2082 3262 2204 3289 taceam

1268 3302 1323 3349 vel,
1346 3301 1534 3348 relinquam
1550 3328 1562 3345 ,
1588 3302 1663 3338 illos
1690 3300 1776 3347 ipsos
1801 3304 1987 3337 intueantur
2012 3301 2054 3336 de
2080 3300 2202 3347 quibus

1268 3355 1391 3399 agitur.
1417 3355 1471 3388 De
1502 3352 1555 3389 his
1579 3355 1666 3388 enim
1690 3349 1891 3392 disserimus,
1917 3353 1975 3396 qui
2002 3350 2202 3397 perseverans

1268 3406 1345 3438 tiam
1370 3401 1530 3439 bonitatis
1555 3414 1621 3437 non
1646 3400 1788 3440 habent,
1816 3399 1869 3435 sed
1893 3412 1933 3435 ex
1960 3398 2054 3435 bono
2077 3404 2110 3436 in
2135 3412 2202 3436 ma·

1269 3452 1338 3488 lum
1363 3451 1542 3488 deficiente
1566 3451 1651 3487 bona
1676 3449 1844 3486 voluntate
1869 3452 2057 3485 moriuntur
2077 3477 2084 3484 .
2121 3450 2203 3486 Res-

1271 3501 1436 3548 pondeant
1451 3527 1463 3543 ,
1481 3501 1511 3537 -fi
1539 3499 1688 3548 possunt,
1712 3512 1771 3535 cur
1796 3498 1872 3534 illos
1897 3502 2009 3541 Deus»,
2035 3511 2111 3535 cum
2122 3499 2204 3535 fide-

1268 3553 1344 3587 li‘ter
1370 3555 1403 3586 &
1434 3555 1489 3598 pie
1514 3554 1664 3586 viverent
1683 3575 1694 3592 ,
1728 3562 1797 3584 non
1833 3559 1912 3584 tunc
1937 3549 1980 3583 de
2005 3552 2080 3585 vitae
2105 3547 2204 3591 huius

1267 3600 1424 3649 periculis
1451 3604 1557 3648 rapuit
1577 3625 1587 3640 ,
1622 3612 1663 3634 ne
1689 3599 1809 3634 malitia
1833 3609 1975 3634 mutaret
2000 3598 2202 3635 intellectum

1267 3662 1383 3686 eorum
1406 3675 1420 3692 ,
1453 3654 1486 3685 &
1512 3662 1554 3684 ne
1580 3648 1674 3684 fictio
1699 3650 1867 3695 deciperet
1902 3651 2024 3683 animas
2057 3661 2174 3687 eorum
2192 3674 2202 3683 .

1268 3704 1394 3737 Utrum
1414 3700 1482 3735 hoc
1508 3703 1540 3734 in
1574 3698 1731 3746 potestate
1755 3710 1823 3733 non
1851 3695 1990 3738 habuit,
2013 3710 2052 3733 an
2082 3711 2201 3735 eorum
2217 3685 2376 3725 5“P'4'¹¹·

1269 3749 1351 3787 mala
1363 3750 1474 3786 {lutura
1483 3748 1640 3784 nescivit?
1667 3752 1801 3794 Nempe
1822 3745 1907 3783 nihil
1926 3745 2049 3784 horum
2061 3748 2117 3784 nifi
2129 3761 2202 3795 per-

1268 3800 1442 3836 verlisfime
1459 3811 1557 3846 atque
1576 3797 1768 3835 insanissime
1787 3797 1928 3833 dicitnr.
1952 3800 2027 3833 Cur
2041 3810 2122 3844 ergo
2132 3811 2199 3834 non

1272 3850 1372 3888 fecit?
1399 3849 1631 3898 Respondeant
1650 3851 1708 3896 qui
1735 3859 1796 3883 nos
1823 3847 1982 3889 irrident,
2008 3847 2140 3931 quaudbo
2167 3850 2204 3883 in'

2073 3909 2106 3931 re
2132 3909 2167 3931 us
