2652 4126
495 222 596 284 184
682 218 959 280 ScR1PTA
1002 230 1080 273 ET
1123 220 1555 271 MoNuMENTA
1597 223 1745 284 QJAE
1786 223 1884 266 op.
1925 208 1975 265 S.
1992 202 2324 270 Paospssm.

487 315 546 354 bet
575 315 745 353 auferetur
769 315 813 354 ab
839 326 902 351 eo.
928 316 1022 348 vnus
1046 311 1140 345 enim
1158 314 1255 358 *Deus
1283 310 1343 355 qui
1369 304 1421 353 ju-

481 363 603 410 !lift'eaet
627 364 881 409 eircumcifionem
904 372 947 397 ex
967 357 1030 402 fide
1049 384 1062 401 ,
1087 359 1132 397 ὰ
1155 361 1342 405 praeputium
1363 367 1421 402 per

478 414 595 464 fidem:
617 415 711 465 quod
729 426 798 449 non
820 411 861 446 ad
881 410 1027 457 aliquam
1038 407 1263 445 differentiam
1286 407 1419 445 dietum

481 466 737 512 ·est‚tamquam
756 460 848 503 aliud
865 459 905 495 fit
923 472 966 496 ex
982 456 1111 505 fide,&
1130 458 1222 495 aliud
1239 469 1295 505 per
1310 455 1418 500 fidems

486 518 540 555 sed
562 515 602 552 ad
620 516 817 550 varietatem
843 510 1048 549 locutionis.
1077 509 1162 547 Alio
1189 512 1316 559 quippe
1335 507 1417 544 loco

486 580 563 605 cum
581 564 623 600 de
647 559 977 610 gentibuvdieeset,
1002 558 1074 597 hoc
1092 559 1140 599 est
1159 559 1200 595 de
1230 561 1418 608 praeputio‘2

290 627 359 656 Gal.
370 636 398 664 3·
411 626 439 655 8.
485 615 690 654 praevidens,
709 614 844 660 inquit,
857 610 1018 657 scriptura
1038 613 1113 656 quia
1131 622 1173 646 ex
1189 608 1251 651 fide
1264 605 1417 655 justificat

479 674 587 711 gentes
611 671 714 700 Deus.
741 665 899 710 Itemque
916 674 995 699 cum
1021 660 1064 696 de
1083 659 1340 696 circumcisione
1365 658 1417 695 lo-

288 723 449 762 Gal.2.15.
484 724 667 764 queretur,
691 711 780 749 unde
800 723 872 752 erat
890 711 985 760 ipses
1009 715 1111 760 Nos,
1137 713 1247 758 inquit
1266 736 1278 752 ‚
1303 717 1420 745 natura

476 767 582 814 Judaei
593 789 605 806 ,
624 765 668 801 (θ’
687 776 746 800 non
763 774 805 799 ex
817 760 965 807 gentibus
980 769 1183 806 peccatores,
1196 760 1334 804 scientes
1342 762 1418 808 quia

482 828 540 853 non
554 811 746 861 justificatur
754 813 842 849 homo
861 825 903 848 ex
919 809 1059 857 operibus
1067 810 1165 854 legis,
1179 808 1233 856 nifi
1246 819 1305 857 per
1322 807 1418 849 fidem

481 864 553 909 Iesu
578 862 711 906 christi,
737 864 780 899 (θ’
797 874 852 897 nos
877 865 909 898 in
931 860 1033 905 Iesum
1061 859 1213 903 christum
1238 862 1393 896 credimus
1407 884 1416 893 .

479 917 571 953 Ecce
598 917 632 950 &
652 914 858 961 praeputium
884 911 974 947 dixit
995 910 1168 957 justificari
1198 908 1243 948 ex
1267 909 1356 952 fide,
1383 908 1418 947 δε

479 963 774 1001 circumcisionem
793 974 855 1010 per
876 962 1001 1002 fidem,
1021 960 1044 996 fi
1067 972 1180 997 tamen
1201 958 1417 999 circumcisio

287 1016 460 1057 Rom-230.
477 1014 642 1063 justitiam
661 1013 741 1049 fidei
762 1022 890 1049 teneat.
911 1015 962 1049 Sic
980 1015 1070 1047 enim
1085 1021 1194 1056 gentes
1211 1023 1278 1057 quae
1295 1023 1353 1047 non
1364 1010 1414 1053 se-

479 1063 648 1111 citabantur
663 1062 847 1110 justitiam,
867 1062 1134 1110 apprehenderunt
1150 1060 1307 1108 justitiam
1327 1086 1340 1105 ,
1358 1058 1413 1109 ju-

474 1115 597 1159 stitiam
613 1123 721 1150 autem
739 1125 806 1159 quae
824 1124 866 1149 ex
876 1109 945 1155 ⁴fide
961 1110 1022 1153 esi:
1039 1110 1256 1158 impetrando
1274 1123 1348 1147 eam
1368 1124 1411 1148 ex

478 1168 581 1207 Deo,
608 1176 677 1199 non
697 1176 740 1198 ex
761 1162 942 1208 semetipsis
959 1159 1211 1209 praesumendo.
1238 1159 1335 1204 Israel
1353 1174 1411 1198 ve-

477 1227 511 1250 ro
528 1213 710 1259 persequens
737 1212 835 1255 legem
848 1210 998 1257 justitia,
1025 1214 1058 1246 in
1077 1211 1175 1254 legem
1201 1209 1330 1257 jusiitias
1354 1225 1412 1248 non

475 1265 643 1312 pervenit.
663 1263 793 1314 guare?
822 1263 896 1305 quia
914 1273 971 1297 non
1003 1272 1044 1297 ex
1062 1258 1143 1303 fide,
1163 1259 1220 1304 sed
1245 1263 1413 1307 tamquam

476 1326 518 1353 ex·
535 1310 695 1358 operibus:
715 1309 751 1346 id
770 1308 1024 1358 est,tamquam
1044 1323 1118 1348 eam
1137 1323 1199 1362 per
1218 1308 1413 1360 semetipsos

478 1371 680 1412 operantes,
705 1372 775 1396 non
801 1363 836 1396 in
856 1359 888 1396 le
913 1360 1085 1397 credentes
1110 1365 1247 1408 operari
1274 1359 1411 1399 Deum'.

281 1407 458 1447 wilfi-²³5·
475 1420 561 1451 Deus
578 1411 619 1456 est
635 1415 715 1449 enim
733 1412 789 1459 qui
805 1419 952 1456 operatur
970 1414 1001 1447 in
1019 1409 1104 1448 nobis
1120 1412 1164 1448 ἴθ’
1182 1411 1268 1447 velle
1286 1413 1331 1449 &¹
1344 1421 1416 1462 ppe-

279 1477 396 1515 Rom,9,
412 1487 459 1517 32·
474 1468 544 1501 rari
564 1473 620 1509 pro
637 1461 717 1498 bona
742 1461 932 1497 voluntate.
962 1465 1016 1497 Ac
1040 1473 1102 1508 per
1128 1459 1198 1497 hoc
1222 1460 1415 1507 offenderunt

474 1519 507 1552 in
527 1514 666 1559 lapidem
682 1510 864 1558 offenfionis.
890 1514 983 1548 Nam
1003 1511 1087 1559 quid
1105 1511 1253 1554 dixerit,
1264 1515 1339 1557 quia
1357 1516 1415 1550 non

473 1576 516 1601 ex
528 1561 613 1610 fide,
633 1561 688 1606 sed
706 1570 870 1608 tamquam
889 1573 931 1598 ex
951 1560 1110 1608 operibus:
1137 1559 1416 1611 apertiffimeex'-

279 1627 360 1659 Rom,
372 1636 418 1660 ω,
427 1638 455 1668 3,
472 1613 610 1663 posuit,
634 1611 773 1654 dicens,
797 1618 977 1657 Ignorantes
1001 1615 1083 1648 enim
1103 1617 1164 1649 Dei
1189 1611 1315 1660 justitia
1333 1639 1345 1655 ,
1371 1614 1415 1650 Θ·

465 1664 568 1712 suam·
581 1663 722 1700 volentes
740 1661 942 1706 constituere,
963 1661 1091 1708 justitia
1100 1666 1162 1699 Dei
1178 1675 1237 1700 non
1253 1662 1329 1707 sunt
1344 1661 1418 1707 sub-

469 1714 549 1763 jeai
569 1741 577 1749 .
605 1716 690 1750 Finis
717 1716 797 1748 enim
823 1713 899 1757 legis
926 1711 1065 1756 Christus
1090 1715 1132 1749 ad
1151 1712 1309 1760 justitiam
1334 1716 1417 1749 omn'i

473 1766 628 1801 credenti.
649 1766 695 1799 Et
712 1761 827 1798 adhuc
852 1762 1047 1799 dubitamus
1067 1775 1142 1810 quae
1162 1762 1225 1799 fint
1245 1772 1349 1812 opera
1371 1763 1417 1800 le-

474 1820 550 1865 giS,
578 1812 701 1862 quibus
726 1811 841 1849 homo
868 1825 937 1848 non
965 1811 1188 1857 justificatur,
1215 1812 1239 1849 fi
1266 1827 1302 1850 ea
1329 1825 1414 1850 ram·—

473 1874 577 1914 q'uam
597 1863 650 1901 sua
670 1862 854 1899 crediderit
879 1862 944 1898 line
963 1862 1135 1908 adjutorio
1152 1867 1187 1900 &
1207 1863 1302 1900 dono
1323 1865 1413 1907 Dei,

475 1915 571 1966 quod
589 1914 638 1950 est
662 1925 704 1950 ex
720 1911 781 1955 fide
793 1912 872 1959 Jesu
896 1911 1033 1956 christi?
1058 1917 1093 1950 &
1119 1913 1414 1951 circumcisionem

476 1976 653 2012 ceteraque
671 1962 750 1998 talia
772 1961 978 2010 suspicamur
990 1988 1002 2005 ,
1020 1966 1099 2011 quia
1118 1967 1226 1999 etiam
1243 1963 1284 2000 de
1298 1963 1352 2001 his
1372 1964 1416 2001 fii-

475 2017 656 2053 eramentis
678 2012 752 2049 aliis
780 2015 813 2047 i'n
834 2012 918 2048 locis
944 2012 1021 2048 talia
1043 2013 1195 2061 quaedam
1219 2014 1380 2063 leguntur
1401 2016 1414 2050 ?

477 2066 540 2104 Sed
575 2064 635 2101 hic
660 2066 776 2112 utique
804 2075 875 2099 non
909 2063 1201 2100 circumcisionem
1237 2071 1412 2114 tamquam

475 2115 565 2153 suam
586 2113 747 2160 justitiam
768 2112 931 2149 volebant
950 2114 1176 2151 constituere:
1203 2119 1282 2162 quia
1301 2121 1335 2153 «Sc
1359 2118 1409 2164 ip—

474 2165 542 2202 sam
571 2168 665 2201 Deus
686 2163 916 2212 praecipiendo
944 2164 1139 2201 constituit.
1166 2168 1243 2202 Nec
1268 2166 1310 2201 de
1337 2165 1406 2200 illis

475 2214 638 2264 operibus
656 2213 726 2249 hoc
753 2214 898 2258 intelligi
917 2212 1052 2258 potest,
1077 2213 1120 2247 de
1140 2213 1264 2258 quibus
1283 2215 1409 2246 Domi-

282 2250 392 2283 Manb.
413 2260 459 2287 ¹5·
474 2278 537 2301 nus
557 2267 603 2298 eis
622 2262 727 2303 dicit,
749 2260 893 2305 Rej‘icitis
911 2261 1095 2295 mandatum
1114 2263 1193 2300 Dei,
1211 2267 1249 2293 ut
1266 2259 1411 2294 traditio-

282 2305 414 2367 {narem
430 2341 460 2368 9·
476 2326 530 2352 nes
549 2311 669 2355 vestras
681 2309 855 2354 statuatis.-
881 2312 968 2360 ,Quia
984 2308 1189 2354 persequens,
1213 2310 1324 2360 inquit
1336 2333 1347 2349 ,
1367 2307 1410 2343 le·-

473 2375 545 2409 gem
563 2360 693 2408 justitiae
712 2385 725 2402 ,
750 2363 781 2394 in
797 2359 894 2402 legem
912 2357 1041 2405 justitia
1058 2370 1116 2400 non
1132 2361 1281 2403 pervenit
1298 2357 1394 2400 Israel
1403 2383 1411 2391 .

283 2405 459 2439 Rm·9·3¹·
480 2417 563 2450 Non
591 2409 703 2450 dixit,
729 2406 928 2455 persequens
954 2406 1154 2442 traditiones
1173 2406 1266 2449 fixas,
1293 2406 1376 2441 idest
1400 2431 1411 2447 ,

478 2461 688 2500 consectans.
708 2460 792 2494 Haec
809 2468 894 2504 ergo
913 2455 980 2491 sbla
1000 2454 1154 2491 distantia
1173 2454 1243 2496 est,
1260 2459 1338 2502 quia
1360 2458 1407 2506 ip-

286 2492 461 2527 End'w'w‘
479 2513 550 2550 sum
571 2536 584 2554 ,
608 2514 690 2555 Non
714 2506 906 2552 concupisces
924 2531 936 2549 ,
961 2510 995 2541 δε
1021 2516 1132 2541 cetera
1158 2504 1313 2541 mandata
1339 2506 1408 2551 ejus

479 2563 587 2599 fincta
606 2565 639 2596 δε
658 2557 748 2595 bona
765 2556 824 2593 fibi
842 2555 1056 2593 tribuebant:
1075 2568 1149 2604 quae
1167 2566 1205 2592 ut
1224 2555 1325 2603 poffit
1346 2553 1408 2590 ho-

479 2626 540 2650 mo
559 2611 688 2651 facere,
709 2611 804 2645 Deus
824 2618 986 2655 operatur
1006 2608 1040 2641 in
1059 2604 1203 2642 homine
1223 2618 1284 2654 per
1303 2605 1407 2641 fidem

480 2662 554 2706 lesu
574 2658 708 2698 Christi
721 2684 732 2702 ‚
749 2661 806 2706 qui
826 2657 901 2693 finis
919 2656 967 2693 est
987 2655 1028 2691 ad
1048 2655 1204 2699 iustitiam
1225 2658 1320 2691 omni
1339 2668 1409 2691 cre-

479 2713 599 2753 denti,
618 2710 653 2746 id
671 2707 740 2751 est,
758 2712 812 2744 cui
832 2720 893 2757 per
911 2706 1066 2756 spiritum
1088 2710 1345 2754 incorporatus,
1365 2705 1409 2741 sa-

483 2761 621 2808 &ustque
646 2757 840 2795 membrum
860 2759 950 2804 ejus,
978 2755 1088 2805 potest
1114 2756 1251 2804 quisque
1279 2755 1341 2791 illo
1361 2760 1409 2792 in·

486 2819 698 2847 crementum
721 2807 916 2844 intrinsecus
933 2807 1055 2849 dante,
1073 2810 1207 2855 operari
1228 2804 1408 2852 justitiamt

282 2869 371 2910 Jeme.
384 2869 467 2899 ¹55·
486 2860 528 2897 de
548 2861 640 2906 cujus
659 2856 820 2906 operibus
841 2860 943 2894 etiam
963 2855 1031 2904 ipse
1050 2857 1161 2900 dixit,
1186 2859 1262 2905 quia
1277 2855 1343 2903 sine
1360 2868 1410 2892 me

485 2911 562 2948 nihil
576 2907 700 2958 potestis
709 2908 833 2954 facere.

537 2960 622 2997 Ideo
647 2962 775 3007 quippe
802 2962 1009 3008 proponitur
1035 2957 1158 3004 justitia
1186 2956 1290 3005 legis,
1317 2955 1411 3003 quod

351 3032 354 3035 >
490 3014 549 3061 qui
575 3010 691 3046 fecerit
712 3021 809 3052 eam,
834 3013 928 3045 vivet
950 3012 985 3045 in
1009 3008 1091 3051 illa,
1114 3018 1153 3044 ut
1169 3019 1246 3043 cum
1273 3005 1411 3054 quisque

292 3056 429 3088 Ram-¹0·
445 3059 725 3098 5*infirmitatem
745 3058 835 3096 suam
855 3061 1080 3107 cognoverit,
1105 3070 1175 3094 non
1194 3070 1255 3104 per
1275 3055 1342 3092 suas
1363 3058 1412 3091 vi-

491 3124 568 3153 res,
595 3123 702 3157 neque
722 3122 784 3158 per
805 3109 951 3145 litteram
979 3107 1078 3156 ipflus
1096 3108 1201 3156 legis,
1227 3107 1321 3154 quod
1342 3106 1414 3141 fieri

491 3174 561 3198 non
581 3159 715 3209 potest,
740 3158 794 3194 sed
817 3171 877 3207 per
895 3158 997 3194 fidem
1017 3157 1201 3193 concilians
1222 3156 1415 3201 justificato-

491 3223 565 3248 rem
586 3211 782 3258 perveniat,
810 3213 843 3244 δι
865 3208 986 3250 faciat,
1011 3212 1045 3243 δι
1065 3210 1157 3243 vivat
1183 3209 1217 3241 in
1237 3219 1289 3242 ea.
1317 3208 1416 3254 Opus

490 3266 583 3298 enim
605 3258 699 3307 quod
719 3261 778 3305 qui
797 3256 936 3299 fecerit,
961 3260 1056 3293 vivet
1077 3259 1111 3292 in
1131 3269 1195 3298 eo,
1221 3268 1290 3291 non
1309 3256 1347 3292 fit
1367 3259 1414 3291 ni—

492 3312 516 3348 fi
536 3325 553 3347 a
574 3309 773 3358 justificato.
802 3306 1002 3350 Justificatio
1021 3318 1134 3343 autem
1154 3319 1195 3342 ex
1217 3306 1283 3342 fide
1311 3309 1416 3354 impe-

491 3373 624 3398 tratur:
650 3359 691 3395 de
712 3371 776 3406 qua
795 3357 958 3405 scriptum
978 3356 1049 3399 est,
1066 3361 1126 3403 Ne
1143 3357 1262 3392 dixeris
1279 3359 1311 3393 in
1330 3357 1416 3392 corde

435 3406 437 3408 ’
490 3421 568 3453 tuo,
592 3413 661 3455 quis
678 3408 836 3453 adscendit
855 3412 886 3444 in
903 3407 1010 3444 caelum
1031 3408 1041 3438 ?
1067 3407 1123 3442 boc
1139 3404 1180 3448 esi
1197 3405 1348 3449 christum
1367 3407 1417 3441 de-

490 3463 617 3498 ducere:
644 3469 702 3496 aut
720 3461 788 3504 quis
806 3457 958 3502 descendit
976 3460 1010 3494 in
1024 3454 1176 3502 abissum?
1200 3456 1255 3492 hoc
1272 3454 1312 3498 ell
1331 3455 1417 3491 chri-

487 3510 570 3556 stum
590 3523 610 3545 a
627 3512 758 3546 mortuis
775 3509 934 3544 reducere.
959 3509 1018 3544 Sed
1036 3508 1111 3551 quid
1129 3507 1231 3542 dicit?
1255 3503 1416 3551 'Prope'efl

492 3560 629 3599 verbum
655 3563 688 3595 in
704 3571 754 3594 ore
779 3568 854 3601 tuo,
880 3559 923 3596 &⁹
947 3561 978 3595 in
995 3558 1084 3593 corde
1108 3565 1180 3592 tuo:
1207 3556 1261 3592 hoc
1279 3554 1342 3599 esi,
1368 3558 1416 3590 in—

495 3615 569 3656 quit
588 3636 600 3653 ,
623 3608 756 3646 verbum
779 3606 853 3650 fidei
869 3622 877 3643 ε
903 3612 977 3654 quia
997 3606 1024 3653 fi
1042 3603 1217 3648 confitearis
1241 3608 1274 3642 in
1296 3617 1347 3641 ore
1362 3613 1416 3640 tuo

498 3664 571 3703 quia
595 3662 744 3696 Dominus
768 3657 807 3701 eli
826 3657 933 3703 lesus,
957 3659 1001 3695 θ’
1019 3657 1181 3693 credideris
1205 3659 1237 3692 in
1254 3656 1342 3692 corde
1365 3662 1419 3691 tuo

499 3711 575 3752 quia
599 3714 682 3743 Deus
700 3710 787 3744 illum
803 3709 977 3753 suscitavit
995 3720 1015 3743 a
1031 3709 1185 3748 mortuis,
1205 3705 1322 3750 salvus
1341 3707 1420 3740 eris.

502 3759 545 3792 In
570 3766 698 3791 tantum
724 3757 824 3802 justus
850 3762 883 3792 in
910 3768 1073 3804 quantum
1099 3754 1224 3792 salvus.
1250 3759 1314 3791 Per
1334 3753 1421 3790 hanc

504 3810 597 3844 enim
622 3804 724 3841 fidem
749 3805 937 3847 credimus,
962 3806 1055 3854 quod
1076 3809 1176 3842 etiam
1203 3817 1264 3841 nos
1284 3807 1379 3843 Deus
1401 3817 1420 3840 a

292 2964 402 3002 Levia}
409 2964 469 2997 805.

298 3354 370 3387 ma.
376 3356 409 3388 6.

1481 309 1628 344 mortuis
1648 308 1792 355 excitet:
1818 308 1955 343 interim
1975 305 2116 356 spiritu,
2140 316 2179 342 ut
2198 309 2233 342 in
2252 309 2404 343 novitate
2418 324 2575 357 Tit-aaz.

1479 359 1549 401 eius
1567 359 1692 404 gratiae·
1708 365 1937 406 temperanter
1956 359 1989 395 δι
2007 356 2092 403 juste
2115 360 2150 393 δι
2171 359 2223 404 pie
2249 358 2404 394 vivamus

1479 411 1514 443 in
1541 406 1618 442 hoc·
1636 405 1779 447 stc-ulo,-
1803 405 1882 454 post
1897 410 1998 444 etiam
2023 419 2124 444 earne
2143 405 2256 444 nostra
2281 404 2323 442 ad
2342 408 2405 442 im—

1479 455 1975 494 mortalitatem·‘resurr-edura
2000 482 2014 500 ,
2048 456 2145 506 quod
2169 455 2218 493 est
2243 459 2406 505 metitum

1477 506 1635 556 spiritus,
1658 511 1715 556 qui
1733 504 1806 543 eam
1828 510 1862 542 in
1889 506 2133 545 resurreetione
2151 505 2208 543 fibi
2234 518 2406 555 congrua,

1477 556 1549 594 hoc
1569 555 1668 609 estin
1689 556 1926 603 justificatione
1945 558 2113 607 praecedit.
2133 556 2309 604 Consepulti
2323 560 2406 594 enim

1470 607 1579 652 sumus
1604 607 1793 659 chrisio‘per
1817 607 2010 654 baptismum
2035 612 2067 645 in
2093 616 2247 650 mortem,
2271 615 2408 654 utque-

1479 655 1677 706 madmodu'm
1703 657 1838 701 chnflus
1864 658 2037 702 resurrexit
2062 672 2082 694 a
2108 661 2240 695 mortuis
2263 662 2320 704 per
2339 657 2408 702 glo-

1479 711 1562 744 riam
1586 704 1723 751 Patris,
1743 707 1790 753 sic
1816 710 1859 745 (y-
1883 718 1936 744 nos
1959 711 1995 746 in
2020 711 2168 745 novitate
2192 711 2272 744 vitae
2297 705 2407 743 amba-

1478 759 1601 806 lemus,
1626 756 1707 794 Fide
1734 761 1836 806 igitur
1860 757 1933 800 Iesu
1958 757 2093 798 Christi
2120 754 2409 806 impetramusfi-

1479 807 1607 850 lutem,
1625 812 1667 845 '&
1692 820 1859 855 quantum
1884 806 1982 845 nobis
2007 807 2190 846 inchoatur
2215 812 2250 844 in
2277 821 2313 844 re
2332 832 2344 851 ‚
2370 810 2407 844 δι

1479 867 1643 905 quantum
1669 858 1875 907 perficienda
1900 858 2112 907 exspectatur
2137 863 2172 895 in
2199 857 2273 908 spe-
2298 859 2533 916 Omnissoet,2‚
2550 884 2602 915 32·

1475 910 1558 944 enim
1581 906 1636 955 qui
1658 911 1867 945 invocaverit
1891 920 2000 946 nomen
2024 912 2151 946 Domini
2171 907 2372 952 salvus-erit
2397 931 2408 941 ·
2424 919 2603 956 Rom.10.13.

1476 964 1584 1010 ,quam
1610 958 1714 995 multa
1738 958 1933 1002 multitudo,
1958 961 2004 996 ait
2022 958 2215 1001 palmista,
2239 958 2408 995 dulcedinis
2426 957 2588 997 Ps·30.20.

1475 1016 1560 1050 tuae,
1576 1012 1728 1052 Domine,
1747 1020 1845 1054 quam
1867 1007 2047 1053 abscondisti
2063 1006 2244 1045 timentibus
2261 1018 2315 1051 te,
2339 1019 2410 1055 per-
2559 1010 2562 1011 ⁷

1467 1055 1571 1105 fecisti
1596 1067 1703 1095 autem
1725 1057 1922 1104 sperantibus
1941 1063 2016 1096 inte
2037 1059 2046 1096 !
2070 1061 2124 1096 Ex
2151 1058 2224 1106 lege
2249 1062 2412 1095 timemus

1476 1111 1616 1151 Deum,
1634 1121 1677 1145 ex
1698 1108 1765 1145 fide
1785 1108 1953 1158 speramus
1974 1112 2008 1145 in
2028 1111 2167 1146 Deum:
2187 1107 2242 1145 sed
2263 1111 2411 1145 timenti-

1475 1158 1537 1196 bus
1556 1157 1693 1208 poenam
1719 1157 1935 1196 absconditur
1954 1163 2077 1207 gratia.
2105 1158 2173 1196 Sub
2191 1171 2263 1207 quo
2282 1161 2411 1194 timore
2433 1169 2436 1171 ’

1474 1212 1586 1246 anima
1611 1207 1938 1258 laborans‚quand0
1955 1207 2265 1257 concupiscentiam
2286 1208 2412 1245 malam

1475 1259 1546 1295 non
1571 1260 1789 1303 vicerit,nec
1815 1261 1926 1297 timor
1948 1259 2006 1296 ille
2032 1258 2122 1307 quafi
2142 1258 2253 1296 custos
2278 1258 2412 1306 severus

1474 1306 1658 1346 abscesserit
1671 1334 1684 1352 ,
1695 1322 1758 1359 per
1783 1309 1887 1347 fidem
1896 1309 2072 1358 conflagrat
2082 1308 2124 1345 ad
2145 1307 2413 1347 misericordiam

1474 1362 1567 1402 Dei,
1591 1369 1630 1395 ut
1648 1357 1706 1396 det
1731 1360 1826 1408 quod
1853 1359 1967 1407 jubet,
1992 1371 2092 1408 atque
2119 1358 2275 1409 inspirata
2299 1362 2415 1409 gratia

1467 1409 1635 1447 suavitate
1655 1421 1718 1458 per
1735 1410 2064 1459 Spiritum-&ustum
2077 1434 2090 1454 ‚
2116 1410 2214 1447 faciat
2234 1408 2308 1458 plus
2325 1406 2416 1457 dele'-

1477 1463 1567 1497 eta-re
1578 1459 1684 1507 quod
1700 1459 1875 1509 praeeipit,
1901 1474 2003 1510 quam
2023 1461 2169 1497 delectat
2194 1459 2288 1508 quod
2309 1458 2416 1510 impe-

1476 1510 1536 1546 dit.
1559 1514 1609 1547 Ita
1621 1509 1729 1547 multa
1740 1511 1927 1549 multitudo
1938 1512 2130 1549 dulcedinis
2151 1508 2322 1557 ejus,hoc
2340 1507 2414 1552 est,

1475 1561 1532 1597 lex
1552 1560 1656 1603 fidei,
1681 1564 1801 1598 caritas
1827 1563 1895 1607 ejus
1912 1563 2110 1610 conscripta
2131 1564 2164 1597 in
2185 1559 2348 1597 cordibus
2367 1569 2416 1596 at-

1481 1624 1546 1661 que
1573 1609 1687 1649 diffusa
1708 1636 1720 1654 ,
1747 1605 1925 1661 perficitur
1951 1608 2161 1662 sperantibus
2188 1614 2221 1647 in
2246 1608 2413 1662 euml'sut

1487 1665 1598 1698 anima
1626 1660 1732 1698 sanata
1758 1662 1837 1698 non
1854 1666 2120 1712 timore'poenae
2145 1661 2200 1698 sed
2225 1661 2342 1697 amore
2364 1658 2416 1704 ‘iu-

1477 1711 1575 1748 stitiae
1601 1722 1764 1760 operetur
1784 1712 1943 1751 bonum.

1528 1761 1694 1799 Liberum
1721 1776 1806 1810 ergo
1825 1763 2009 1803 arbitrium
2025 1775 2239 1801 'evacuamus
2266 1764 2416 1815 persgra-
2451 1765 2596 1798 earu-r
2648 1760 2652 1783 ³·

2422 544 2537 578 Rom-6.
2545 554 2575 581 4.

1475 1814 1581 1848 tiam?
1607 1811 1704 1849 Abfit
1727 1827 1738 1848 τ
1763 1812 1816 1850 sed
1844 1813 1948 1862 magis
1974 1813 2124 1852 liberum
2149 1809 2415 1851 arbitrium‘sta-

1477 1866 1624 1899 tuimus.
1651 1866 1744 1899 Sicut
1765 1868 1857 1900 enim
1884 1865 1940 1902 lex
1966 1877 2028 1914 per
2049 1864 2175 1906 fldem,
2202 1863 2246 1900 fic
2267 1863 2415 1900 liberum

1475 1912 1667 1950 arbitrium
1684 1927 1745 1962 per
1771 1918 1913 1962 gratiam
1940 1915 2011 1951 'non
2040 1925 2246 1957 evacuatur,
2271 1912 2326 1950 sed
2353 1911 2415 1948 sta-

1475 1967 1583 2001 tuitur
1599 1991 1606 1999 .
1635 1967 1755 2011 Neque
1782 1969 1875 2001 enim
1902 1965 1958 2002 lex
1985 1965 2150 2014 impletur
2177 1989 2190 2008 ‚
2217 1963 2278 2000 nifi
2303 1961 2416 2000 libero

1476 2015 1638 2051 arbitrio:
1666 2013 1720 2050 sed
1748 2028 1810 2064 per
1837 2016 1948 2063 legem
1972 2018 2131 2064 cognitio
2157 2017 2287 2064 peccati
2313 2038 2326 2056 ‚
2350 2024 2416 2063 per

1476 2065 1579 2101 fidem
1607 2067 1808 2112 impetratio
1833 2070 1950 2113 gratiae
1977 2077 2097 2103 contra
2126 2073 2325 2115 peccatum,
2349 2074 2414 2111 per

1470 2119 1613 2163 gratiam
1636 2114 1764 2151 sanatio
1789 2119 1912 2151 animae
1935 2129 1953 2150 a
1973 2119 2064 2150 vitio
2092 2117 2220 2161 peccati
2235 2138 2247 2154 ‚
2274 2113 2414 2159 perani·

1471 2178 1535 2199 mae
1559 2164 1731 2198 finitatem
1758 2163 1896 2196 libertas
1920 2161 2077 2201 arbitrii,
2106 2173 2165 2207 per
2187 2159 2334 2196 liberum
2359 2172 2413 2196 ar-

1471 2211 1609 2244 bitrium
1638 2208 1772 2251 justitiae
1797 2203 1940 2244 dilectio
1966 2234 1978 2251 ,
2004 2222 2067 2258 per
2095 2208 2229 2251 iustitiae
2253 2208 2412 2245 dilefflo-

1471 2269 1549 2292 nem
1576 2256 1657 2304 legis
1678 2261 1852 2304 operatio.
1882 2261 1936 2293 Ac
1956 2271 2018 2304 per
2043 2257 2138 2300 hoc,
2162 2258 2244 2293 ficut
2263 2258 2319 2294 lex
2338 2270 2411 2293 non

1471 2316 1676 2347 evacuatur,
1703 2305 1757 2340 sed
1783 2305 1941 2342 statuitur
1969 2319 2031 2353 per
2058 2306 2162 2342 fidem
2182 2329 2194 2348 ,
2219 2309 2298 2354 quia
2325 2305 2409 2344 fides

1471 2360 1632 2405 impetrat
1657 2358 1825 2402 gratiam,
1850 2367 1915 2403 qua
1942 2355 1998 2390 lex
2026 2355 2231 2404 impleatur:
2258 2359 2303 2392 ita
2322 2355 2408 2392 libe-

1472 2419 1548 2442 rum
1575 2403 1754 2441 arbitrium
1775 2417 1845 2440 non
1872 2415 2054 2442 evacuatur
2081 2419 2143 2455 per
2158 2408 2326 2454 gratiam,
2351 2404 2408 2443 sed

1471 2455 1649 2496 statuitur,
1675 2458 1754 2501 quia
1773 2458 1880 2502 gratia
1901 2455 1989 2492 sanat
2010 2455 2249 2499 voluntatem,
2299 2469 2340 2493 ua
2358 2458 2408 2503 ju-

1469 2505 1558 2543 stitia
1575 2504 1681 2541 libere
1698 2503 1878 2552 diligatur·
1904 2508 2035 2544 Omnia
2052 2504 2125 2544 haec
2148 2519 2221 2556 quae
2242 2468 2338 2543 vglut
2354 2519 2407 2543 ca-

1468 2557 1609 2591 tenatim
1627 2556 1821 2598 connexui,
1846 2553 1975 2592 habent
1992 2568 2095 2595 voces
2117 2556 2186 2593 suas
2207 2559 2241 2592 in
2263 2555 2407 2605 scriptu·

1469 2605 1515 2642 ris
1534 2603 1669 2642 ancus.
1689 2608 1764 2641 Lex
1785 2605 1892 2647 dicit,
1904 2610 1985 2652 ‘Non
2004 2606 2218 2653 concupisces:
2238 2605 2336 2644 Fides
2353 2605 2405 2644 di·

1468 2659 1538 2698 cit,
1563 2662 1645 2692 Sana
1670 2658 1812 2692 animam
1837 2667 1966 2699 meam,
1992 2661 2140 2703 quoniam
2162 2659 2302 2702 peccavi
2315 2655 2404 2693 nisi.
2421 2664 2604 2704 Exodaouq.

1469 2709 1589 2744 Gratia
1614 2704 1719 2749 dicit,
1746 2710 1828 2742 Ecce
1846 2705 1943 2750 sanus
1955 2706 2064 2751 fastus
2089 2710 2143 2750 e's,
2164 2706 2237 2752 J'am
2257 2707 2320 2744 noli
2334 2716 2406 2754 pec·
2422 2705 2524 2745 PJT40·
2535 2715 2562 2741 5·

1469 2768 1563 2798 care,
1589 2767 1626 2791 ne
1650 2757 1726 2801 quid
1751 2755 1812 2793 tibi
1835 2757 1972 2793 deterius
1997 2760 2176 2803 contingat.
2204 2759 2330 2794 Sanitas
2354 2756 2405 2794 di-
2414 2747 2536 2822 Ῐὸζῖ·
2555 2756 2604 2784 ¹4-

1470 2810 1539 2848 cit‚
1565 2809 1696 2842 Domine
1712 2812 1798 2842 Deus
1822 2818 1910 2842 meus
1935 2807 2127 2844 exclamavi
2150 2809 2193 2844 ad
2209 2815 2264 2850 te,
2289 2808 2333 2845 θ’
2352 2806 2405 2852 sa-
2421 2794 2561 2863 Ps'sngt:

1472 2855 1549 2900 nafti
1573 2867 1620 2891 me
1639 2882 1646 2890 .
1674 2853 1836 2891 Liberum
1864 2854 2045 2893 arbitrium
2071 2857 2156 2894 dicit
2183 2882 2196 2900 ,
2221 2858 2403 2894 Voluntarie
2421 2865 2601 2902 Pl·118·85·

1467 2903 1647 2951 sacrificabo
1671 2904 1747 2941 tibi·
1771 2905 1930 2942 Dileffio
1947 2906 2081 2952 justitiae
2098 2907 2204 2950 dicit,
2227 2906 2404 2952 Narravi·-

1470 2966 1544 2993 runt
1568 2955 1652 2992 mihi·
1667 2953 1771 3002 injusti
1793 2955 2010 2993 delectationes
2034 2982 2047 3001 ,
2074 2957 2132 3002 sed
2154 2969 2213 2993 non
2233 2954 2314 3000 ficut
2332 2956 2404 2993 ‘lex-

1470 3017 1550 3048 tua,
1574 3007 1723 3050 Domine.
1750 3008 1801 3042 Ut
1819 3006 1903 3053 quid
1921 3019 2005 3055 ergo
2024 3005 2135 3043 miseri
2159 3004 2319 3041 homines
2345 3012 2404 3042 aut

1474 3057 1515 3092 de
1541 3053 1653 3091 libero
1678 3053 1825 3091 arbitrio
1850 3056 1977 3092 audent*
1998 3054 2169 3103 superbire
2194 3065 2270 3092 ante
2297 3067 2402 3103 quam

1473 3105 1683 3147 liberentur,
1709 3116 1764 3141 aut
1790 3106 1831 3141 dc
1858 3104 2073 3142 suis'viribus
2091 3130 2103 3147 ,
2129 3105 2151 3141 fi
2178 3107 2242 3149 jam
2269 3103 2404 3143 liberati

1475 3156 1570 3193 sunt?
1596 3158 1671 3192 Nec
1697 3154 1882 3191 adtendunt
1907 3159 1940 3190 in
1968 3154 2042 3201 ipso
2069 3158 2208 3191 nomine
2234 3154 2332 3192 liberi
2352 3168 2404 3192 ar·

1473 3206 1568 3243 bitrii
1593 3207 1711 3252 utique
1732 3204 1920 3241 libertatem
1947 3202 2083 3241 sonare.
2110 3205 2180 3242 vbi
2204 3217 2318 3242 autem
2340 3204 2404 3252 sp't'·

1473 3259 1554 3293 ritus
1572 3258 1719 3297 Domini,
1744 3254 1787 3290 ihi
1803 3253 1949 3289 libertas.
1976 3257 2009 3290 Si
2028 3267 2112 3303 ergo
2131 3254 2217 3292 servi
2234 3255 2310 3293 fimt
2329 3266 2403 3303 pec·
2422 3255 2603 3296 ²·<3⁰¹'-3·¹7·

1475 3307 1565 3346 cati,
1590 3304 1673 3351 quid
1693 3304 1723 3340 se
1740 3305 1868 3350 >jactant
1893 3303 1934 3339 de
1954 3303 2067 3341 libero
2091 3304 2260 3342 arbitrio?
2285 3311 2326 3344 ,Α
2343 3318 2403 3351 quo

1476 3359 1556 3392 enim
1581 3356 1651 3398 quis
1675 3352 1820 3390 devians
1845 3352 1885 3396 esi
1911 3379 1923 3395 ,
1956 3355 2027 3390 huic
2053 3357 2098 3393 ὁ·
2118 3355 2234 3399 servus
2254 3355 2403 3392 'addictus

1477 3403 1535 3447 est.
1562 3407 1593 3439 Si
1620 3414 1730 3440 autem
1750 3401 1883 3438 liberati
1910 3402 2006 3447 sunt,
2033 3405 2117 3454 quid
2142 3403 2173 3441 se
2194 3407 2317 3451 jastant
2342 3419 2402 3442 ve-

1478 3455 1528 3490 lut
1553 3452 1594 3488 de
1620 3465 1724 3501 opere
1750 3456 1917 3500 proprio,
1941 3458 1976 3490 &
1999 3454 2190 3501 gloriantur
2215 3455 2304 3504 quali
2331 3468 2401 3492 non

1479 3506 1669 3550 acceperint
1694 3503 1707 3537 ἓ
1732 3505 1789 3538 An·
1817 3506 1860 3538 ita
1886 3502 1959 3540 sunt
1986 3504 2083 3540 liberi
2111 3530 2124 3548 ,
2149 3515 2187 3542 ut
2214 3519 2275 3542 nec
2301 3506 2402 3542 illum

1474 3553 1582 3590 velint
1600 3550 1725 3588 habere
1744 3554 1961 3596 Dominum,
1986 3557 2046 3602 qui
2066 3557 2112 3591 eis
2136 3554 2335 3599 dicit,'8ine
2350 3567 2402 3592 me
2417 3574 2555 3610 som-¹5,
2572 3581 2599 3607 5·

1472 3602 1549 3640 nihil
1563 3600 1688 3647 potestis
1705 3601 1830 3646 facere:
1855 3607 1911 3646 δε,
1936 3607 1971 3641 Si
1994 3617 2055 3641 vos
2079 3605 2178 3642 Filius
2192 3605 2403 3648 liberaverit,
2415 3613 2536 3648 μηδ.
2550 3618 2599 3650 3⁶·

1477 3660 1552 3689 tunc
1576 3663 1654 3687 vere
1677 3649 1767 3689 liberi
1790 3654 1900 3690 eritis?

1533 3705 1673 3747 Quaeret
1698 3702 1819 3749 aliquis
1846 3728 1856 3745 ‚
1891 3714 2005 3741 utrum
2032 3704 2114 3742 fides
2140 3705 2208 3754 ipsa
2236 3707 2309 3748 ‚in
2335 3718 2401 3754 qua
2438 3701 2579 3735 CAPUT

1478 3752 1592 3806 salutis
1608 3751 1662 3786 vei
1689 3751 1731 3787 ad
1747 3751 1885 3790 salutem
1911 3759 2135 3792 connexionis
2151 3755 2272 3801 hujus,
2298 3767 2401 3804 quam
2422 3743 2594 3813 Ffflffssht

1481 3805 1754 3839 commemoravi
1776 3827 1788 3845 ,
1812 3801 1873 3840 effe
1899 3804 2034 3842 videtur
2058 3805 2262 3848 exordium,
2289 3809 2324 3841 in
2340 3817 2400 3842 no·
2423 3824 2453 3853 in
2482 3822 2578 3851 nostra

2286 3854 2354 3892 stra
2422 3862 2565 3902 potestate
2575 3884 2584 3893 .

2434 1849 2546 1886 Rom.3.
2557 1854 2574 1885 3
2581 1853 2609 1877 [ο

2421 3335 2599 3372 &Petra-19.

2473 1805 2597 1838 XXX·
2650 1829 2652 1835 ,
