2652 4126
525 278 606 324 ΕΤ
648 264 915 325 H1STOR·
956 262 1244 324 SEMIPEL·
1283 280 1502 327 LUCEM
1547 282 1910 328 AFFERUNT·

291 363 438 396 mentem
462 358 607 397 divinam
631 363 772 397 omnino
796 358 1034 399 immutabilem
1048 359 1222 404 cuiuslibet

290 407 461 446 infinitatis
485 421 658 456 capacem,
683 413 717 446 δι
744 413 915 449 innumera
939 414 1052 449 omnia
1079 411 1145 449 sme
1167 423 1223 447 co-

289 460 458 505 gitationis
480 458 693 496 alternatione
719 471 969 503 numerantem,
992 461 1033 498 de
1044 460 1096 499 su‘a
1107 459 1222 499 huma-

289 520 354 550 na,
378 507 551 554 mutabili,
575 507 774 561 angustaque
799 513 1000 550 metiuntur.
1027 513 1074 550 Et
1091 511 1132 550 fit
1157 510 1221 548 illis

114 578 274 610 meanto.
289 558 384 609 quod
407 562 453 597 ait
477 556 689 611 Apostolus:
727 561 959 607 comparantes
993 559 1076 595 enim
1095 558 1222 605 semeri.

115 628 161 649 n·
286 606 361 654 psos
378 605 608 653 sibimetipsis,
634 619 693 641 non
719 608 926 655 intelligunt,
954 612 1042 649 Nam
1066 613 1144 661 quia
1157 609 1220 648 illis

288 657 455 709 quidquid
482 660 562 695 novi
589 657 774 697 faciendum
799 663 890 699 venit
916 663 949 696 in
971 671 1139 706 mentem,
1162 672 1220 696 no·

289 719 337 744 vo
359 706 501 746 consilio
526 707 650 748 faciunt
670 734 683 752 ,
706 714 724 758 (
749 708 922 748 mutabiles
946 712 1070 758 quippe
1095 721 1219 749 mentes

288 768 428 804 gerunts
452 758 469 799 )
495 757 650 805 profecto
675 772 743 797 non
770 762 884 799 Deum
903 784 915 805 ,
948 771 1051 808 quem
1075 763 1219 807 cogitare

287 819 358 845 non
385 805 534 894 plofluntt
558 807 613 845 sed
638 808 825 856 semetipsos
853 822 916 858 pro
942 809 1002 845 illo
1025 813 1217 854 cogitantes,

287 869 354 894 non
379 861 499 902 ium,
524 856 579 895 sed
604 857 635 894 se
660 859 772 908 ipsos,
797 872 856 897 nec
881 859 953 903 illi,
978 858 1033 896 sed
1059 858 1217 898 sibicom·

287 919 421 954 parant.
448 906 559 946 Nobis
582 918 692 947 autem
717 909 763 948 sas
787 922 856 947 non
881 909 927 946 est
944 909 1098 951 credere,
1123 908 1217 948 aliter

285 959 400 997 Deum
425 956 511 997 affici
546 971 624 996 cum
650 970 740 998 vacat
759 985 770 1001 ‚
803 958 897 1000 aliter
921 971 998 997 cum
1022 956 1180 1007 operatur
1204 973 1216 999 ε

286 1011 365 1056 quia
390 1020 450 1044 nec
473 1007 560 1046 affici
587 1009 745 1047 dicendus
769 1008 816 1049 est
835 1035 848 1054 ‚
875 1020 1047 1058 tamquam
1082 1012 1114 1045 in
1148 1011 1217 1054 ejus

286 1069 403 1096 natura
427 1058 486 1097 fiat
509 1058 633 1106 aliquid
647 1085 657 1099 .
682 1060 775 1107 quod
799 1070 872 1098 ante
897 1071 964 1095 non
989 1058 1106 1096 fuerit.
1134 1061 1217 1096 Pati-

160 1151 166 1156 ,
287 1119 344 1145 tur
369 1111 495 1156 quippe
520 1112 578 1160 qui
605 1108 767 1152 afficitur,
801 1114 835 1147 δι
861 1107 1019 1148 mutabile
1043 1108 1090 1148 est
1114 1120 1216 1146 omne

108 1150 166 1219 ΡΞ*
189 1161 271 1220 ’1ξῦ-
287 1157 379 1209 quod
404 1157 527 1207 aliquid
554 1161 677 1205 patitur
696 1185 705 1195 .
739 1163 822 1199 Non
847 1162 956 1208 itaque
980 1162 1012 1194 in
1035 1160 1103 1200 eius
1128 1170 1216 1195 vaca-

109 1200 197 1266 olpoerz
213 1232 270 1263 fine
287 1212 379 1245 tione
402 1211 567 1254 cogitetur
592 1212 742 1255 ignavia,
775 1208 893 1246 defidia
912 1233 925 1253 ,
958 1212 1072 1245 inertia
1093 1221 1103 1248 3
1135 1207 1216 1244 ficut

106 1269 231 1304 desidia.
284 1270 347 1295 nec
372 1261 405 1294 in
431 1259 612 1308 ejusopere
622 1258 737 1302 labor,
762 1269 896 1297 conatus
905 1258 1115 1302 ,industria
1141 1261 1215 1295 No·

285 1311 334 1345 vit
359 1307 527 1358 quiescens
552 1319 670 1356 agere,
695 1313 730 1348 δι
753 1320 851 1356 agens
874 1306 1037 1355 quiescere
1056 1331 1065 1342 .
1100 1305 1214 1347 Potest

282 1358 324 1395 ad
349 1370 435 1405 opus
459 1367 703 1402 novum,inon
728 1370 873 1400 novum,
899 1358 954 1394 sed
980 1357 1214 1404 sempiternum

281 1405 442 1445 adhibere
466 1407 668 1448 consiliums
703 1420 760 1447 nec
798 1408 987 1456 paenitendo
1019 1410 1096 1456 quia
1122 1410 1213 1455 prius

281 1456 473 1501 cessaverat,
496 1460 601 1505 coepit
626 1457 732 1495 facere
757 1458 849 1508 quod
874 1470 942 1494 non
969 1457 1087 1495 fecerat
1107 1484 1115 1493 .
1150 1456 1214 1494 Sed

280 1511 316 1545 δι
339 1508 364 1545 fi
389 1512 478 1556 prius
502 1506 630 1544 ceffavit
653 1533 664 1548 ,
679 1539 682 1541 ,
700 1512 735 1546 &
771 1507 930 1556 posterius
955 1519 1109 1554 operatus
1133 1506 1180 1545 est
1201 1531 1215 1549 ‚

281 1559 301 1605 (
319 1559 414 1607 quod
440 1557 550 1594 nescio
574 1558 860 1609 quemadmodum
886 1557 927 1595 ab
951 1557 1089 1595 homine
1116 1557 1216 1605 possit

280 1607 419 1656 intelligi
444 1608 460 1651 )
484 1606 554 1645 hoc
580 1607 803 1656 proculdubio
827 1608 920 1659 quod
946 1607 1067 1645 dicitur
1085 1632 1098 1651 ,
1126 1609 1215 1655 prius

281 1663 316 1696 δι
343 1658 526 1706 posterius,
551 1660 586 1696 in
611 1656 708 1696 rebus
734 1662 823 1706 prius
849 1671 917 1695 non
942 1655 1213 1696 exfistentibus&

281 1708 444 1759 posterius
469 1706 692 1745 exsistentibus
716 1708 779 1745 fuit
799 1732 808 1743 .
843 1712 883 1747 In
916 1707 975 1744 illo
1008 1718 1119 1745 autem
1145 1719 1215 1743 non

282 1759 416 1797 alteram
453 1758 694 1805 praecedentem
719 1758 819 1797 altera
853 1757 1214 1806 subsequensmutavit

281 1819 340 1847 aut
362 1807 495 1846 abstulit
520 1807 746 1851 voluntatem,
773 1807 827 1847 sed
853 1820 917 1846 una
941 1807 1120 1856 eademque
1136 1805 1213 1843 sem·

282 1862 414 1908 piterna
436 1861 472 1896 δι
499 1857 699 1895 immutabili
725 1858 896 1897 voluntate
918 1869 970 1894 res
994 1856 1211 1904 qua32condi·

281 1909 354 1951 dit,
370 1914 414 1947 ·&
438 1918 477 1946 ut
502 1911 593 1958 prius
618 1921 687 1944 non
714 1906 812 1948 ess'ent
837 1911 924 1955 egit,
949 1920 1049 1955 quam
1075 1906 1211 1944 diu-non

282 1959 437 2002 suerunt,
463 1961 498 1995 &
522 1968 561 1996 ut
587 1958 747 2007 posterius
771 1956 889 1999 essent,
915 1957 1047 2009 quando
1072 1954 1133 1993 effe
1143 1970 1212 1993 coe·

327 2020 429 2046 runt:
453 2007 533 2044 hinc
559 2011 689 2056 eisqui
715 2008 790 2046 talia
815 2008 928 2045 videre
938 2004 1092 2055 possunt,
1111 2009 1213 2045 „mira-

306 2058 393 2095 iliter
417 2058 557 2095 fiartaffis
580 2057 755 2095 ostendeus
774 2083 784 2099 ,
818 2070 917 2106 quam
949 2069 1018 2093 non
1053 2059 1100 2095 eis
1124 2056 1212 2097 indi-

279 2113 409 2154 guerit,
433 2108 487 2143 sed
512 2118 564 2142 eas
587 2107 885 2152 gratuitabonitate
903 2106 1111 2149 condiderit,
1135 2118 1214 2144 cum

279 2156 346 2193 fine
371 2156 436 2194 illis
461 2167 501 2192 ex
518 2159 706 2190 -aeternitate
729 2158 830 2190 initio
854 2168 983 2194 carente
1008 2159 1043 2192 in
1069 2168 1138 2192 non
1151 2159 1212 2193 mi-

279 2216 362 2245 nore
387 2205 540 2246 beatiore
563 2201 796 2252 pennanserit.
1163 2226 1165 2228 -

352 2471 419 2507 ,Ex
432 2467 518 2504 libro
536 2465 628 2506 XIV.
646 2466 785 2553 eizsdem
804 2466 846 2501 de
864 2464 1017 2500 civitam
1032 2461 1117 2499 Dei,
1144 2468 1148 2484 2

383 2528 385 2531 ·
661 2528 678 2551 c
696 2524 768 2565 pue
786 2527 821 2560 4.

308 2655 405 2700 Quid
421 2653 470 2700 fit
483 2653 658 2703 secundum
677 2649 852 2690 hominem,
878 2631 1002 2694 qusdve
1014 2631 1187 2694 secundun·

610 2702 716 2740 Deum
738 2700 890 2734 vivere?

336 2878 339 2881 ·
370 2858 448 2895 ὈΜ
472 2868 554 2903 ergo
577 2856 661 2891 vivit
684 2851 794 2889 homo
821 2849 1002 2887 secundum
1025 2845 1211 2891 hominem,

283 2861 369 2949 C
395 2920 463 2943 non
489 2905 666 2943 secundum
691 2905 804 2939 Deum
818 2926 835 2945 ,
855 2899 965 2936 fimilis
989 2897 1035 2934 est
1058 2895 1205 2933 diabolo.

280 2961 372 3006 Qia
397 2969 457 2993 nec
480 2955 602 3003 angelo
625 2952 802 2991 secundum
827 2949 1001 2996 angelum,
1025 2947 1078 2983 sed
1098 2946 1206 2982 secun-

279 3008 364 3045 dum
391 3010 504 3045 Deum
530 3004 710 3041 vivendum
737 3002 823 3044 suit,
847 3011 886 3037 ut
909 2998 1006 3034 staret
1030 3000 1063 3032 in
1081 2998 1206 3032 ,verita-

279 3068 335 3101 te,
359 3061 393 3095 &
419 3059 590 3094 veritatem
615 3054 657 3090 de
683 3052 768 3088 illius
786 3075 799 3092 ,
831 3062 901 3086 non
925 3049 972 3084 de>
991 3046 1051 3084 suo
1076 3045 1205 3082 menda-

280 3109 370 3143 cium
394 3106 607 3154 loqueretur.
636 3107 723 3141 Nam
747 3105 782 3138 &
806 3099 849 3136 de
872 3097 1011 3150 homine
1035 3096 1101 3133 alio
1125 3095 1204 3150 loco

280 3156 369 3194 idem
394 3154 577 3203 Apostolus
600 3157 648 3190 ait
665 3178 676 3194 ,
710 3151 751 3185 Si
776 3158 881 3184 autem
915 3155 1040 3181 vernas
1074 3146 1140 3179 Der
1165 3157 1202 3178 m

281 3216 350 3239 meo
378 3204 542 3239 mendacio
567 3200 751 3236 abundavit
770 3229 781 3238 ,
812 3201 931 3238 Meum
963 3197 1049 3233 dixit
1071 3195 1204 3231 menda-

280 3260 392 3299 cium,
418 3257 590 3292 veritatem
615 3254 707 3289 Dei.
740 3254 830 3288 Cum
857 3252 965 3296 imque
990 3249 1072 3283 vivit
1096 3243 1204 3281 homo

278 3305 458 3343 secundum
484 3306 654 3339 veritatem
670 3326 684 3344 ,
717 3313 785 3336 non
819 3302 900 3335 vivit
924 3296 1103 3334 secundum
1127 3294 1206 3341 stip·

279 3355 370 3397 sum,
395 3354 448 3392 sed
474 3352 655 3391 secundum
678 3354 789 3389 Deum
811 3373 820 3383 .
854 3351 945 3386 Deus
970 3345 1015 3383 est
1037 3348 1123 3384 enim
1148 3349 1206 3391 qui

100 3420 265 3458 Jvan.i4.6.
278 3405 386 3450 dixit,
410 3405 481 3449 Ego
502 3402 571 3447 sum
598 3400 740 3434 veritas.
764 3403 854 3436 Cum
882 3409 963 3432 vero
987 3398 1079 3431 vivit«
1096 3394 1203 3432 secun-

281 3455 363 3491 dum
389 3453 524 3501 seipsum
542 3477 569 3495 ,-
590 3449 665 3488 hoe
681 3449 728 3486 est
745 3474 758 3493 ‚
790 3447 968 3485 secundum
993 3444 1167 3483 hominem
1193 3468 1204 3485 ‚

281 3514 351 3541 non
378 3503 556 3541 secundum
581 3503 717 3543 Deum,
741 3498 894 3548 ρτοΐτᾶο
921 3495 1095 3534 secundum
1116 3506 1204 3531 men·

279 3555 412 3591 dacium
437 3556 548 3589 vivit:
584 3562 651 3587 non
675 3552 752 3596 quia
776 3546 883 3584 horno
908 3546 974 3593 ipse
999 3545 1206 3582 mendacium

281 3604 351 3647 est,
377 3616 453 3640 cum
478 3602 516 3638 fit
542 3602 610 3646 eius
636 3601 750 3636 austor-
768 3601 810 3635 ,δι
836 3607 963 3634 creator
981 3597 1080 3632 :Deus
1100 3618 1111 3635 ‚
1144 3596 1204 3639 qui

281 3667 351 3691 non
379 3652 425 3690 est
450 3656 564 3700 utique
589 3651 705 3687 aurstor
728 3658 921 3693 creatorque
946 3645 1125 3685 mendacii‚·
1149 3642 1204 3681 sed

281 3708 357 3754 quia
380 3703 488 3739 homo
512 3705 555 3738 ita
579 3700 683 3737 faetus
706 3696 751 3733 est
776 3696 883 3732 rectus
902 3719 914 3738 ,
937 3705 974 3732 ut
998 3705 1066 3730 non
1092 3693 1200 3730 secun·

282 3755 364 3791 dum
388 3751 527 3799 seipsum
544 3776 556 3794 ,
582 3749 635 3786 sed
660 3746 836 3784 secundum
860 3758 936 3782 eum
961 3757 978 3780 a
1002 3755 1073 3791 quo
1097 3742 1202 3778 faetus

282 3803 351 3847 est,
378 3806 520 3839 viveretr
545 3799 580 3836 id
606 3797 674 3840 est,
707 3795 793 3832 illius
819 3798 929 3843 potius
945 3819 958 3837 ‚
991 3805 1090 3840 quam
1114 3790 1199 3829 suam

281 3853 400 3891 faceret
425 3851 650 3888 voluntatem:
675 3859 742 3884 non
754 3857 861 3884 autem
873 3848 915 3881 ita
933 3847 1063 3887 vivere,
1086 3853 1199 3889 quem-

102 3183 184 3214 Rom.
198 3190 226 3220 3·
235 3190 266 3219 7.

1278 362 1460 402 admodum
1486 363 1587 401 fidius
1611 362 1657 401 est
1682 375 1719 400 ut
1747 366 1895 406 viveret,
1923 362 1989 400 hoc
2014 364 2081 409 est,
2114 380 2206 404 men-
2258 403 2260 407 ,

1278 411 1428 449 dacium.
1454 415 1572 452 Beatus
1597 417 1722 463 quippe
1738 413 1821 452 ‘vult
1846 412 1923 454 effe,
1949 416 2046 451 etiam
2072 424 2140 452 non
2161 419 2203 454 fic

1279 462 1426 502 vivendo
1451 475 1488 500 ut
1515 464 1611 511 possit
1636 463 1695 500 esse
1713 491 1721 500 .
1760 464 1855 507 Quid
1881 464 1927 500 est
1952 463 2008 501 ista
2034 465 2201 504 voluntate

1279 512 1489 550 mendacius?
1512 513 1615 553 Unde
1640 526 1707 549 non
1733 512 1849 551 flustra
1873 514 1936 550 dici
1963 514 2069 563 potest
2086 540 2097 557 ,
2128 528 2200 552 om-

1279 573 1320 597 ne
1345 574 1516 608 peecatum
1541 562 1598 600 esre
1624 563 1848 602 mendacium.
1875 567 1954 602 Non
1981 567 2065 601 enim
2077 565 2116 601 fit
2127 578 2201 614 pec-

1278 622 1409 652 catum,
1435 612 1492 649 nifi
1517 626 1554 649 ea
1578 612 1773 656 voluntate,
1798 626 1862 660 qua
1881 614 2033 652 volumus
2059 626 2096 651 ut
2117 614 2199 651 bene

1278 660 1316 697 fit
1342 660 1457 704 nobis,
1482 662 1534 700 vel
1560 662 1715 700 nolumus
1734 674 1772 699 ut
1798 662 1881 700 male
1905 661 1943 700 fit
1969 663 2079 700 nobis.
2107 667 2199 712 Ergo

1276 711 1485 750 mendacium
1509 711 1577 755 est,
1610 712 1703 760 quod
1726 724 1804 750 cum
1830 712 1889 750 fiat
1911 723 1948 749 ut
1971 712 2053 750 bene
2078 714 2117 750 fit
2141 728 2199 750 no-

1275 758 1345 802 bis,
1370 759 1450 800 hinc
1478 766 1585 809 potius
1610 762 1693 801 male
1717 760 1764 798 est
1783 761 1885 799 nobis
1906 775 1919 803 ,-
1952 763 2005 799 vel
2038 775 2116 802 cum
2141 764 2198 801 fiat

1275 819 1313 847 ut
1338 810 1453 848 melius
1477 812 1515 850 sit
1539 811 1653 853 nobit,
1678 811 1756 849 hinc
1783 816 1892 859 potius
1919 814 2008 860 pejus
2034 811 2195 854 estnobis.

1275 860 1371 898 Unde
1396 859 1464 900 hoc
1483 887 1495 904 ,
1529 861 1587 898 nifi
1619 865 1695 911 quia
1719 861 1761 898 de
1787 865 1864 900 Deo
1889 862 1996 911 potest
2031 862 2112 900 bene
2138 862 2198 900 ess'e

1275 907 1428 953 homini,
1453 924 1553 958 quem
1576 911 1800 963 delinquendo
1824 911 1963 954 deserit,
1989 924 2056 949 nou
2080 913 2122 949 de
2147 916 2196 962 ip·

1275 956 1333 1001 so,
1361 958 1540 999 secundum
1566 974 1664 1009 quem
1690 961 1836 998 videndo
1859 961 2039 1009 delinquit.

1324 1010 1431 1053 Quod
1457 1014 1566 1058 itaque
1589 1012 1735 1049 diximus
1753 1035 1765 1053 ‚
1798 1009 1876 1048 hinc
1900 1011 2047 1048 exstitiffe
2073 1015 2199 1052 Civita-

1275 1068 1323 1096 tes
1348 1059 1427 1096 duas
1451 1059 1592 1097 diversas
1618 1064 1704 1097 inter
1714 1061 1743 1098 se
1758 1070 1856 1107 atque
1880 1065 2079 1103 contrarias,
2104 1062 2198 1107 quod

1273 1109 1328 1148 alii
1355 1109 1535 1150 secundum
1559 1123 1692 1148 carnem
1711 1135 1723 1153 ,
1758 1109 1811 1146 alii
1847 1109 2024 1146 secundum
2050 1110 2198 1158 spiritum

1251 1157 1445 1198 ‘viverent3
1472 1160 1578 1207 potest
1601 1164 1699 1197 etiam
1724 1158 1787 1197 isto
1812 1159 1915 1194 modo
1938 1158 2002 1195 dici
2029 1160 2120 1206 quod
2146 1160 2198 1199 alii

1275 1207 1455 1248 secundum
1478 1208 1652 1250 hominem
1670 1235 1682 1253 ,
1714 1210 1768 1249 alii
1806 1208 1984 1245 secundum
2010 1212 2124 1249 Deum
2151 1214 2198 1247 vi-

1275 1269 1373 1303 vant,
1397 1263 1463 1296 &m

1273 1475 1323 1510 Ex
1345 1472 1532 1510 Encbin‘dio
1551 1472 1689 1518 ejusdem
1708 1471 1748 1505 de
1756 1471 1848 1516 fide,
1867 1472 1924 1518 spe
1952 1469 1997 1505 Θ·
2015 1471 2196 1508 charitate.

1571 1534 1639 1570 cap.
1659 1523 1753 1561 crx.
1773 1521 1816 1556 o·
1834 1523 1910 1562 cx,

1365 1661 1522 1698 EMPUS
1547 1669 1654 1695 autem
1679 1658 1771 1705 quod
1782 1655 1864 1694 inter
1875 1655 2024 1697 hominis
2033 1668 2199 1700 mortem,
2214 1670 2259 1701 «c
2268 1681 2287 1701 Α
2297 1681 2312 1701 1,
2327 1682 2345 1702 U
2355 1683 2374 1703 ·r

1389 1714 1422 1747 &
1448 1710 1598 1747 ultimam
1609 1708 1882 1747 resurrectionem
1890 1709 2119 1760 interpositum
2129 1707 2198 1750 est,
2254 1710 2335 1756 CIX.

1271 1763 1392 1797 animas
1417 1759 1537 1796 abditis
1563 1758 1775 1806 receptaculis
1800 1762 1948 1796 continet
1965 1785 1979 1804 ‚
2013 1759 2095 1796 ficut
2120 1751 2338 1803 ηοω-ΛΜΝ·

1270 1821 1411 1858 quaeque
1437 1809 1535 1854 digna
1560 1807 1605 1844 est
1630 1807 1685 1843 vel
1710 1810 1823 1853 requie
1847 1807 1900 1843 vel
1923 1820 2068 1845 aerumna
2086 1832 2099 1849 ,
2137 1819 2200 1853 pro
2215 1799 2375 1860 “{Z‘cgfce‘

1271 1872 1312 1895 eo
1336 1859 1431 1907 quod
1457 1855 1638 1897 sortita-est
1665 1860 1698 1893 in
1724 1867 1902 1894 carnetum
1929 1861 2074 1894 viveret.
2099 1854 2120 1877 *
2166 1869 2201 1892 e·
2216 1839 2335 1900 guarel

1270 1922 1337 1956 que
1361 1911 1449 1945 enim
1482 1907 1668 1955 negandum
1703 1905 1751 1944 est
1770 1931 1780 1948 ‚
1800 1906 2046 1945 -defunecorum
2080 1909 2200 1942 animas
2220 1909 2372 1940 surrectio-

1273 1963 1398 2006 pietate—
1420 1959 1555 1996 suorum
1582 1959 1765 1995 viventium
1793 1955 1943 1999 relevari,
1968 1970 2047 1993 cum
2074 1967 2142 2001 pro
2161 1955 2197 1990 il·
2215 1958 2300 2006 20¹¹*-

1272 2009 1311 2045 lis
1337 2008 1534 2047 sacrificium
1559 2007 1753 2044 Mediatoris
1778 2005 1916 2042 offertur
1935 2032 1948 2049 ‚
1981 2005 2033 2042 vel
2058 2004 2198 2041 eleemo-
2241 1989 2376 2061 nggur

1272 2060 1418 2109 synae'in
1443 2057 1586 2095 Ecclesia
1612 2055 1697 2093 fiunt
1717 2082 1726 2092 .
1762 2056 1822 2092 Sed
1855 2058 1900 2090 eis
1926 2054 1998 2092 haec
2026 2053 2163 2102 prosunt
2185 2076 2198 2097 ,
2216 2053 2330 2102 Sacrifis

1270 2113 1330 2156 qui
1356 2122 1437 2145 cum
1463 2111 1609 2146 viverent
1630 2131 1642 2148 ,
1675 2116 1713 2142 ut
1748 2104 1816 2142 haec
1842 2104 1917 2142 sibi*
1940 2104 2048 2154 postea
2074 2101 2199 2152 possent
2215 2111 2376 2141 ciumalta-

1271 2155 1446 2207 prodesse,
1470 2168 1682 2194 meruerunt.
1707 2155 1768 2192 Est
1794 2159 1879 2193 enim
1903 2155 2040 2202 quidam
2066 2154 2197 2199 vivendi
2215 2152 2375 2181 ris&eiee-

1272 2210 1412 2249 modus,
1438 2220 1499 2243 nec
1525 2218 1593 2242 tam
1618 2205 1726 2244 bonus
1751 2218 1788 2242 ut
1812 2217 1878 2242 non
1905 2207 2048 2253 requirat
2058 2202 2117 2240 ista⁴
2217 2193 2346 2260 ‘'²⁰¹3'‘ssae

1272 2267 1437 2294 mortem:
1463 2267 1524 2290 nec
1542 2266 1606 2291 tam
1617 2254 1737 2295 malus,
1763 2266 1801 2290 ut
1810 2257 1914 2290 nonei
1927 2253 2051 2300 prosint
2061 2252 2116 2289 ista
2126 2251 2200 2301 post
2216 2241 2375 2308 52,quss

1273 2315 1442 2345 mortem,
1467 2302 1512 2338 est
1538 2315 1620 2340 vero
1645 2302 1716 2340 talis
1742 2306 1775 2338 in
1802 2302 1915 2342 bono,
1941 2314 1979 2341 ut
2003 2301 2060 2340 ista
2073 2314 2200 2340 nonre-
2218 2320 2299 2340 renus
2321 2310 2351 2340 ἂ

1271 2358 1400 2403 ςυίηῑῐ
1427 2356 1461 2388 &
1487 2351 1532 2388 est
1557 2351 1666 2391 rursus
1692 2351 1762 2387 talis
1788 2356 1818 2387 in
1845 2352 1933 2388 malo
1956 2377 1966 2393 ‚
2003 2362 2040 2388 ut
2065 2364 2123 2388 nec
2148 2350 2199 2389 his
2216 2351 2320 2392 quibus

1270 2404 1376 2439 valeat
1394 2428 1406 2444 ,
1442 2413 1522 2436 cum
1546 2413 1588 2436 ex
1614 2400 1677 2435 hac
1702 2404 1766 2435 vita
1792 2401 1953 2435 transierit
1971 2424 1983 2441 ,
2016 2401 2159 2445 adjuvari
2185 2391 2339 2444 ,prosinn

1271 2454 1438 2498 Quocirca
1465 2448 1522 2484 hic
1553 2461 1654 2486 omne
1678 2452 1830 2486 meritum
1855 2459 2063 2495 comparatur
2080 2473 2093 2491 ,
2126 2461 2197 2497 quo

1271 2502 1370 2550 poffit
1396 2496 1471 2546 post
1495 2496 1580 2535 hanc
1606 2500 1706 2535 vitam
1734 2497 1867 2537 relevari
1893 2498 2052 2545 quispiam
2063 2497 2196 2546 velgra-

1273 2547 1359 2587 vari.
1394 2550 1508 2586 Nemo
1533 2546 1563 2583 se
1588 2558 1695 2585 autem
1722 2548 1827 2595 speret
1846 2572 1858 2590 2
1890 2547 1981 2595 quod
2008 2546 2064 2586 hic
2089 2548 2196 2594 negle-

1273 2603 1380 2642 xerit,
1406 2609 1483 2635 cum
1493 2595 1633 2639 obierit,
1657 2597 1744 2644 apu'd
1767 2600 1876 2635 Deum
1888 2599 2088 2643 promereri.
2114 2600 2194 2634 Non

1273 2654 1374 2698 igitur
1391 2646 1469 2689 ista,
1494 2659 1568 2692 quoe
1587 2659 1649 2694 pro
1666 2647 1831 2686 defunctis
1849 2646 2120 2683 commendandis
2131 2646 2192 2684 fre·
2234 2659 2237 2663 '

1271 2709 1408 2749 quentat
1427 2695 1590 2737 Ecclefia,
1605 2696 1664 2734 -illi
1683 2696 1884 2744 Apostolicae
1903 2695 1976 2736 sunt
1984 2696 2115 2734 adversa
2125 2695 2192 2737 sen·
2211 2704 2368 2741 Rom.14.10

1272 2752 1403 2791 tentiae,
1426 2759 1490 2793 qua
1506 2745 1631 2783 difium
1648 2746 1714 2784 est:
1739 2747 1854 2782 Omnes
1883 2745 1965 2780 enim
1994 2743 2192 2789 adstabimus
2209 2754 2235 2774 ι.
2250 2747 2317 2781 Cor,
2341 2756 2366 2780 5·

1270 2808 1344 2836 ame
1370 2795 1515 2831 tribunal
1541 2794 1682 2839 Chrrsti,
1708 2804 1744 2831 ut
1769 2796 1888 2840 reserat
1915 2793 2123 2840 unusquisque
2144 2793 2193 2840 fir·
2209 2793 2251 2816 ¹0·

1267 2847 1411 2887 cundum,
1424 2858 1461 2880 ea
1479 2856 1546 2890 quae
1564 2856 1623 2891 per
1640 2855 1754 2891 corpus
1765 2844 1876 2891 geffit,
1892 2842 1972 2886 five
1990 2845 2104 2878 bonnam
2116 2868 2126 2885 ,
2143 2843 2193 2885 st-

1268 2897 1458 2936 vemalum.
1486 2898 1575 2940 Quia
1603 2899 1700 2932 etiam
1721 2895 1788 2932 hoc
1813 2893 2192 2942 meritumsibiquisque

1263 2950 1344 2987 dum
1370 2951 1403 2984 in
1421 2958 1561 2993 corpore
1582 2948 1725 2988 viveret,
1750 2948 1975 2994 comparavit,
2000 2954 2037 2978 ut
2062 2946 2092 2978 ei
2119 2944 2187 2990 pos

1263 3000 1325 3036 fint
1351 2995 1409 3034 ista
1436 2993 1608 3043 prodeam
1634 2998 1715 3032 Non
1741 2998 1830 3030 enim
1865 2993 2021 3031 omnibus
2031 2991 2187 3039 prosunt:

1262 3054 1296 3086 δε
1314 3059 1413 3096 quare
1434 3058 1499 3081 non
1518 3043 1671 3081 omnibus
1693 3045 1847 3092 prosunt,
1872 3043 1927 3080 nifi
1957 3053 2094 3091 propter
2123 3041 2190 3078 diss

1261 3099 1432 3135 ferentiam
1454 3099 1526 3131 vitae
1545 3107 1645 3139 quam
1670 3094 1808 3142 quisque
1829 3094 1920 3141 geffit
1948 3097 1980 3129 in
2008 3103 2152 3138 corpore
2174 3095 2187 3130 ἓ

1260 3153 1351 3186 Cum
1369 3157 1452 3192 ergo
1462 3144 1613 3181 sacrificia
1634 3143 1698 3181 sive
1726 3144 1855 3186 altaris,
1881 3142 1945 3179 five
1954 3154 2188 3189 quarumcum-

1262 3211 1326 3247 que
1345 3195 1623 3243 eleemosynarum
1652 3207 1716 3241 pro
1741 3193 1911 3240 baptizatis
1927 3191 2090 3229 defunctis
2115 3203 2187 3228 om-

1263 3247 1358 3290 nibus
1377 3244 1579 3285 offeruntur,
1607 3257 1668 3291 pro
1678 3243 1770 3280 valde
1788 3244 1884 3280 bonis
1902 3245 2073 3289 gratiarum
2082 3241 2185 3277 afflo-

1263 3311 1316 3333 nes
1338 3296 1430 3337 sunt,
1457 3306 1519 3342 pro
1538 3307 1604 3330 non
1624 3293 1718 3330 valde
1739 3293 1829 3329 malis
1841 3294 2088 3339 propitiationes
2098 3289 2184 3331 sunta

1265 3355 1328 3395 pro
1352 3345 1445 3380 valde
1470 3343 1561 3382 malis
1582 3370 1595 3387 ‚
1628 3343 1749 3380 etiamfi
1781 3342 1868 3378 nulla
1895 3341 1968 3379 sunt
1997 3340 2182 3385 adjumenta

1262 3406 1498 3437 mortuorum,
1522 3392 1773 3441 qualescumque
1804 3394 1958 3431 vivorum
1986 3387 2183 3425 consolatio-

1262 3458 1318 3482 nes
1337 3444 1427 3480 sunt.
1455 3443 1585 3488 Quibus
1603 3453 1710 3479 autem
1723 3442 1876 3487 prosunt,
1903 3452 1959 3477 aut
1969 3439 2009 3477 ad
2026 3437 2094 3477 hoc
2106 3451 2181 3486 pro-

1262 3495 1356 3536 sunt,
1380 3505 1417 3532 ut
1441 3493 1479 3530 fit
1505 3493 1598 3540 plena
1622 3492 1786 3533 remiffio,
1810 3503 1865 3529 aut
1891 3502 1980 3533 certe
1997 3515 2012 3537 ,
2038 3500 2075 3528 ut
2099 3487 2180 3525 tole·
2195 3495 2357 3539 “Damna-

1263 3543 1399 3583 rabilior
1417 3545 1473 3581 fiat
1489 3542 1554 3591 ipsa
1570 3539 1784 3581 damnatio!
2194 3543 2316 3615 {³2¹³er

2193 3616 2347 3654 punitione

2193 3665 2309 3689 eorum,

2191 3696 2242 3734 qui
2264 3695 2325 3732 post

2192 3735 2352 3774 purgatorii

2192 3783 2290 3812 poenas
2303 3776 2352 3803 ial-
2370 3801 2375 3805 .

2192 3814 2280 3842 vaudi

2190 3853 2264 3885 sunt,
2275 3853 2349 3881 acci-

2190 3893 2327 3932 piendam

2075 3887 2122 3920 Ex
