2652 4126
463 211 570 274 468
827 209 938 264 DE
992 205 1592 261 PROVIDENTrA
1652 201 2000 268 D1v1NA·,‘÷f

303 317 444 362 *eontra
608 304 664 353 ln
703 314 784 351 tua
822 297 977 350 nostra
1014 295 1195 345 abeunt
1233 315 1242 345 t
1279 300 1304 336 ff
1338 314 1427 346 nec
1463 301 1560 356 iam
1598 288 1810 356 diversa,
1846 289 2115 345 sedunum
2181 339 2183 341 ,

281 358 387 430 {ijffi‘
584 372 727 420 ‘Sunt
767 367 864 417 duo
903 387 911 416 :
950 363 1070 414 dum
1109 368 1207 414 vita
1246 369 1295 413 in
1332 369 1430 414 vita
1467 361 1560 426 est,
1599 367 1648 412 in
1685 359 1868 413 lumine
1904 359 2101 426 lumen,

468 458 564 508 545
609 442 927 500 Augmento,
967 451 1063 483 non
1105 427 1201 482 fine
1239 430 1453 483 hominis
1491 453 1500 482 :
1538 448 1636 499 quo
1672 427 1962 495 glorificato,

606 508 683 558 Sic
722 504 901 566 homo,
939 499 1000 561 fic
1041 501 1181 553 Deus
1217 518 1295 565 es,
1333 516 1385 551 ut
1419 519 1518 551 non
1553 497 1610 551 fis
1646 499 1767 551 alter
1803 499 2031 552 &alten

601 569 804 640 Nosque
841 571 904 625 ad
942 587 989 621 te
1027 576 1093 620 ire
1129 568 1263 632 jubes
1300 566 1500 633 sursum,
1542 583 1800 636 tecumque
1837 574 1982 637 potiri

599 644 738 694 Luce
775 656 856 692 tua
897 663 905 689 ε
946 637 979 690 fi
1015 636 1136 691 calle
1174 654 1337 690 tamen
1374 656 1616 691 curramus
1652 638 1858 702 eodem,

603 710 821 773 Edoffi,
859 727 956 760 non
997 705 1131 777 poffe
1166 712 1275 774 capi
1311 705 1397 758 nifi
1434 705 1495 757 de
1530 724 1668 758 cruce
1704 706 1896 758 caelum.

299 794 417 825 cim
467 800 565 848 550
603 816 639 846 „
715 780 889 844 JAMNE
928 777 1032 829 Dei
1069 789 1344 843 compertus
1379 793 1551 839 amor,
1580 771 1848 843 diffusaque
1885 780 1933 826 in
1960 791 2144 828 ,ornnes

280 834 445 914 Hgsslc'iui
599 885 635 914 „
674 849 806 900 Cura
843 861 976 916 patet
1014 850 1033 896 ?
1069 860 1242 896 notum
1277 851 1327 902 &
1362 844 1550 897 cuncffis
1585 842 1770 898 adstare
1807 841 2038 896 salutem?

279 918 437 987 ᾶζζῑνῆῗω,
600 954 635 983 „
675 919 743 968 Et
781 934 973 981 tamen,
1011 915 1107 966 heu
1143 911 1342 965 &rursus
1379 911 1616 982 querulis,
1655 911 1835 978 homo,
1871 913 2060 978 garrula
2098 915 2253 969 verbis

277 969 447 1065 ssaexngrsa-
603 1023 638 1052 „
677 984 818 1038 Bella
856 1003 1053 1048 moveS,
1090 979 1349 1051 jaculisque
1384 987 1479 1034 tuis
1515 996 1596 1034 tua
1634 977 1805 1034 viscera
1844 979 1976 1049 figis.

276 1046 442 1113 {5³23}ssss
600 1092 635 1121 „
674 1056 779 1106 Cur
815 1073 915 1106 non
951 1051 1051 1105 sum
1092 1050 1277 1103 bonus?
1313 1052 1407 1104 hoc
1442 1069 1540 1102 non
1579 1056 1672 1103 vis.
1711 1049 1928 1105 Cursum
1950 1051 2134 1106 malus?
2171 1053 2364 1108 hocviS.

275 1125 444 1191 {3353}
466 1145 549 1195 355
589 1161 624 1191 n
663 1124 769 1176 Cur
807 1123 922 1175 volo
957 1141 1060 1190 quae
1095 1117 1223 1171 mala
1261 1117 1394 1185 sunt,
1431 1125 1480 1177 δι
1517 1139 1598 1171 cur
1635 1139 1738 1187 quae
1774 1117 1879 1171 sunt
1917 1120 2042 1174 bona
2081 1122 2228 1177 nolo?

281 1197 421 1243 ’δηίων
596 1229 631 1258 ,,
671 1191 824 1244 Liber
860 1210 909 1241 es
948 1213 956 1241 :
994 1188 1074 1240 sed
1112 1206 1223 1240 curn
1262 1189 1392 1240 recta
1429 1207 1576 1257 queas
1613 1189 1888 1243 discernere*
1913 1197 2095 1257 pravi8‚

275 1247 441 1321 ῗιῗῖἷςοεζῗῖ
596 1297 632 1326 „
671 1261 935 1312 Deteriora
972 1257 1125 1324 legiS,
1162 1254 1442 1325 placitisque
1480 1257 1782 1326 improvidus
1819 1259 1986 1310 haeres.

275 1318 436 1388 ss’sse'gsss&
595 1365 631 1395 „
672 1331 820 1387 Err0,
853 1333 946 1379 ais,
981 1332 1031 1379 δε
1069 1324 1247 1380 vellem
1285 1323 1768 1394 nonpoffeverrare.
1810 1327 2023 1386 Duobus

269 1396 415 1476 ξξζῑξζξᾴ
593 1435 627 1464 „
667 1397 889 1459 Subiacet
928 1394 1025 1447 haec
1065 1401 1189 1449 votis
1226 1391 1459 1447 sententia
1498 1417 1508 1446 :
1545 1414 1658 1450 nam
1698 1401 1888 1464 penitus
1925 1413 1974 1449 te

462 1475 552 1541 560
592 1474 699 1520 Aut
737 1463 832 1517 effe
872 1470 1158 1518 examinum
1199 1470 1356 1532 cupis,
1387 1479 1474 1515 ‘aut
1511 1469 1710 1517 rationis
1747 1485 1981 1532 egenum.

593 1538 746 1588 Error
782 1540 914 1587 enirn
952 1534 1020 1586 est
1057 1542 1183 1599 ejus,
1221 1539 1306 1603 qui
1342 1532 1472 1585 ceffit
1509 1532 1667 1589 limite
1703 1535 1847 1599 redii,

592 1607 791 1674 Quique
831 1603 985 1672 potest
1020 1605 1084 1656 ad
1123 1611 1238 1662 iter,
1275 1602 1476 1655 Christo
1514 1603 1746 1667 ducente,
1783 1610 1983 1658 reverti..

591 1679 670 1727 At
707 1693 852 1742 quem
890 1671 1020 1724 nulla
1061 1680 1144 1724 viae
1180 1668 1377 1737 suscepit
1416 1673 1567 1735 linea,
1601 1670 1837 1741 nusquam
1884 1722 1888 1724 r
1981 1688 1985 1727 ἶ

590 1743 825 1795 Declinat
862 1759 879 1802 3
917 1741 1201 1811 nullumque
1238 1746 1416 1792 timent
1451 1761 1549 1794 non
1588 1741 1756 1798 stantia
1793 1738 1976 1797 casum.

454 1825 549 1880 565
595 1811 858 1879 Numquid
899 1828 1009 1862 cura
1049 1812 1167 1862 Deo
1206 1809 1267 1862 de
1306 1810 1458 1866 bobus
1495 1815 1513 1861 ἓ
1549 1810 1790 1880 numquid
1827 1811 1891 1864 ad
1929 1810 2049 1864 ullas

462 1880 464 1883 ’
587 1882 671 1932 Fit
709 1879 912 1931 verbum
952 1881 1166 1932 Domini
1204 1878 1420 1932 volucres
1458 1884 1476 1930 ἒ
1510 1900 1630 1934 num
1669 1881 1776 1948 lege
1812 1896 2064 1937 tenentur.

586 1947 811 2002 Monstra
848 1956 994 2000 maris
1032 1953 1050 1999 ?
1087 1968 1188 2016 quae
1223 1968 1334 2000 cum
1373 1946 1555 2001 faciunt
1592 1948 1711 2013 jussa
1751 1947 2156 2020 omnipotentis,

586 2021 822 2082 Ignorant
860 2015 949 2068 sese
985 2015 1165 2083 facere,
1202 2015 1534 2088 affefiumque
1570 2018 1770 2073 volendi
1814 2071 1823 2087 ἱ

584 2086 820 2151 Sumunt,
859 2092 907 2139 &
946 2086 1079 2156 quod
1117 2103 1268 2153 agunt
1303 2086 1440 2149 aliis,
1479 2086 1575 2139 fibi,
1600 2087 1770 2143 cedere
1806 2086 2035 2139 credunt.

449 2173 546 2222 570
585 2159 661 2204 Sic
697 2161 846 2205 etiam
886 2161 990 2220 qua:
1024 2174 1122 2205 non
1159 2154 1366 2220 spirant,
1404 2151 1730 2217 suntsemper
1765 2157 1814 2204 in
1854 2151 1998 2216 ilio,

585 2226 644 2274 In
684 2241 780 2289 quo
818 2221 921 2273 sunt
959 2220 1166 2272 formata
1204 2219 1355 2271 modo
1394 2241 1403 2268 :
1441 2238 1540 2270 non
1579 2217 1722 2285 plana
1759 2218 2031 2273 tumescunt

580 2289 831 2350 Collibus,
866 2306 950 2342 aut
990 2287 1098 2340 celsi
1139 2289 1409 2339 sternuntur
1446 2293 1468 2329 ss
1507 2293 1556 2338 in
1593 2306 1787 2356 aequora
1823 2303 2044 2344 montes:

582 2360 706 2410 Non
746 2363 946 2409 veniunt
984 2356 1116 2424 alpes
1157 2363 1477 2423 in'pontum‚
1513 2371 1596 2410 aut
1634 2372 1811 2424 pontus
1849 2363 1898 2408 in
1934 2374 2100 2423 agros:

579 2429 703 2478 Saxa
740 2431 923 2486 jacent,
957 2444 1125 2475 amnes
1164 2425 1447 2479 decurrunt,
1484 2424 1703 2492 stantque
1741 2425 1968 2491 paludes,

445 2514 539 2562 575
581 2496 651 2545 Et
687 2508 850 2544 tamen
889 2491 964 2542 his
1003 2491 1126 2543 nihil
1163 2491 1231 2542 est
1269 2492 1527 2544 mercedis,
1563 2510 1667 2559 quae
1705 2489 1803 2542 fine
1841 2489 1971 2547 sensu

579 2559 851 2629 Dispositos
889 2565 936 2611 in
975 2558 1018 2611 se
1056 2559 1263 2626 praebent
1302 2558 1576 2611 viventibus
1612 2556 1739 2610 usus.

582 2631 733 2699 Qiod
774 2628 807 2680 fi
845 2630 1020 2681 horum
1058 2628 1269 2696 praestare
1307 2628 1396 2678 tibi
1434 2643 1602 2679 natura
1642 2627 1865 2690 videtum

583 2701 689 2765 Jam
729 2699 852 2750 bove
893 2703 1067 2749 mutari
1109 2696 1280 2750 velles,
1318 2695 1396 2748 Vel
1437 2715 1576 2762 rupe,
1615 2697 1691 2749 vel
1727 2715 1896 2751 amne.

586 2771 816 2819 Deterior
851 2765 1035 2817 nollem
1075 2762 1202 2818 fieri,
1241 2770 1399 2830 potior
1436 2762 1714 2815 voluissem.

452 2841 544 2904 580
581 2875 615 2901 „
657 2834 917 2902 Numquid
955 2841 1038 2903 qui
1078 2835 1305 2885 Domino
1343 2831 1625 2900 placuerunt
1659 2832 1873 2889 moribus
1908 2833 2074 2896 almis,

584 2943 619 2970 „
660 2903 963 2972 Displvicuere
1002 2902 1083 2955 sibi
1124 2906 1142 2951 ,ἓ
1178 2900 1419 2969 numquid
1457 2920 1554 2952 non
1593 2899 1770 2955 semine
1807 2902 2003 2962 abuno

585 3011 620 3039 „
659 2976 924 3027 Venimm,
960 2988 1042 3024 aut
1077 2971 1172 3023 alia
1209 2970 1276 3022 est
1314 2971 1570 3022 hominum
1605 2986 1774 3023 natura
1813 2972 2112 3034 bonorum?

581 3079 619 3107 „
659 3043 777 3093 Non
814 3041 951 3093 aliter
988 3041 1124 3092 dives
1163 3058 1311 3108 quam
1349 3057 1528 3106 pauper
1565 3037 1791 3095 nascitur,
1828 3041 1977 3099 unum
2013 3041 2082 3097 est

585 3147 620 3175 „
659 3113 957 3179 Principium
996 3108 1140 3162 servis
1176 3115 1225 3165 &
1263 3107 1453 3173 regibus
1493 3130 1502 3161 ε
1539 3116 1754 3179 optimus
1791 3109 1907 3168 ill-e⁴

812 3211 815 3218 ι
2030 3183 2107 3238 585
2139 3212 2166 3236 „
2196 3181 2298 3227 Non

500 3297 537 3332 77-
569 3299 646 3339 543.
673 3293 752 3327 Haec
778 3305 852 3328 cum
880 3305 980 3339 grano
1006 3291 1076 3328 salis
1102 3292 1113 3332 (
1141 3302 1178 3328 ut
1203 3294 1377 3334 aiunt)ac-
1438 3294 1512 3327 &or
1536 3290 1593 3328 iste
1619 3288 1687 3326 hoc
1711 3290 1828 3327 eodem
1855 3295 1887 3329 in
1913 3291 2361 3341 locojchristiglorificatio-

450 3343 614 3389 cipienda.
642 3345 731 3379 Cum
759 3341 803 3378 ibi
832 3344 978 3378 videatur
1003 3343 1133 3378 Auctor
1159 3345 1193 3377 in
1219 3343 1302 3378 duos
1329 3356 1377 3377 er·
1437 3354 1512 3377 nem
1536 3341 1653 3376 fatetur
1678 3340 1795 3377 sac'tam
1821 3352 2011 3388 augmento,
2039 3356 2099 3377 non
2124 3344 2191 3385 fine
2215 3344 2360 3378 bominis.-

449 3406 560 3434 rores,
587 3391 731 3428 Nestorii
760 3397 791 3427 &
820 3393 1004 3429 Eutichetis
1030 3396 1219 3435 incurrere,
1244 3393 1375 3429 dumait
1436 3389 1611 3439 praesertim
1637 3402 1715 3428 curn
1741 3404 1806 3428 non
1833 3392 1930 3441 longe
1954 3405 2046 3430 antea
2070 3394 2155 3435 clare¹
2183 3395 2363 3444 praedicarit

450 3440 622 3478 Christum
657 3454 696 3477 ex
731 3441 933 3478 Asceniionis
969 3443 1022 3478 die
1056 3445 1098 3478 ita
1131 3440 1305 3478 hominem
1339 3445 1373 3478 &
1433 3439 1592 3485 geminam
1619 3449 1767 3473 naturam
1793 3440 1985 3488 homimsque
2011 3444 2138 3490 Deique
2162 3459 2196 3481 in
2221 3443 2362 3481 Christo

450 3494 561 3528 Deum
587 3490 666 3534 effe,
693 3500 727 3523 ut
753 3503 812 3524 non
830 3491 877 3532 fic
902 3492 985 3525 alter
1011 3490 1054 3524 (θ’
1080 3490 1162 3524 alter
1181 3506 1192 3525 .·
1227 3503 1299 3526 nec·
1304 3491 1374 3533 jam
1437 3486 1610 3532 convenisse
1620 3503 1636 3530 ;
1661 3502 1719 3526 nec
1746 3489 1806 3526 effe
1832 3503 1892 3537 quo
1919 3492 2027 3527 vifflus
2046 3495 2178 3528 vincere
2194 3495 2311 3540 paffet,
2327 3490 2362 3533 fi

450 3541 588 3585 diversae
610 3541 671 3585 sed
697 3553 793 3574 unum
819 3542 878 3578 sint
906 3546 936 3578 in
962 3556 1004 3579 eo
1029 3541 1281 3578 ambaenaturae.
1310 3544 1375 3577 ve·
1438 3549 1499 3572 mm
1527 3550 1610 3571 vera
1637 3539 1704 3572 Dei
1728 3540 1862 3586 virtus,
1887 3540 2039 3583 humanae
2063 3555 2186 3581 naturae
2211 3544 2361 3581 essetcon-

451 3603 522 3627 rum
557 3591 712 3639 sapienter
749 3591 952 3628 observatum
976 3606 994 3628 a
1021 3596 1094 3628 viro
1129 3592 1376 3629 eruditiffimo:
1432 3586 1572 3634 sociata.
1599 3593 1639 3628 V.
1666 3603 1748 3638 473.
1778 3590 1820 3624 Θ·
1838 3594 1920 3639 481.

452 3652 662 3687 praeterquam
690 3643 779 3688 quod
807 3642 884 3681 facie
911 3642 1029 3688 ignosci
1055 3643 1155 3690 poffit
1189 3653 1294 3689 poetae
1321 3653 1378 3688 per
1488 3642 1528 3678 5!-
1558 3650 1636 3686 573·
1663 3644 1712 3676 Ita
1739 3642 1844 3688 Lugd·
1869 3655 1902 3679 at
1927 3647 2053 3683 Lovan.
2080 3643 2363 3685 Duac·&Colon.

451 3690 652 3727 transennam
681 3704 747 3726 rem
773 3691 997 3728 difficillimam
1022 3695 1213 3739 attingenti,
1245 3691 1270 3728 fi
1294 3690 1376 3736 quid
1435 3693 1468 3726 &
1495 3693 1710 3734 recentiores,
1737 3703 1770 3723 m
1797 3703 1920 3737 ‹equore›
1936 3721 1944 3731 .

452 3743 559 3775 minus
584 3742 693 3776 exacte
719 3744 750 3775 in
777 3744 918 3777 terminis
945 3742 1072 3778 locutus
1085 3745 1280 3789 reperiatur.
1307 3746 1377 3778 Au-
