2652 4126
109 3416 112 3420 .
178 3383 213 3419 ff·
231 3392 280 3420 40·

678 301 1279 372 Exposrr10²2-1N
1334 298 1739 359 PSALMUM·
1789 307 1912 381 cyt.

463 394 558 438 litia
589 391 897 447 inhabitantium
927 397 982 438 in¹
999 412 1066 440 aaz

334 485 340 497 x
404 457 572 513 Propter
598 454 920 511 hanesuperbam
949 455 1171 508 malitiam,
1189 455 1262 511 Ju-

335 514 436 558 deos
466 515 637 558 deseruit
664 515 794 571 gratia
811 530 832 567 ‚·
863 514 902 555 8(
930 513 1035 556 [αξὶα
1064 514 1118 557 est
1157 526 1264 556 terra
1310 530 1316 533 >

335 589 483 618 eorum
513 573 650 616 sterilis
679 584 797 630 atque
826 571 979 615 deserta
997 603 1008 614 .
1041 574 1151 632 Quia
1180 575 1264 615 om-

335 636 407 677 nis
436 632 676 692 prophetia,
703 646 829 674 omne
842 630 1098 685 sacrificium,
1126 633 1265 674 omnia

341 694 401 735 ibi
431 693 678 735 sacramenta
707 690 919 745 cessarunt,
957 692 996 733 8(
1025 690 1076 734 ad
1105 691 1266 735 humili-

333 755 472 794 ‘tatem
501 751 686 807 gentium
716 750 955 794 transierunt
968 780 979 792 .
1245 782 1247 786 .

399 811 537 869 Posuit
564 810 750 866 desertum
780 813 824 853 in
843 811 992 867 stagna
1021 825 1211 866 aquarum
1247 839 1262 863 ,

165 831 169 835 ·
193 825 229 863 9.
269 824 298 865 ςιζ

248 837 264 868 3
456 882 663 912 et-terram
683 869 779 926 sine
807 885 910 926 aqua
939 886 983 912 m
1002 872 1134 912 exitus·
1147 885 1265 926 aqua-

458 944 565 972 rum.

195 998 230 1035 ’1.
251 1003 300 1040 36.
336 1016 341 1019 -
397 991 460 1031 Et
476 987 655 1030 babitare
664 988 765 1044 fecit
789 986 879 1031 illic
895 989 1102 1045 esurientes
1114 1020 1125 1032 .

167 1080 326 1112 mum-8·
402 1049 542 1105 Opera
572 1047 706 1103 gratiae
737 1059 982 1101 narrantur,
1019 1063 1103 1105 quae
1141 1050 1260 1094 effusa

161 1121 234 1152 ,ω
304 1127 308 1132 ·
340 1105 397 1150 est
426 1109 471 1149 in
500 1107 683 1148 nationes
713 1106 938 1149 immundas
969 1109 1075 1164 prius
1094 1138 1107 1161 ‚
1144 1123 1263 1167 atque

341 1165 536 1219 desertas,
565 1166 604 1207 8(
634 1179 658 1208 a
688 1166 795 1209 cultu
823 1168 1005 1209 veritatis
1035 1168 1211 1211 alienas.

172 1240 244 1270 lum
253 1242 334 1279 me·
399 1228 460 1268 Ec
478 1225 759 1282 constituerunt
767 1227 973 1269 civitatem
983 1224 1236 1270 habitationis
1249 1259 1259 1270 .

334 1307 338 1310 ·
402 1285 611 1344 Quoniam
649 1283 838 1327 caelestem
882 1285 1094 1342 Jerusalem
1134 1287 1214 1342 jam
1245 1293 1259 1310 ²

251 1327 270 1349 ⁸
341 1346 482 1405 sponte
513 1344 692 1396 obtinet,
721 1345 789 1401 qui
809 1343 883 1386 fide
914 1344 1138 1401 justificatus
1175 1347 1230 1389 est
1250 1378 1261 1389 .

157 1413 165 1430 ³
195 1437 219 1468 9
402 1408 462 1453 Et
476 1403 786 1460 seminaverunt
815 1420 923 1461 agros
941 1435 954 1457 ,
985 1419 1023 1447 et
1048 1404 1261 1462 plantave-

221 1456 230 1468 ’
250 1445 300 1475 3⁷⁸
459 1475 554 1506 runt
573 1464 742 1530 pineas,
772 1477 811 1505 et
811 1465 993 1521 fecerunt
996 1465 1166 1519 srullum
1179 1465 1265 1521 fru-

459 1534 602 1566 menn.

168 1592 278 1635 Philip.
298 1605 327 1632 4.
402 1584 470 1626 De
500 1595 578 1638 quo
607 1579 754 1638 gaudet
783 1582 850 1624 ille
873 1583 1100 1639 operarius,
1129 1584 1195 1640 qui
1207 1583 1264 1625 di-

166 1642 217 1671 ²⁷·
341 1643 421 1696 cit,
447 1646 538 1684 Non
567 1642 661 1698 quia
690 1656 813 1697 quaero
832 1643 988 1695 datum,
1010 1643 1085 1699 sed
1111 1646 1262 1700 requiro

331 1702 531 1759 sruHum.

195 1787 230 1823 ᾖ.
251 1793 300 1831 3⁸·
329 1782 331 1785 ·
398 1763 460 1803 Et
489 1761 686 1805 benedixit
715 1776 796 1812 eos,
825 1773 865 1802 et
894 1758 1155 1820 multiplicati
1167 1763 1266 1819 sunt

459 1822 603 1864 nimis:
632 1833 672 1862 et
691 1820 875 1869 jumenta
898 1836 1026 1862 eorum
1055 1839 1131 1864 non
1163 1821 1261 1877 sunt

454 1875 670 1923 diminuta.
780 1921 782 1925 ,

395 1936 633 1994 Jumenta&
661 1952 807 1996 pecora
836 1937 1019 1982 dicuntur
1047 1940 1091 1983 in
1123 1942 1263 1984 Eccle-

335 1995 391 2037 fia
409 2026 423 2049 ‚
452 1997 686 2054 simpliciter
714 1998 961 2041 ambulantia
979 2028 992 2052 ,
1021 1998 1086 2041 sed
1117 2001 1262 2044 utilia:

326 2067 419 2096 *non
449 2056 622 2098 multum
652 2056 790 2110 dotia,
818 2057 883 2099 sed
913 2056 989 2100 fide
1004 2059 1147 2115 plena.
1181 2062 1260 2102 Er-

332 2115 435 2170 go&
445 2114 690 2173 spiritales&
709 2117 886 2158 carnales
906 2116 1113 2161 benedixit
1135 2120 1260 2173 Deus,
1311 2144 1315 2147 r

323 2173 373 2215 8(
401 2174 695 2232 multiplicavit
713 2205 728 2230 ,
756 2176 814 2218 ita
843 2187 887 2218 ut
917 2189 998 2218 non
1031 2178 1260 2221 minueren-

323 2243 420 2275 .tur.

390 2295 451 2336 Et
474 2296 590 2353 pauci
607 2292 709 2351 fabii
729 2295 848 2351 sunt,
877 2296 927 2340 Θ
955 2297 1090 2339 vexati
1110 2296 1207 2354 sunt
1235 2313 1260 2338 a

393 2373 395 2378 ¹
436 2353 690 2396 'tribulatione
712 2353 901 2397 malorum
929 2356 980 2399 (θ’
1008 2355 1192 2399 dolorum.

391 2413 591 2456 Ecclesia·
616 2414 815 2456 catholica
863 2416 908 2457 in
956 2416 1090 2459 eleffls
1138 2416 1213 2458 suis
1244 2446 1257 2468 ‚

331 2473 588 2528 praecognitis
627 2487 652 2514 a
682 2474 776 2514 Deo
803 2502 818 2526 ,
847 2473 936 2515 filiis
966 2475 1255 2531 promiffionis,

332 2531 526 2572 membris
554 2532 733 2587 corporis
763 2530 917 2573 Christi
935 2560 948 2584 ,
985 2547 1068 2574 non
1108 2531 1252 2573 minui-

331 2599 421 2642 tur,
450 2602 524 2631 nec
553 2589 604 2630 ad
633 2589 879 2644 paucitatem
906 2589 1126 2646 redigitur:
1155 2588 1252 2644 quia

322 2647 406 2704 <ipsi
437 2661 532 2689 vere
563 2646 653 2688 sunt
682 2659 804 2700 ,naut
829 2661 927 2688 -curn
955 2646 1053 2704 iapsi
1082 2646 1253 2699 fuerint,

331 2719 571 2763 reparantur
608 2721 654 2748 ac
693 2717 936 2763 permanent
964 2735 978 2758 ,
1016 2707 1055 2747 8(
1094 2703 1252 2763 semper

331 2765 450 2807 multi
477 2765 593 2817 sunt,
621 2764 792 2822 quiade
825 2778 992 2817 numero
1015 2778 1161 2806 eorum
1191 2765 1252 2806 ni-

329 2824 392 2866 hil
422 2825 550 2881 perit.
582 2824 792 2881 Quiergo
821 2824 864 2864 in
885 2823 992 2867 hauc
1011 2823 1252 2867 soliditatem

325 2895 488 2926 -aeternae
518 2881 786 2926 multitudinis
813 2911 827 2935 ,
865 2894 933 2924 aut
973 2897 1053 2924 non
1086 2883 1248 2939 introje-

327 2955 448 2996 runt,
477 2955 546 2986 aut
576 2940 930 2985 cumffviderentur
958 2942 1171 2995 introiisse,
1200 2943 1248 2986 ab

331 3002 481 3046 eadem·
505 3002 743 3046 recesserunt
763 3031 778 3055 ,
807 3001 879 3058 ipsi
901 3001 1017 3058 pauci
1034 3001 1130 3049 faeti
1149 3002 1250 3045 sunt:

325 3063 430 3120 quia
451 3063 502 3105 ab
532 3063 628 3115 illa,
644 3076 740 3119 quae
769 3072 1004 3119 permanet,
1030 3058 1248 3118 'multiplici

183 2305 220 2341 ⁹.
241 2315 291 2346 35·

124 3173 126 3176 Ι
154 3130 308 3173 senaa-scu
327 3124 504 3165 unitate>¹
522 3120 638 3164 divisi
686 3120 816 3163 sunt’.
858 3121 1098 3177 Numquam
1137 3123 1248 3163 enim

327 3183 446 3225 multi
475 3181 591 3235 sunt,
619 3181 687 3238 qui
711 3179 766 3223 :ad
797 3194 879 3222 non
918 3179 991 3224 effe
1033 3178 1245 3222 tendunt.

320 3239 387 3283 -Et
416 3240 511 3298 quid
541 3253 626 3283 tam
637 3239 858 3282 obnoxium
879 3240 1096 3296 paucitati,
1125 3253 1247 3295 quam

326 3298 432 3358 (111ρῖ1
461 3299 516 3344 est
545 3299 726 3355 debitum
758 3297 1000 3356 perditioni?

348 3402 350 3404 .
382 3359 544 3417 'Effusas
572 3370 802 3416 contemptus
830 3358 883 3413 est
903 3357 1018 3424 super
1041 3359 1242 3418 principes.

388 3419 580 3461 Haeretici
617 3421 656 3461 8(
695 3417 937 3460 schismatici
975 3418 1025 3460 ab
1067 3419 1243 3461 Ecclefia

327 3478 530 3536 reprobati
561 3492 571 3519 :
600 3478 769 3523 &ideo
809 3477 938 3534 magis
977 3479 1203 3535 contempti
1232 3508 1245 3531 ,

444 3539 487 3576 S.
516 3535 714 3594 Prosperi-

363 3638 379 3658 a
399 3628 471 3659 Non
492 3625 657 3659 dubitamus
677 3626 726 3656 hie
747 3636 800 3667 pro
811 3628 914 3666 sponte
933 3627 1058 3662 obtinet,
1083 3627 1240 3668 legendum

314 3666 382 3698 'sore
403 3670 448 3709 spe
474 3667 580 3696 obtinet
595 3687 604 3702 ,
630 3666 651 3696 fi
679 3666 762 3697 Ediri
789 3666 1012 3708 suffragarentur
1031 3687 1039 3695 .
1061 3667 1241 3708 Augustinus

321 3709 402 3739 enim
423 3708 478 3742 ait,
499 3707 616 3736 Interim
635 3704 823 3736 habitationis
842 3709 872 3735 in
886 3707 939 3747 spe
954 3726 963 3742 ,
991 3707 1124 3746 quoniam
1139 3729 1148 3744 ‚
1176 3710 1241 3749 ,Qui

320 3758 364 3778 me
382 3749 465 3778 audit
484 3746 595 3786 inquit,
614 3743 760 3775 habitabit
778 3746 809 3775 in
821 3747 871 3786 spe.-
891 3756 903 3774 .·
925 3745 956 3776 ὅ(
977 3745 1134 3786 Apostolus
1157 3769 1167 3785 ‚
1187 3751 1239 3788 Spe

309 3786 399 3827 filvi
411 3786 485 3826 fabii
497 3786 614 3825 sumus.
631 3784 722 3815 Rom:
741 3786 770 3814 8.
791 3795 837 3822 24·

359 3825 379 3857 b
398 3829 445 3857 Ita
464 3824 615 3856 manifeste
636 3825 790 3864 legendum
813 3823 909 3855 suadet
930 3824 1024 3855 sensus
1038 3825 1111 3862 loci,
1132 3825 1163 3858 8(
1181 3837 1244 3858 ver·

320 3863 365 3896 sus
384 3866 487 3897 Psalmi
509 3865 559 3906 qui
581 3864 742 3903 explicatur
763 3873 772 3894 ε
792 3873 853 3894 non
875 3873 943 3894 vero
964 3873 996 3895 ut
1016 3873 1101 3896 antea
1129 3866 1211 3897 Editi
1233 3887 1243 3903 ‚

321 3906 519 3946 malignitates
537 3906 630 3936 educit
650 3915 661 3934 .·
681 3903 759 3946 quod
780 3913 873 3934 errore
894 3905 1124 3946 Typographico
1145 3906 1174 3936 in
1184 3906 1243 3946 pri.

2131 317 2231 369 235

1319 394 1414 451 quia
1443 394 1644 451 principes
1673 393 1747 437 else
1778 395 2027 436 voludruhtss'.

1379 455 1440 495 Εἴ
1460 452 1616 508 seduxit
1643 468 1701 495 cos
1738 454 1782 496 in
1819 454 1925 496 invio
1943 483 1958 506 ‚
1994 451 2046 495 Θ·
2084 466 2161 493 non
2198 450 2240 491 in
2256 449 2414 486 hemi-40·

1439 513 1529 554 via.
1898 532 1901 535 ¹
2153 516 2159 519 '
2198 563 2200 566 .

1380 572 1448 615 Illi
1475 572 1544 630 qui
1574 570 1623 615 ad
1652 573 1860 615 civitatem
1880 571 2142 616 habitationis
2152 582 2237 614 ten-

1325 629 1499 685 debant,
1526 630 1665 674 direffi
1695 631 1786 674 sunt
1816 633 1855 674 8(
1885 630 2063 675 ἀεάιιέἶίε
2092 629 2156 673 isti
2173 644 2239 672 au-

1312 691 1649 747 ;tem,civitatem
1679 690 1884 744 sanCtam,
1912 690 1963 744 id<
1978 690 2039 733 est
2057 719 2071 742 ,
2101 690 2239 732 Eccle-
2304 703 2315 722 -f

1319 750 1418 793 fiam
1447 750 1688 794 catholicam
1718 749 1965 803 deserentes,
1996 762 2069 806 per
2091 749 2239 792 >erroris

1321 809 1377 851 sui
1407 811 1562 853 invium
1592 811 1702 853 abire
1732 810 1906 867 permisti
1937 809 2027 851 sunt
2055 838 2069 861 ,
2099 809 2136 850 8(
2167 807 2239 849 suae

1325 869 1414 911 sunt
1445 869 1584 911 traditi
1614 870 1843 912 voluntati.
1876 870 1989 911 Deus
2019 867 2128 910 enim
2159 881 2240 909 non

1324 927 1571 985 deceptionis
1609 929 1862 984 malignitate
1899 940 1919 966 b
1947 926 2095 970 seducit
2125 943 2139 982 ;
2179 925 2243 968 sed
2316 922 2336 953 ὓ

1319 986 1456 1044 judicii
1488 987 1659 1029 veritate
1689 986 1900 1039 discernit.

1378 1049 1439 1089 Et
1468 1047 1620 1098 adjuvit
1643 1056 1848 1105 pauperem
1876 1044 1923 1086 de
1952 1044 2213 1086 mendicitate.
2284 1041 2317 1077 '7-
2338 1049 2388 1078 4¹·

1384 1107 1539 1163 Pauper
1568 1107 1606 1148 8(
1637 1103 1841 1148 mendicus
1871 1103 2028 1156 estille,
2058 1105 2124 1160 qui
2139 1103 2242 1145 nihil

1322 1166 1393 1207 sibi
1424 1166 1564 1207 tribuit
1594 1181 1607 1220 3
1639 1164 1702 1208 sed
1734 1177 1864 1206 totum
1895 1163 1942 1206 de
1974 1163 2243 1205 misericordia

1322 1223 1475 1267 Christi
1506 1223 1690 1281 expeE'tat
1709 1254 1723 1277 ,
1761 1236 1853 1266 ante
1896 1224 2165 1276 Dominicam·
2189 1222 2243 1278 ja-

1320 1299 1444 1326 nuam
1483 1283 1661 1340 quotidie
1700 1284 1879 1326 clamans
1910 1313 1923 1334 ,
1957 1285 2002 1324 ‹&
2040 1281 2201 1339 pulsans
2229 1311 2243 1334 ,

1323 1357 1367 1385 ut
1396 1345 1434 1386 ei
1464 1344 1690 1400 aperiatur,
1719 1344 1757 1385 8<
1788 1355 1830 1384 ut
1861 1341 1941 1397 ejus
1973 1342 2130 1384 nuditas
2171 1355 2222 1384 ve

1322 1402 1479 1446 stiatur.
2222 1418 2226 1420 ·

1384 1464 1446 1503 Et
1473 1462 1599 1521 posuit
1620 1463 1726 1520 ficut
1755 1477 1842 1503 oves
1870 1465 1885 1485 ‘
1903 1459 2094 1518 familias.

2184 515 2201 531 ἒ

2260 1479 2363 1514 itt-my
2380 1487 2416 1515 41

1385 1523 1509 1564 Hunc
1528 1523 1633 1579 quasi
1655 1536 1780 1563 unum
1801 1536 2016 1579 pauperem
2031 1552 2044 1574 ,
2073 1522 2245 1563 &unum
2321 1530 2336 1548 ⁸

1324 1580 1555 1623 mendicum
1587 1580 1739 1636 adjuvit
1771 1582 1907 1634 Deus,
1935 1596 2104 1638 eumque
2126 1580 2168 1622 in
2189 1579 2245 1621 fa-

1323 1640 1454 1682 milias
1485 1640 1796 1696 multiplicavit,
1827 1640 1867 1682 id
1898 1640 1952 1684 est
1971 1671 1984 1694 ,
2013 1654 2135 1682 unam
2170 1641 2245 1681 Ec-

1325 1699 1508 1751 clefiam,
1537 1713 1661 1741 unam
1692 1701 1875 1756 plebem,
1906 1715 2030 1748 unam
2059 1713 2180 1742 ovem
2200 1699 2244 1740 in

1325 1757 1584 1800 latitudinem
1616 1759 1736 1801 totius
1766 1760 1872 1801 orbis
1903 1759 2108 1801 extendit.

1382 1817 1572 1859 Videbunt
1601 1819 1691 1859 reffi
1708 1848 1722 1871 ,
1752 1818 1801 1860 (T
1822 1818 2127 1869 jocundabuntur
2145 1847 2158 1869 ,
2197 1817 2246 1858 (9‘
2290 1834 2397 1871 142,

1441 1878 1558 1919 omnis
1585 1878 1767 1934 iniquitas
1796 1874 1977 1936 oppilabit
2006 1894 2042 1918 os
2063 1878 2197 1932 suum.

1381 1938 1578 1995 Iniquitas
1607 1938 1678 1980 illa
1717 1938 1896 1996 garriens
1939 1951 2077 1980 contra
2117 1937 2246 1978 unita·

1322 2009 1408 2040 tem
1428 2027 1441 2051 ‚
1481 1997 1665 2040 conviEia
1695 2012 1720 2039 a
1750 1997 1921 2040 veritate
1942 2027 1955 2050 ,
1993 1995 2166 2039 obstruet
2203 2011 2246 2038 os

1321 2057 1456 2110 suum,
1485 2072 1566 2099 non
1602 2056 1752 2101 habens
1784 2056 1888 2113 quod
1919 2058 2124 2113 loquatur.

1375 2116 1485 2177 'Quis
1506 2116 1656 2175 sapiens
1684 2115 1708 2152 Ρ
1737 2116 1787 2159 <9⁴
1816 2116 1995 2172 custodiet
2033 2117 2110 2158 haec
2135 2147 2150 2170 ,
2187 2117 2245 2158 in·
2292 2133 2399 2172 143,

1438 2174 1615 2235 telligens
1642 2175 1894 2231 miserationes
1924 2176 2084 2217 Domini
2091 2207 2104 2217 .

1379 2236 1492 2294 Quid
1523 2234 1780 2278 custoditurus
1810 2235 1864 2278 est
1895 2235 2076 2292 sapiens,
2106 2236 2178 2277 nifi
2199 2249 2243 2279 ut

1317 2294 1365 2336 fit
1396 2309 1573 2353 pauper,
1604 2309 1687 2337 non
1718 2293 1830 2338 dives
1849 2325 1863 2348 ,
1894 2294 1933 2336 id
1964 2294 2019 2337 est
2038 2325 2052 2347 ,
2081 2310 2163 2338 non
2195 2297 2244 2338 fit

1315 2354 1502 2411 superbus
1522 2385 1535 2408 ,
1566 2369 1647 2397 non
1680 2353 1726 2396 fit
1758 2356 1919 2397 inflatus
1948 2353 1964 2396 ἓ
2004 2356 2118 2411 Quia
2157 2356 2241 2398 haec

1316 2413 1538 2456 custodiens
1586 2413 1789 2470 intelliget
1840 2413 2112 2455 miserationes
2154 2416 2240 2455 Do·

1318 2471 1448 2525 mini;
1479 2485 1562 2512 non
1595 2473 1741 2512 merita
1771 2471 1861 2522 sua,
1891 2485 1972 2512 non
2005 2470 2110 2512 vires
2141 2471 2238 2524 suas,

1304 2525 1388 2568 ‘sed'
1419 2528 1695 2568 miserationes
1737 2528 1911 2569 Domini
1943 2543 1952 2568 :
1993 2529 2062 2584 qui
2101 2543 2235 2571 erran-

1313 2597 1398 2627 tem
1433 2586 1471 2626 &
1499 2597 1687 2641 egentem
1720 2586 1762 2626 in
1803 2586 1914 2628 viam
1953 2585 2117 2630 deduxit
2145 2597 2158 2640 3
2197 2591 2235 2631 &

1311 2644 1428 2702 pavit
1458 2659 1471 2700 3
1503 2644 1571 2701 qui
1602 2656 1853 2701 pugnantem
1894 2643 2102 2689 adversum
2134 2649 2234 2695 diffi-

1311 2705 1504 2747 cultatem
1524 2716 1802 2760 peccatorum,
1831 2705 1870 2746 8(
1891 2705 2124 2762 colligatum
2144 2709 2233 2750 vin·

1312 2764 1409 2806 culis
1438 2770 1456 2796 d
1486 2761 1782 2816 sollicitudinis,
1811 2762 1929 2806 solvit
1959 2765 1998 2806 8(
2028 2766 2231 2824 liberavit;

1311 2825 1380 2880 qui
1410 2821 1566 2864 fastidio
1595 2823 1857 2880 languentem
1876 2824 1914 2865 8(
1933 2838 2037 2880 pene
2058 2828 2231 2869 morien·
2307 2804 2327 2835 α

1302 2895 1421 2935 -tem,
1445 2895 1465 2916 ε
1496 2880 1607 2923 missa
1637 2882 1751 2924 verbi
1781 2881 1977 2925 suavitate
2008 2887 2229 2943 recreavit5

1303 2943 1378 2999 qui
1409 2941 1708 2999 periclitantem
1737 2941 1845 2983 inter
1875 2942 2082 3000 naufragia
2109 2945 2229 2990 *scan-

1302 3001 1512 3054 vdalorum,
1539 3014 1563 3043 a
1593 3000 1820 3043 discrimine
1852 3003 1972 3044 maris
2001 3003 2044 3044 in
2066 3018 2228 3059 portum

1300 3059 1472 3103 >deduxit
1503 3060 1806 3117 tranquillitatis
1836 3075 1850 3116 ς
1890 3061 1959 3117 qui
1985 3076 2078 3104 eum
2110 3061 2227 3109 >denir

1299 3135 1383 3177 que
1415 3120 1618 3162 constituit
1647 3120 1690 3161 in
1721 3134 1770 3162 eo
1799 3121 1948 3176 populo
1967 3149 1981 3171 ,
2010 3122 2078 3163 ubi
2097 3125 2227 3167 humi-

1307 3180 1409 3222 libus
1438 3178 1507 3221 dat
1538 3180 1734 3236 gratiam;
1766 3193 1848 3220 non
1879 3180 1922 3222 in
1954 3180 2046 3234 illo,
2074 3182 2142 3223 ubi
2170 3182 2227 3224 su·-
2238 3198 2363 3236 11445,

1298 3239 1440 3296 ¹·perbis
1471 3238 1609 3280 resistit
1641 3253 1651 3279 :
1681 3239 1720 3280 8(
1749 3238 1846 3280 fecit
1877 3252 1970 3280 eum
2000 3238 2109 3286 suum
2129 3270 2143 3293 ,
2181 3254 2225 3284 ut

1307 3300 1416 3339 intus
1445 3312 1614 3339 manens
1644 3298 1979 3354 multiplicaretur
2006 3328 2021 3351 ,
2058 3312 2140 3341 non
2180 3312 2225 3343 ut
2279 3299 2281 3301 ’

1304 3357 1408 3399 foras
1438 3358 1575 3400 exiens
1605 3357 1872 3399 minueretur.

2307 2936 2325 2958 C

2010 3536 2165 3579 PSAL·

1300 3637 1380 3658 mam
1403 3627 1562 3658 editionem
1583 3625 1667 3657 facile
1687 3625 1837 3656 inveaum
1853 3646 1863 3662 ‚
1890 3625 1922 3655 in
1951 3625 2138 3666 posteioribus
2157 3638 2221 3659 om.

1301 3669 1383 3698 nibus
1407 3667 1624 3697 inemendatum
1645 3665 1797 3696 remansit.

1338 3718 1353 3738 c
1375 3707 1531 3738 Editiones
1551 3705 1654 3737 nostrae
1673 3715 1776 3735 omnes
1797 3705 1844 3734 hic
1864 3706 1895 3735 in
1915 3715 1966 3736 ota
1994 3706 2059 3736 libri
2087 3707 2220 3738 indicant

1297 3748 1384 3778 aliam
1405 3746 1579 3781 lectionem,
1600 3755 1657 3786 qua
1676 3753 1729 3785 pro
1741 3745 1892 3782 familias,
1913 3746 2023 3785 legatur
2039 3749 2182 3787 patriam.

1341 3787 1358 3817 d
1380 3787 1424 3817 Au
1449 3786 1556 3817 ustinus
1576 3786 1668 3819 dicit,
1689 3785 2045 3824 vinculisconsuemdinis.
2066 3786 2220 3818 Editiom·

1302 3837 1354 3859 nes
1373 3797 1572 3866 Prosperiani,
1593 3823 1716 3855 vinculis
1730 3824 1971 3863 sollicitudinis(

1341 3877 1356 3898 e
1377 3865 1463 3907 Apud
1485 3863 1698 3907 Augustinutn,
1721 3865 1799 3904 miffae
1820 3866 1960 3896 medicine
1978 3865 2057 3897 verbi
2070 3865 2135 3905 sui.

1721 3536 1888 3591 ng
