2652 4126
506 212 1230 272 CHRoNlcUM

245 343 262 362 a
332 299 704 349 PONTIANUS
735 306 852 348 annis
881 311 895 331 ³
924 305 1132 362 quinque.
1199 339 1201 341 .

408 365 644 407 Alexander
681 367 785 423 apud
837 364 1149 421 Mogontiacum
1187 375 1258 405 .tu·

335 425 464 467 multu
495 425 660 467 militari
689 423 903 477 occiditur.

320 493 324 499 '
433 486 639 522 MAXIMO
663 486 729 520 ET
754 485 1011 522 PATERNO.
1140 507 1144 510 <

396 534 755 577 MAXIMINUS
789 534 925 574 XXII.
956 546 1100 589 regnat
1138 532 1254 575 annis

323 593 482 636 tribus·

431 655 636 691 MAXIMO
663 657 708 690 11.
733 655 799 690 ET
824 653 1044 690 URBANO.
1119 695 1121 697 ,

430 706 620 741 SEVERO
645 706 710 740 ET
737 703 1038 747 QUINTIANO.

320 788 332 795 ,
421 755 687 798 >ΜΑΧΙΜῙΝΟ
711 755 776 789 ET
801 754 1070 792 AFRICANO.

343 799 346 802 ’
370 797 606 844 “SEXTA
621 801 999 845 PERSECUTIO
1012 830 1022 841 .
1056 800 1250 858 Maximi-

332 875 406 903 nus
436 861 618 919 adversus
630 860 894 907 Ecclesiarutn
916 857 1143 903 Sacerdotes
1163 874 1250 916 per-

322 919 575 971 secutionem
604 935 764 968 movet.
792 970 799 976 ,

392 981 646 1023 Maximinus
686 979 883 1038 Aquileiae
915 994 938 1021 a
968 979 1149 1038 Pupieno
1187 993 1249 1021 oc-

333 1039 501 1093 ciditux.
535 1058 538 1060 ·
1058 1074 1062 1083 ,

323 1138 326 1140 ,
390 1099 749 1144 GORDIANUS
779 1101 935 1143 XXIII.
965 1098 1153 1156 regnavit
1182 1111 1251 1142 an-

332 1158 393 1200 nis
424 1159 513 1202 sex.

429 1223 686 1265 PERPETUO
710 1222 776 1258 ET
804 1219 1148 1259 CORNELIANO.

387 1271 529 1315 Romae
560 1272 722 1313 XV111.
753 1269 796 1311 fit
830 1269 1046 1327 Episcopus
1062 1269 1247 1322 ANTE-

333 1331 450 1372 RUS
481 1346 490 1373 ε
521 1330 605 1388 post
635 1330 739 1387 cujus
770 1344 893 1374 unum
924 1328 1103 1373 mensem
1132 1329 1242 1373 XIX.

326 1388 578 1441 constituitur
608 1389 914 1436 FABIANUS
946 1389 1060 1435 annis
1091 1400 1219 1432 X111.

425 1453 506 1500 1³10
529 1452 596 1491 ET
620 1452 866 1492 PROCULO.

424 1498 693 1540 GORDIANO
718 1501 783 1545 ET
810 1503 1017 1536 AVIOLA.

422 1553 596 1587 SAmNo
621 1552 686 1586 ET
714 1552 959 1587 VENUSTO.

423 1601 692 1638 GORDIANO
718 1604 751 1637 11
788 1601 853 1635 ET
879 1601 1181 1642 POMPEJANO.
1229 1623 1232 1625 .

425 1651 620 1687 ATTICO
645 1652 711 1687 ET
737 1650 1101 1686 PRAETEXTATO.

321 1713 324 1716 ⁴
385 1698 608 1741 Gordianus
653 1714 742 1741 cum
799 1700 1036 1740 Parthorum
1081 1698 1245 1740 natione

325 1757 510 1817 superata
539 1758 667 1800 viclor
696 1758 994 1800 revertitur-ad
1026 1759 1201 1814 patriam
1230 1787 1245 1810 ‚

320 1816 463 1859 fraude
492 1817 672 1875 Philippi
705 1817 887 1858 Praefeoli.
916 1818 1101 1858 Praetorio
1132 1815 1239 1858 haud

322 1875 443 1934 longe
476 1891 498 1919 a
529 1879 720 1920 Romano
751 1876 831 1918 solo
862 1875 1092 1919 interfec‘iu's
1123 1876 1202 1918 est.

382 1938 720 1980 PHILLIPPUS
753 1937 910 1978 XXIV.
949 1937 1137 1993 regnavit
1177 1949 1247 1977 an-

323 1996 385 2036 nis
416 1995 596 2051 septem.
633 2025 637 2027 -
1027 2016 1033 2019 ¹

418 2057 615 2090 ARIANO
640 2056 708 2089 ET
733 2058 905 2091 PAPPO.

378 2101 587 2157 Philippus
619 2102 855 2158 Philippum
874 2101 1002 2142 filium
1022 2103 1132 2145 suum
1153 2119 1245 2148 con-

317 2158 465 2202 sortem
495 2159 611 2216 regni
643 2159 761 2202 facit:
795 2160 946 2216 primus
977 2163 1161 2204 omnium
1192 2178 1243 2204 ex

314 2219 514 2268 Romanis
547 2220 861 2275 Imperatoribus
882 2218 1134 2262 Christianus
1144 2220 1242 2262 fuit.

342 2302 345 2305 -
415 2281 708 2317 PEREGRINO
734 2281 798 2316 ET
823 2281 1093 2316 AEMILIANO.

391 2328 675 2364 ‚PRAESENTE
698 2331 764 2364 ET
790 2331 995 2366 ALBINO.
1066 2344 1068 2346 ’

411 2379 628 2414 PHILIPPO
653 2380 708 2418 IL,
723 2380 788 2417 ET
812 2379 1047 2418 PHILIPPO.

373 2427 657 2481 Regnantibus
690 2426 888 2483 Philippis
918 2428 1148 2471 millesimus
1160 2431 1244 2472 Ro-

317 2497 446 2528 manae
476 2483 583 2524 urbis
611 2498 738 2528 annus
755 2486 975 2540 expletur.

376 2542 586 2597 Philippus
616 2541 757 2584 urbem
798 2541 855 2583 sui
894 2544 1070 2585 nominis
1110 2547 1155 2586 in
1186 2547 1243 2586 A·

318 2602 436 2658 chaja
466 2598 667 2642 condidit.

415 2662 634 2698 PHILIPPO
658 2660 720 2696 III·
735 2660 812 2708 ‘ET
838 2661 1055 2709 PHILIPPO
1078 2663 1123 2696 Π.

415 2711 667 2750 AEMILIANO
691 2709 756 2743 ET
781 2710 1042 2753 AQUILINO.

378 2754 641 2803 Alexandria:
674 2759 789 2799 XIII.
829 2757 1037 2799 ordinatur
1078 2758 1241 2817 Episco-

311 2822 388 2878 ‘pus
422 2817 659 2873 Dionyfius.

379 2879 590 2935 Philippus
621 2876 751 2921 senior
781 2879 951 2922 Veronae
970 2906 984 2929 ‚
1012 2878 1154 2920 Romae
1184 2878 1239 2933 ju-

309 2935 407 2984 'nior
438 2936 651 2979 occiditur.

311 2998 318 3013 ⁸
374 2998 600 3040 DECIUS
632 2996 784 3038 XX'IV.
817 3007 962 3053 regnat
992 3010 1101 3040 anno
1131 3003 1234 3051 uno,

316 3057 355 3098 8<
383 3056 581 3099 menfibus
613 3056 736 3099 tribus
749 3086 760 3097 .

310 3157 317 3164 ‚
360 3136 361 3139 =
412 3120 567 3156 DEc1o
593 3118 658 3153 ET
683 3118 881 3155 GRATO.

414 3169 570 3204 DECIO
596 3169 640 3203 11.
667 3169 732 3203 ET
758 3167 988 3205 Rusrrco.

310 3221 315 3227 “
374 3216 638 3258 SEPTIMA
687 3216 1070 3258 PERSECUTIO
1100 3246 1110 3256 .
1151 3216 1235 3258 De-

315 3274 396 3316 cius
427 3288 517 3318 cum
539 3274 745 3335 Philippos
765 3287 922 3334 patrem
953 3276 991 3317 &
1021 3274 1146 3317 filium
1175 3275 1234 3316 in-

310 3332 550 3385 terfecisset,
578 3335 629 3375 ob
659 3333 795 3376 odium
825 3348 964 3376 eorum
993 3335 1229 3391 persecutio-

370 3412 372 3414 >
434 3394 477 3433 S.
506 3392 704 3451 Prosperi-

353 3460 371 3480 a
391 3449 429 3480 In
451 3447 508 3479 ΜΓ.
526 3447 612 3480 Colb.
631 3460 706 3487 uno,
727 3462 824 3481 novem

353 3490 373 3520 b
394 3489 451 3521 Ms.
468 3486 553 3519 colb,
576 3497 649 3520 unus
667 3472 840 3527 Arabum-s:
866 3491 1000 3528 Quatuor
1026 3490 1078 3521 alii
1105 3490 1135 3522 ὅ(
1163 3490 1233 3522 edit.

313 3529 399 3561 Pont.
422 3525 624 3561 mazabanus.

316 3579 369 3641 Bc
391 3569 451 3600 Ms.
468 3566 555 3599 Colb-
577 3577 671 3604 unus,
691 3568 722 3598 iu
739 3570 881 3602 abrutio.
909 3568 976 3602 Mff.
998 3569 1082 3600 Colb.
1104 3578 1160 3601 tres
1176 3591 1187 3609 ‚
1213 3582 1232 3600 a

344 3619 418 3639 rulo.

305 3676 307 3678 .
350 3650 368 3680 d
389 3648 474 3687 Apud
495 3647 612 3680 Eusebii
630 3645 800 3679 Chronicon
821 3649 942 3690 ubique,
962 3650 1185 3696 assuis'duobus.

350 3699 366 3718 e
389 3689 458 3718 Haec
475 3690 582 3726 *verbm
605 3698 659 3717 non
679 3688 854 3719 admittunt:
881 3690 1132 3720 reconctltanonem
1147 3691 1234 3730 paem'-

359 3727 401 3757 t'b
421 3740 435 3756 s
454 3737 574 3768 negant,
593 3736 630 3758 ex
648 3725 796 3758 codicibus
815 3727 846 3758 in
868 3727 1025 3759 Anauario
1046 3739 1118 3759 tom.
1142 3740 1166 3760 1.

311 3805 448 3844 milibus,
467 3808 571 3849 quibus
589 3813 676 3839 antea
693 3805 858 3847 legebatur,
878 3807 1045 3847 denegantes
1061 3830 1071 3847 ‚
1090 3811 1130 3840 acl
1146 3810 1232 3849 pami-

1310 225 1958 273 INT‘EGRUM.

1299 318 1412 348 ·nem
1440 307 1483 349 in
1517 307 1767 350 Christianos
1797 317 1959 354 movet.

1374 368 1580 409 Antonius
1611 367 1829 410 monachus
1859 365 2056 409 nascitur.

1373 426 1606 467 Alexandro
1645 427 1981 483 jerosolymorum
2031 424 2232 484 Episcopo

1314 483 1364 524 ob
1406 486 1646 541 martyrium
1684 485 1901 528 interfeEIo
1925 498 1933 523 .·
1950 483 2055 542 apud
2103 486 2231 528 Caesa-

1314 558 1425 586 ream
1466 544 1667 587 Palestinae
1686 575 1699 598 ‚
1737 547 1775 587 &
1814 545 2043 587 Antiochia:
2080 545 2234 601 Babyla

1315 603 1456 646 eadem
1487 604 1612 664 gloria
1643 606 1769 646 occiso
1788 634 1801 657 ,
1839 602 1855 626 ¹²
1887 605 2165 648 Mazabamus.
2192 607 2232 648 &

1313 664 1459 710 Fabius
1492 663 1683 721 Episcopi
1714 663 2026 706 constituuntur.

1371 724 1520 765 Decius
1550 738 1640 765 cum
1672 722 1754 764 filio
1784 728 1798 745 ⁸
1828 724 1871 764 in
1910 723 2077 765 Abritto
2095 752 2109 776 ‚
2147 731 2232 779 quae

1310 781 1364 824 est
1394 783 1535 824 civitas
1567 782 1709 838 Myfiae
1741 813 1754 835 ,
1783 780 1997 825 occiditur.

1370 843 1602 888 GALLUS
1634 845 1672 886 8<
1705 842 2092 886 VOLUSIANUS
2125 842 2234 884 Galli

1306 900 1409 954 ¹filius
1441 903 1594 943 XXVI.
1627 903 1816 958 regnavit
1844 900 1862 925 ‘¹
1892 902 2009 943 annis
2041 901 2164 944 tribus
2193 902 2232 944 8(

1311 960 1505 1003 menfibus
1535 972 1725 1020 quatuor.

1304 1072 1307 1073 ⁷
1371 1021 1568 1065 Romanae
1600 1018 1783 1065 Ecclefiae
1816 1019 2105 1078 Episcopatum
2145 1020 2232 1078 post

1313 1080 1486 1124 Fabiani
1517 1078 1728 1136 gloriosam
1759 1087 1934 1135 mortem
1965 1083 2052 1122 XX.
2075 1079 2233 1138 suscipit

1312 1135 1812 1187 CORNEL'IUSannis
1842 1138 1990 1196 duobus
2009 1169 2022 1192 ‚
2050 1140 2118 1196 qui
2136 1137 2234 1199 'post

1311 1198 1521 1245 biennium
1552 1197 1694 1240 eodem
1725 1200 1919 1253 martyrio
1949 1206 2227 1260 coronatur-'¹4'

1407 1259 1572 1295 GALLO
1598 1260 1664 1295 ET
1688 1259 1985 1307 VOLUSIANO.

1405 1311 1685 1345 VOLUSIANO
1709 1311 1753 1344 II.
1780 1311 1845 1345 ET
1870 1307 2091 1346 MAXIMO.

1368 1360 1558 1400 Novatus
1591 1357 1799 1411 Presbyter
1830 1359 2032 1414 Cypriani
2045 1360 2224 1400 Romam

1308 1419 1476 1460 veniens
1496 1448 1509 1470 ,
1549 1417 1834 1458 Novatianum
1873 1418 1911 1457 &
1950 1428 2101 1459 ceteros
2139 1430 2232 1459 con⁶

1310 1477 1466 1520 seffores
1498 1477 1568 1519 fibi
1600 1476 1720 1518 sociat
1740 1506 1753 1532 2
1794 1490 1842 1517 eo
1881 1476 1985 1532 quod
2017 1477 2231 1519 Cornelius

1309 1537 1548 1594 paenitentes
1578 1535 1774 1594 apostatas
1803 1534 2030 1595 recepisset.
2062 1537 2130 1577 Ab
2153 1537 2231 1578 hoc

1309 1597 1462 1642 haerefis
1477 1597 1805 1642 Novatianorum
1826 1594 1989 1653 sumpsit
2007 1594 2231 1648 exordium,

1306 1654 1380 1714 qui'
1404 1655 1441 1698 se
1473 1659 1640 1712 propter
1668 1653 1915 1696 munditiam
1944 1670 2065 1711 quam
2083 1654 2154 1697 fibi
2173 1654 2232 1698 su-

1306 1716 1532 1774 perbiffime
1566 1723 1779 1770 arrogant,
1809 1713 2011 1756 Catharos
2034 1715 2231 1771 appellari

1301 1775 1450 1817 'volunt
1470 1788 1486 1812 :
1518 1771 1704 1814 secundas
1736 1773 1896 1828 nuptias
1926 1778 1942 1795 ⁶
1973 1787 2055 1817 non
2086 1772 2231 1816 admit-

1305 1847 1422 1893 tunt,
1451 1832 1827 1878 reconciliationem
1857 1832 2140 1887 paenitentibus
2160 1845 2228 1874 ne·

1334 1907 1432 1937 ant.
2049 1918 2051 1921 -

1306 1910 1331 1952 g
1363 1951 1592 1996 Antiochiae
1631 1958 1648 1984 f
1685 1954 1801 1993 XIV.
1842 1949 2093 1994 constituitur
2132 1950 2234 2006 Epi-

1305 2014 1440 2070 scopus
1472 2010 1784 2054 Demetrianus.
2219 2062 2221 2065 ,

1367 2077 1560 2114 Romanas
1597 2069 1780 2112 Ecclefiae
1794 2069 2086 2127 Episcopatum
2118 2081 2233 2112 tenet

1305 2135 1416 2173 XXI.
1450 2131 1683 2172 LUCIUS
1706 2129 1903 2170 menfibus
1933 2142 1950 2168 ε
1977 2127 2065 2170 οᾶο
2091 2158 2103 2169 .
2144 2127 2232 2170 Post

1304 2202 1427 2245 quem
1457 2189 1595 2228 XXII.
1628 2187 1989 2229 STEPHANUS
2019 2186 2132 2228 annis
2162 2188 2232 2230 tri-

1305 2249 1378 2289 bus
1409 2277 1420 2288 .
1472 2247 1634 2287 Extant
1676 2244 1726 2286 ad
1774 2258 1986 2303 utrumque
2029 2246 2232 2302 Cypriani

1307 2305 1519 2363 Epistolae.

1366 2365 1505 2407 Gallus
1537 2366 1576 2406 δε
1610 2364 1843 2406 Volusianus
1884 2362 2067 2406 adversus
2100 2366 2233 2406 AEmi·

1306 2426 1462 2465 lianum
1492 2434 1556 2461 res
1587 2433 1712 2461 novas
1742 2424 1783 2459 in
1816 2421 1964 2462 Moefia
1994 2423 2233 2465 molientem

1307 2484 1443 2522 Roma
1472 2477 1664 2533 profe8ti,
1693 2475 1968 2517 ’'Interamnae
1994 2478 2107 2518 occist
2127 2479 2230 2523 sunt.

1366 2536 1611 2578 AEmilianus
1641 2534 1762 2575 tertio
1794 2535 1927 2577 mense
1957 2549 2156 2593 occupatae
2168 2551 2229 2594 ty*-

1304 2591 1485 2637 rannidis
1515 2592 1712 2634 extinElus
1742 2593 1818 2636 est.

1359 2652 1756 2694 VALERIANUS
1796 2654 1835 2694 8<
1875 2650 2226 2700 GALLIENUS

1299 2713 1455 2755 XXVI.
1476 2723 1746 2767 regnaverunt
1776 2712 1893 2754 annis
1923 2727 1991 2755 xv.

1398 2773 1690 2809 VALERIANO
1704 2773 1779 2808 vET
1804 2773 2069 2812 GALLIENO.

1365 2821 1597 2877 Cyprianus
1628 2820 1805 2877 primum
1847 2822 2040 2876 Rhetor,
2078 2823 2223 2868 deinde

1306 2881 1519 2935 Presbyter
1537 2909 1550 2933 ‚
1587 2878 1641 2921 ad
1668 2892 1895 2924 extremum
1926 2883 2222 2942 Carthaginen-

1299 2942 1346 2983 fis
1377 2939 1601 2995 Episcopus
1632 2940 1828 2993 martyrio
1860 2955 2093 2985 coronatur.

1397 3001 1604 3037 MAXIMO
1629 3001 2022 3040 ET‘GLABRIONE.

1352 3053 1493 3092 Romae
1527 3051 1688 3090 XXIII.
1721 3048 1969 3092 constituitur
1999 3052 2219 3111 Episcopus

1294 3109 1506 3153 XISTUS
1537 3108 1653 3149 annis
1684 3107 1692 3132 ¹
1723 3108 1900 3165 septem.

1355 3169 1611 3211 OCTAVA
1642 3169 2028 3212 PERSECUTIO
2048 3202 2059 3213 .
2101 3174 2217 3217 Vale·

1297 3231 1430 3283 rianus
1480 3227 1533 3280 vin
1595 3226 1845 3270 Christianos
1902 3230 2215 3287 persecutionem

1295 3299 1462 3330 movet.

1381 3348 1683 3384 -VALERLANO
1707 3351 1768 3385 111.
1795 3349 1862 3385 ET
1886 3348 2133 3389 GALLIENO
2169 3357 2212 3390 11.

1761 3398 1870 3454 Ggg
1935 3412 1955 3439 2
2075 3403 2155 3443 Va-

1293 3453 1412 3484 tentiam
1432 3463 1486 3483 non
1505 3453 1704 3485 admittentes.

1330 3492 1345 3522 f
1361 3493 1539 3525 Numeratur
1569 3503 1616 3531 13.
1642 3494 1674 3523 in
1702 3492 1829 3523 editione
1851 3494 1971 3527 Pontaci
1991 3494 2022 3528 δε
2050 3497 2105 3529 Ms.
2126 3498 2210 3529 Colb.

1291 3533 1396 3564 unico.
1416 3535 1452 3563 111
1473 3531 1537 3562 aliis
1556 3532 1662 3563 dicitur
1684 3542 1732 3570 14.

2115 238 2228 291 4117

1285 3572 1287 3575 ”
1328 3584 1350 3612 g
1372 3573 1408 3602 In
1430 3571 1486 3602 ΜΓ.
1507 3572 1593 3602 Colb.
1613 3574 1718 3606 unico,
1731 3572 1856 3612 septem.

1332 3616 1352 3642 h
1373 3611 1458 3652 Apud
1482 3611 1652 3648 Eusebium,
1672 3614 1706 3642 1η
1725 3613 1795 3641 foro
1808 3612 1954 3650 flaminii,
1973 3613 2026 3645 vel
2041 3624 2073 3645 ut
2091 3616 2150 3647 alii
2159 3625 2212 3658 pu-

1292 3661 1357 3684 tant
1377 3653 1499 3682 Interam
1521 3664 1556 3681 ae.

1332 3692 1340 3720 i
1362 3694 1396 3721 In
1423 3662 1642 3726 edmnpontaci,
1663 3691 1695 3723 &
1716 3688 1867 3723 Mncoffi.
1886 3694 2050 3726 annisoflo.
2071 3695 2211 3729 Mfiunus

300 3737 356 3774 ,tesi
372 3739 382 3757 ι
402 3739 419 3757 u
535 3769 541 3774 ι
810 3767 816 3772 ι
855 3767 860 3772 ¹
1093 3771 1097 3774 .
1187 3730 1233 3774 Bi·
1291 3732 1403 3761 omittit
1425 3731 1554 3762 Sixtum.
1584 3731 1648 3762 Mff.
1670 3739 1725 3762 tres
1745 3731 1795 3760 alii
1817 3732 1898 3763 Sixto
1924 3734 2096 3774 Dionysium
2115 3738 2211 3777 praeixe

301 3767 415 3802 ‚bhoth.
435 3767 542 3799 Labbei
563 3766 713 3806 expreffis,
733 3764 929 3799 substituimus
948 3777 1002 3807 pro
1020 3769 1114 3800 verbis
1123 3769 1178 3801 fere
1200 3771 1232 3799 11-

1292 3770 1411 3807 volunt‚
1432 3773 1521 3811 priori
1542 3780 1635 3804 annos
1656 3780 1696 3803 u.
1715 3770 1868 3813 posteriori
1887 3783 1917 3811 9.
1936 3774 2125 3816 affignantes.

2309 1802 2326 1823 Q

2279 1942 2283 1945 ’
2311 1949 2329 1986 1

2305 2156 2327 2192 g
