2652 4126
699 192 762 252 A
841 211 895 251 D·
966 210 1016 252 M
1097 211 1138 253 o
1202 187 1265 251 'N
1347 209 1368 251 1
1450 209 1489 254 T
1573 195 1744 251 1··o.‘
2066 212 2173 268 479

275 320 278 321 γ
339 302 376 344 3.
410 290 512 330 Cum
540 300 682 330 eertum
703 290 764 345 sit
785 289 971 348 scriptum
999 286 1211 348 opusculum
1232 287 1352 344 suiſje
1372 286 1606 345 aliquamdiu
1636 301 1727 330 ante
1758 283 1906 343 Gelasii
1935 288 2050 344 Papae
2080 299 2173 329 tem·
2201 315 2204 320 ‹

267 360 386 407 pora,
415 350 487 390 vix·
514 363 641 390 tamen
671 364 785 390 unum
814 347 969 405 aliquod
995 349 1171 407 temporis
1191 347 1361 406 spatium
1391 349 1578 407 affignare
1600 347 1740 407 poffis,
1770 346 1871 403 quod
1898 345 2174 404 Prosperocon-

271 409 427 449 veniat.
459 409 505 449 Si
523 409 659 464 statim
688 407 733 449 ab
762 410 872 450 initio
903 409 1238 460 concertationum,
1267 405 1334 446 vel
1359 407 1471 466 paulo
1497 410 1584 467 pol}
1612 423 1671 449 eas
1701 418 2051 449 exortasexaratum
2060 401 2173 457 velis,

260 468 347 515 jam
377 468 496 525 ipsum
525 470 708 510 auctorem
737 468 778 508 in
806 466 895 510 libri
914 469 979 524 Jui
1008 468 1155 509 exordio
1186 467 1498 510 contradicentem
1527 468 1661 521 habes,
1692 469 1758 523 qui
1778 468 1863 518 jam
1891 465 2030 508 dudum
2059 464 2171 507 dehis

270 527 526 582 quaestionibus
553 526 831 583 controversum
851 526 975 585 suiffi:
1003 527 1141 582 diserte
1169 526 1322 583 afferit.
1353 530 1465 570 Inter
1494 526 1717 570 defensores
1747 523 1872 570 liberi
1893 526 2074 579 arbitrii,
2112 526 2172 566 in-

267 588 374 642 quit,
403 588 442 629 &
470 585 744 644 praedicatores
775 588 909 643 gratiae
941 588 1024 629 Dei
1054 601 1202 643 magna
1232 587 1270 627 8<
1301 585 1469 629 difficilis
1501 588 1740 632 DUDUM
1773 586 1943 629 vertitur
1980 583 2138 642 quaestio
2158 586 2250 626 .Li1‚.
2263 598 2290 621 1.
2302 591 2337 623 de

267 647 314 687 Si
342 662 434 688 ’06Υο
462 644 564 688 ultro
594 644 810 703 conceffiris
826 677 840 699 ‚
880 647 980 702 quod
1007 648 1137 704 negari
1165 661 1240 687 non
1264 646 1388 703 potest
1406 676 1419 699 ,
1457 662 1538 687 eam
1566 646 1862 702 controversiam
1889 645 2030 691 dudum
2058 643 2171 702 effer·
2183 636 2282 701 {gf}

266 702 386 764 buiffe
415 706 515 747 inter
544 706 839 762 Augustinianos
869 706 919 749 (9⁴
949 707 1051 746 Semi
1077 704 1137 747 ela
1163 707 1286 757 ianos,
1314 721 1397 745 cum
1427 706 1476 747 ad
1498 705 1732 760 scribendum
1763 708 1887 747 aufior
1907 702 2298 763 seapplicuissGennq

255 762 487 814 jamalium
517 781 541 805 a
570 764 751 823 Prospero
772 764 895 822 suff
923 718 1074 822 neceſjg
1095 781 1116 806 e
1160 796 1169 808 .
1202 766 1278 807 Hic
1306 765 1406 806 enim
1425 765 1563 820 statim
1593 779 1705 821 atque
1735 763 1937 822 Pelagiani
1964 765 2105 812 veneni
2115 780 2170 805 re·
2184 758 2247 789 ⁶²9·
2268 758 2295 782 ¹¹

264 823 392 880 liquiae
416 836 489 882 per
519 825 776 880 Genuenfium
806 828 1022 882 Excerpta,
1051 821 1119 865 vel
1148 820 1334 881 Capitula
1366 822 1589 878 Gallorum,
1619 824 1687 866 vel
1708 826 1744 879 J
1747 826 1876 867 oannis
1888 825 2064 882 Caffi'ani
2076 826 2111 866 C
2116 822 2190 874 ol·,

262 882 421 927 tationes
438 883 573 942 spargi
602 895 765 942 coeperc,
784 881 922 941 stilum
951 899 1059 940 ocyus
1086 884 1250 940 arripiut
1279 884 1474 939 acuitque,
1504 885 1553 927 <T
1582 886 1670 926 totis
1699 884 1843 926 viribus
1871 882 2026 925 illarum
2036 899 2170 925 vocum

261 944 454 987 novitates
483 944 679 999 insec‘latus
708 944 782 998 est.
814 946 963 986 Contra
992 958 1082 984 vero
1113 945 1238 984 auc‘lor
1266 940 1445 984 librorum
1477 945 1544 985 De
1575 945 1787 986 vocatione
1818 944 2001 1000 gentium
2041 944 2171 985 innuit
2198 945 2201 948 ⁴

260 1003 358 1045 hanc
380 1004 546 1061 primam
570 1001 677 1057 suam
707 1001 785 1058 esJe
812 1003 859 1044 de
888 1003 956 1044 hac
984 1003 1140 1043 materia
1169 1000 1483 1054 lucubrationem,
1513 1004 1562 1045 (9⁹
1594 1005 1746 1058 quidem
1776 1003 1915 1044 dudum
1939 1004 2024 1061 post
2053 1016 2171 1044 motas

260 1064 481 1119 quaestiones
511 1060 765 1104 elaboratam:
807 1065 966 1120 Magna
994 1063 1032 1104 8<
1062 1061 1232 1104 difficilis
1264 1063 1503 1104 DUDUM
1537 1063 1707 1104 vertitur
1738 1061 1895 1118 quaestio
1926 1092 1938 1104 .
1969 1091 1980 1104 .
2012 1093 2023 1103 .
2056 1064 2169 1104 .'De

258 1123 340 1165 hac
370 1123 493 1179 igitur
520 1122 836 1179 compugnantia
866 1121 1102 1180 opinionum
1134 1136 1211 1178 qua
1243 1121 1426 1164 mensura
1457 1122 1495 1163 8<
1524 1123 1797 1179 temperantia
1825 1120 2077 1164 sentiendum
2100 1121 2146 1163 fit
2157 1137 2190 1175 ,1

264 1194 462 1239 quantum
494 1182 698 1224 Dominus
729 1180 926 1237 adjuverit
944 1211 959 1234 ,
1002 1182 1289 1225 ADNITAR
1320 1181 1547 1238 inquirere,
1586 1196 1776 1225 exercens
1806 1194 1931 1238 atque
1956 1181 2168 1224 discutiens

257 1241 469 1293 modulum
511 1241 712 1284 facultatis
752 1256 849 1287 meae
889 1241 931 1283 in
972 1242 1036 1282 his
1075 1256 1159 1298 quae
1198 1240 1307 1283 cordi
1347 1255 1439 1283 meo
1487 1240 1614 1283 ibbrie
1643 1271 1656 1294 ‚
1703 1254 1902 1297 quantum
1943 1242 2115 1291 arbritror
2147 1271 2160 1293 ‚

255 1301 522 1346 inhaeserunt.
554 1303 623 1342 En
653 1301 768 1343 verba
789 1301 878 1360 post
909 1299 1062 1358 longam
1093 1301 1308 1359 opinionum
1338 1301 1492 1355 istarum
1522 1303 1831 1342 concertationem
1842 1300 2062 1356 scribentis,
2085 1301 2167 1358 pri·

254 1376 357 1403 mam
386 1362 428 1402 in
457 1361 524 1403 hoc
546 1360 688 1420 scripto
718 1372 867 1419 operam
890 1361 1069 1420 ponentis
1093 1361 1334 1418 primumque
1362 1372 1539 1402 conatum
1557 1391 1571 1414 ,
1608 1361 1843 1415 hominisque
1881 1361 1997 1417 magis
2036 1361 2167 1415 inqui·

254 1422 406 1473 tentis,
426 1419 510 1475 sese
539 1421 785 1474 exercentis,
813 1436 966 1477 remque
988 1421 1142 1479 proprio
1161 1420 1291 1475 studio
1321 1419 1589 1472 discutientis,
1627 1436 1669 1462 ac
1691 1433 1764 1479 pro
1797 1417 1944 1461 modulo
1967 1415 2167 1474 facultatis
2199 1462 2201 1465 ,

247 1480 354 1536 suae,
384 1495 497 1535 quam
525 1480 756 1536 confidenter
785 1495 833 1521 cx
862 1483 1027 1522 Patrum
1053 1480 1221 1522 doctrina
1250 1479 1469 1536 afferentis,
1495 1481 1846 1538 propugnantisque
1875 1495 1922 1520 ex
1932 1476 2166 1537 delegatione

253 1540 364 1580 Sedis
394 1537 641 1597 Apostolicae.
672 1542 791 1581 Immo
820 1540 951 1582 timide
978 1539 1174 1581 admodum
1202 1555 1246 1581 ac
1273 1539 1491 1582 dubitanter
1505 1539 1668 1595 scribit:
1707 1540 1797 1595 quia
1826 1536 2009 1588 videlicet
2038 1553 2166 1594 quam·

253 1600 319 1640 vis
342 1611 416 1658 per
444 1600 571 1641 omnia
599 1600 889 1658 Augustiniamo
918 1612 1144 1658 receptaque
1173 1600 1214 1640 in
1245 1596 1423 1656 Ecclesia
1450 1599 1622 1643 doctrina
1653 1600 1895 1658 congruentia
1918 1610 2167 1657 proponeret,
2200 1626 2205 1646 4

251 1673 373 1699 novos
413 1672 540 1702 tamen
578 1656 759 1716 loquendi
796 1660 919 1701 modos
956 1659 1174 1701 inducebat:
1206 1659 1348 1715 sciebat
1386 1671 1513 1700 autem
1543 1660 1730 1717 suspefz‘as
1769 1661 1908 1700 merito·
1932 1658 2011 1714 effe
2039 1659 2080 1699 in
2092 1659 2169 1698 Ec·
2204 1698 2206 1702 ,

252 1715 369 1775 clesia
407 1718 598 1761 novitates
637 1735 770 1760 vocum
789 1749 803 1772 ,
840 1720 954 1762 etiam
985 1718 1146 1775 firvata
1184 1719 1426 1774 antiquitatis
1464 1718 1634 1762 doctrina
1652 1733 1667 1757 :
1718 1718 1818 1759 unde
1858 1718 1945 1775 post
1984 1717 2169 1815 defiriiipta
2201 1755 2207 1764 ,

252 1776 517 1830 verba‚rbaec
547 1778 702 1835 subjicit
720 1795 740 1832 ;
781 1781 846 1822 Ut
884 1778 913 1820 fi
953 1779 995 1820 in
1036 1793 1101 1822 eas
1140 1780 1296 1835 regulas
1335 1776 1564 1835 processerit
1604 1775 1745 1830 stilus,
1784 1790 1868 1832 quae
1900 1775 2005 1817 nihil
2044 1790 2068 1816 o
2100 1790 2120 1817 e

251 1837 407 1889 nonis,
444 1837 548 1882 nihil
588 1839 767 1882 habeant
808 1838 1053 1896 pravitatis,
1091 1852 1174 1880 non
1215 1837 1341 1880 solum
1381 1837 1496 1879 nobis
1517 1865 1530 1889 ,
1569 1835 1635 1878 sed
1673 1837 1713 1878 δε
1751 1836 1839 1877 aliis
1878 1835 1975 1877 utile
2015 1833 2088 1886 fit,
2117 1831 2169 1874 ad

250 1897 431 1954 aliquem
470 1911 542 1940 nos
582 1899 758 1942 limitem
797 1898 1020 1955 perveniffe
1041 1929 1054 1951 ,
1093 1913 1212 1954 quem
1252 1912 1334 1939 non
1375 1896 1591 1940 debeamus
1629 1895 1848 1939 excedere.
1888 1895 1977 1961 ,Qui
2005 1893 2168 1944 demum,

0 1978 30 2008 j·
249 1971 299 1997 ne
328 1955 516 2015 scriptum
557 1958 743 2017 Prospero
772 1957 985 2008 abjudicent
1004 1986 1018 2010 ,
1057 1957 1253 2012 discrimen
1293 1969 1465 1998 notatum
1504 1956 1592 1997 inde
1631 1956 1733 2010 nasci
1767 1954 1889 2013 poffe
1906 1954 2097 2005 dixerint,
2125 1965 2169 1992 ut

0 2017 9 2066 ,ἱ
246 2016 428 2056 dixerunt
467 2014 677 2069 nonnulli,
716 2018 816 2072 quod
854 2014 923 2058 illo
962 2029 1127 2076 tempore
1166 2028 1360 2057 exaratum
1399 2016 1453 2070 est
1492 2030 1516 2054 a
1545 2013 1752 2072 Prospero,
1790 2029 1862 2067 quo
1894 2012 2058 2053 nondum
2085 2008 2170 2068 ple·
2203 2047 2205 2050 .

244 2088 296 2116 ne
334 2073 510 2127 hauserat
549 2075 840 2130 Augustinianae
878 2076 1054 2116 doarinae
1085 2076 1241 2132 fluenta
1257 2106 1271 2129 ,
1303 2074 1520 2133 praesertim
1558 2089 1650 2115 vero
1688 2089 1736 2114 ex
1773 2073 1818 2112 iis
1856 2068 1960 2112 libris
1999 2085 2088 2125 quos
2102 2082 2169 2127 po-

240 2131 415 2189 stez-'iores
445 2130 592 2187 subque
630 2132 725 2175 vitae
753 2131 881 2188 finem
911 2132 1106 2190 scripstt3
1135 2132 1260 2187 facile
1297 2150 1345 2175 ex
1375 2134 1463 2190 fixa
1496 2133 1669 2192 superius
1698 2131 1835 2191 epocha
1864 2131 1974 2180 hujus
1994 2129 2170 2187 scriptio·

0 2210 5 2228 ν
244 2192 305 2245 nis
333 2187 585 2247 refelluntur.
1751 2208 1753 2210 ·

0 2273 5 2293 ι
304 2253 419 2293 Ante
449 2266 563 2307 quam
592 2267 685 2294 vero
715 2249 863 2310 longius
885 2251 1151 2311 progrediatur
1178 2253 1295 2293 oratio
1314 2282 1327 2305 ,
1367 2252 1626 2294 examinanda
1656 2251 1831 2292 rationes.
1847 2265 1940 2305 quas
1961 2249 1998 2302 J
2000 2246 2050 2304 os]
2084 2250 2171 2289 An-

0 2324 2 2326 ’
246 2307 401 2352 telmius
428 2308 559 2351 allatis
589 2328 678 2354 mox
706 2328 730 2352 a
759 2311 860 2354 nobis
889 2312 1068 2357 momenti
1096 2313 1252 2371 opponit
1272 2342 1282 2353 .
1323 2312 1403 2353 Ait
1431 2313 1533 2354 enim
1558 2312 1681 2370 primo
1711 2309 1879 2352 eamdem
1896 2306 1974 2365 effe
1992 2308 2171 2367 Prosperi

244 2370 460 2413 doctrinam
489 2385 570 2426 quae
601 2372 657 2427 est
685 2369 866 2414 librorum
894 2373 942 2414 de
974 2373 1176 2413 Vocatione
1202 2371 1397 2431 gentium:
1428 2372 1479 2414 ἃ
1508 2371 1577 2412 hac
1606 2372 1648 2411 in
1677 2385 1718 2410 re
1733 2367 2029 2424 suffragatorem
2049 2367 2170 2421 scha-

246 2428 332 2470 bere
361 2427 656 2490 Quesnellium,
689 2432 756 2486 qui
784 2433 1012 2474 contrariam
1041 2432 1191 2488 Norisii
1212 2431 1446 2486 sententiam
1475 2427 1646 2485 expreffe
1676 2425 1822 2478 refellit
1841 2453 1852 2464 .
1894 2427 1990 2466 Hoe
2015 2426 2167 2477 quidem
2196 2439 2206 2470 *-

250 2500 389 2527 verum
419 2488 599 2538 omnino,
619 2489 663 2543 si
692 2490 812 2546 ipsam
841 2492 882 2531 in
904 2490 950 2545 se
979 2489 1171 2543 utriusque
1200 2489 1407 2529 doc‘lrinam
1428 2487 1594 2543 speeies.
1626 2486 1689 2523 At
1717 2481 1972 2529 contendimus
1981 2484 2166 2524 auctiorem
2193 2508 2195 2511 -

245 2557 480 2600 anonymum
508 2544 657 2599 diverso
688 2548 907 2602 quandoque
936 2545 1115 2602 loquendi
1145 2546 1252 2586 modo
1281 2557 1446 2584 mentem
1465 2543 1576 2596 suam
1605 2539 1837 2598 expffuuffb,
1866 2540 1911 2580 ab
1939 2556 1980 2581 eo
1991 2556 2062 2596 quo
2065 2541 2165 2596 sem*

241 2617 315 2665 per
344 2604 449 2660 usum
471 2601 596 2660 fuiſj'e
625 2603 859 2661 Prosperum
881 2620 986 2645 nemo
1008 2605 1097 2654 jure
1124 2601 1330 2643 dubitabit.
1374 2602 1562 2641 fatemur
1592 2615 1737 2655 quoque
1765 2597 1943 2641 librorum
1972 2600 2018 2642 de
2052 2603 2163 2641 Voca-
2189 2619 2196 2622 <

247 2666 351 2707 tione
375 2664 548 2721 gentium
569 2661 794 2721 scriptorem
823 2678 900 2703 non
929 2658 1105 2718 diſjimili
1143 2659 1346 2717 aliquando
1379 2659 1494 2714 sensu
1522 2660 1656 2717 gratiae
1687 2675 1821 2701 nomen
1851 2658 2047 2718 usurpasse
2064 2690 2078 2712 ,
2116 2659 2163 2701 ab
2199 2705 2201 2709 Α

247 2740 290 2765 eo
320 2738 392 2779 quo
423 2721 585 2780 Prosper
615 2722 792 2780 usurpat,
814 2734 886 2781 pro
915 2736 1009 2762 vera
1029 2717 1181 2776 scilicet
1202 2722 1239 2774 J
1241 2719 1302 2775 esu
1335 2719 1485 2775 Christi
1510 2719 1657 2777 gratia:
1679 2718 1751 2774 sed
1779 2720 2033 2766 contendimus
2061 2719 2160 2760 hunc

0 2801 4 2817 r
247 2785 434 2824 austorem
455 2781 527 2838 sub
556 2780 623 2822 hoc
647 2782 780 2839 gratioe
810 2782 960 2822 nomine
989 2780 1103 2821 etiam
1131 2779 1230 2820 dona
1259 2776 1452 2819 naturalia
1482 2779 1704 2834 quandoque
1733 2776 1994 2836 intellextffi:
2025 2778 2074 2821 δ’
2093 2778 2160 2820 hoc
2188 2796 2194 2816 ι

0 2856 3 2875 ¹
249 2842 401 2884 omnino
432 2839 546 2896 sensu
585 2856 667 2882 eam
712 2839 877 2882 omnibus
915 2838 1122 2881 bominibus
1159 2852 1389 2880 communem
1430 2836 1629 2896 agnovisse
1650 2867 1661 2879 .
1714 2841 1810 2897 ,Quo
1834 2867 1838 2870 »
1840 2837 1956 2893 sensu
1992 2853 2016 2879 a
2063 2840 2157 2893 Pogo-

0 2917 4 2952 3
244 2902 354 2962 spero
394 2901 515 2956 nostro
554 2897 634 2941 ullo
672 2900 715 2941 in
753 2912 859 2958 opere
889 2899 958 2955 suo
1005 2899 1138 2958 gratiae
1175 2914 1305 2940 vocem
1343 2897 1557 2956 usurpatam
1580 2931 1586 2943 .,
1605 2912 1709 2938 nemo
1752 2897 1974 2957 probaverit
1993 2927 2004 2938 .
2053 2899 2160 2938 Rem

0 2954 13 3022 i
251 2960 403 3019 quidem
432 2953 597 3002 eamdem
626 2960 732 3001 docet
760 2959 924 3018 Prosper
953 2974 1037 3001 cum
1065 2959 1209 3000 austore
1227 2973 1447 3013 anonymo,
1476 2960 1557 3000 Deo
1579 2954 1729 3013 scilicet
1758 2971 1883 2998 curam
1904 2955 2028 3012 fuiſj‘e
2058 2956 2160 2997 omni

251 3032 419 3080 tempore
446 3020 494 3063 de
522 3019 753 3074 hominibus,
781 3019 845 3062 hos
873 3018 1025 3077 vocaffb
1047 3019 1140 3075 five
1164 3030 1234 3076 per
1248 3015 1355 3075 -legis
1381 3014 1553 3059 litteram
1571 3045 1586 3069 ‚
1616 3017 1708 3073 five
1742 3028 1813 3075 per
1842 3013 2017 3062 naturale
2046 3017 2160 3057 ratio·
2191 3059 2194 3062 ,

253 3082 313 3122 nis
341 3077 507 3132 lumen,
517 3078 613 3136 sive
635 3092 708 3139 per
737 3077 954 3138 Evangelii
978 3079 1279 3137 praedicationem
1297 3092 1313 3116 .·
1344 3077 1415 3132 fied
1443 3075 1691 3132 hujuscemodi
1720 3091 1743 3115 a
1774 3079 1855 3118 Deo
1879 3075 2067 3133 «impensas
2096 3074 2160 3116 ho·

0 3173 4 3176 -
254 3140 350 3182 mini
378 3139 644 3181 admonitiones
670 3139 802 3198 gratiae
833 3140 982 3181 nomine
1011 3135 1148 3180 nullibi
1176 3138 1375 3185 invenitur
1404 3133 1589 3193 decoraffe
1607 3149 1622 3175 .·
1662 3150 1728 3176 nec
1757 3134 1905 3189 hujusce
1944 3135 1998 3175 rei
2037 3131 2159 3174 ullum

0 3177 14 3783 k
252 3196 475 3242 Antelmius
496 3196 664 3258 protulit
692 3196 924 3257 exemplum.
957 3200 1041 3240 Hoc
1070 3197 1312 3243 unum-enim
1342 3194 1410 3238 ille
1434 3194 1593 3255 probat,
1620 3193 1785 3251 docuisse
1814 3193 2040 3252 Prosperum
2049 3206 2160 3234 natu·

0 3784 10 3801 ff

2153 1796 2169 1807 -
2190 1790 2195 1797 .

252 3256 334 3300 rale
363 3255 492 3300 lumen
522 3257 686 3301 omnibus
714 3258 923 3301 hominibus
951 3257 1028 3315 effe
1058 3272 1268 3309 commune,
1296 3256 1345 3297 ad
1375 3271 1497 3297 omnes
1523 3255 1715 3312 pertinere
1743 3254 1822 3296 Dei
1879 3254 2157 3308 revidentiam3

249 3317 320 3374 sed
349 3333 424 3358 non
453 3317 520 3359 hoc
547 3320 675 3376 agitur
694 3333 710 3357 .·
744 3319 980 3377 probandum
1011 3319 1111 3359 enim
1142 3317 1289 3357 omnino
1319 3312 1382 3355 illi
1411 3314 1642 3357 incumbebat
1671 3313 1771 3369 quod
1797 3326 1840 3353 ta
1857 3312 1935 3354 ibus
1967 3310 2157 3370 generalis

248 3376 503 3436 providentias
531 3374 704 3431 auxiliis,
733 3378 774 3420 id
801 3379 856 3433 est
885 3375 1070 3424 naturalis
1098 3377 1254 3418 rationis
1282 3371 1509 3432 disciplinas,
1537 3370 1632 3430 legis
1661 3371 1979 3426 instruflionibus,
2017 3373 2156 3412 Evan-

248 3433 432 3494 gelicaeve
463 3436 723 3494 pradicationi
762 3438 843 3480 &a
878 3437 1013 3495 gratiae
1052 3452 1187 3478 nomen
1226 3437 1269 3475 S.
1311 3432 1474 3491 Prosper
1495 3431 1619 3487 fuerit
1658 3432 1890 3489 impertitus:
1929 3445 1995 3471 nec
2024 3429 2155 3484 doei‘is-

245 3497 367 3554 fimus
408 3495 577 3536 Criticus
614 3510 730 3538 unum
768 3496 944 3556 Prosperi
980 3494 1102 3538 locum
1141 3495 1268 3544 objicit
1306 3493 1404 3549 quod
1442 3492 1484 3532 in
1522 3492 1621 3534 hunc
1649 3490 1805 3546 sensum
1855 3489 2025 3548 usurpari
2066 3502 2155 3547 pro-

251 3554 387 3597 bentur
406 3585 416 3596 .
457 3558 590 3614 Qem
629 3555 730 3597 enim
767 3553 837 3597 ille
868 3554 1034 3615 protulit
1074 3554 1358 3613 Differtationis
1397 3551 1517 3592 tertiae
1549 3550 1695 3609 pagina
1738 3563 1832 3604 139.
1863 3550 1906 3590 in
1931 3564 2003 3604 quo
2033 3546 2154 3603 loqui-

250 3628 316 3656 tur
345 3617 387 3655 S.
419 3613 582 3671 Prosper
610 3628 642 3654 c.
678 3629 743 3666 14.
774 3612 840 3656 lib.
871 3628 1001 3656 contra
1029 3612 1290 3664 Collatorem,
1319 3611 1363 3653 dc
1388 3610 1562 3668 potentia
1567 3609 1701 3667 gratioe
1713 3608 1789 3649 Dei
1797 3638 1811 3661 ‚
1839 3606 1890 3650 Θ*
1918 3609 1964 3650 de
1973 3608 2089 3649 modis
2098 3623 2151 3647 co-

247 3674 449 3732 gnoscendi
478 3675 604 3714 Deum
627 3685 699 3731 per
728 3672 924 3716 naturalia
952 3672 1118 3727 auxilia,
1147 3670 1246 3715 nihil
1269 3670 1429 3730 probat:
1460 3684 1542 3710 cum
1573 3667 1669 3724 hisce
1698 3667 1934 3728 exterioribus
1962 3667 2152 3718 adjumen-

250 3735 300 3791 tis
325 3734 459 3792 gratiae
490 3747 626 3773 nomen
654 3748 730 3775 non
759 3732 1149 3793 indideritssProsper:
1188 3732 1256 3774 hoc
1277 3728 1403 3786 solum
1433 3724 1501 3770 illo
1533 3729 1576 3770 in
1605 3726 1684 3769 loco
1713 3727 1843 3770 docens
1860 3757 1874 3782 ,
1912 3727 2010 3784 quod
2038 3727 2154 3782 quod-

369 3795 412 3835 S.
445 3791 639 3851 Prosperi.
1537 3790 1567 3829 P
1580 3803 1607 3846 p
1618 3803 1646 3846 p
2001 3784 2094 3828 libet
