2652 4126
553 202 1268 265 CHRoNlcuM

328 289 368 332 sa
399 291 646 351 collapsaque
677 293 752 348 est,
782 296 917 340 mense
949 297 1149 355 Augusto.

381 351 552 406 Joannes
584 354 817 398 monachus.
840 370 1107 411 cognomento
1139 358 1236 400 Cas-

321 405 447 452 slanus
469 413 650 455 Maffiliae
679 413 843 470 insignis
873 417 911 457 &
940 415 1130 459 facundus
1150 417 1239 460 scri·

320 482 414 525 ptor
445 470 634 516 habetur.

310 553 312 557 v
379 529 638 587 Colliguntur
684 543 823 575 omnes
872 534 971 576 anni
1017 534 1136 591 usque
1186 535 1235 578 ad

314 588 586 633 ,Consulatum
627 588 844 634 Theodosii
892 594 1006 634 XIV.
1056 595 1094 636 8<
1144 597 1238 638 Ma-

306 660 446 689 ,xlmi-

309 739 312 742 .
376 708 419 749 A
449 707 540 748 XV.
573 706 732 748 Tiberii
762 721 870 752 anno
900 712 939 753 &
957 710 1132 755 Paffione
1154 715 1239 756 Do-

314 765 444 817 mini,
472 765 571 807 :mni
600 779 760 810 ccccm.

314 866 323 874 ,
376 824 444 866 Ab
475 823 758 868 instauratione
790 829 959 887 Templi
989 829 1057 872 sub
1090 832 1232 887 Dario,

312 883 416 925 anni
455 885 659 930 ncccclrv.

314 982 318 991 ζ
377 943 444 985 Ab
486 939 733 1002 Olympiade
773 943 906 1000 prima
935 947 973 988 &
1003 947 1105 992 Isaia
1143 953 1235 993 Pro.

316 1002 466 1059 pheta,
496 1004 591 1044 anni
625 1013 671 1042 Μ.
705 1014 790 1042 ccx.

376 1064 417 1103 A
458 1061 670 1107 Salomone
720 1061 779 1105 &s
804 1063 936 1118 prima
976 1065 1233 1113 aedificatione

316 1120 486 1177 Templi
517 1123 616 1163 anni
647 1133 697 1164 Μ.
730 1122 934 1168 cccclxvi.

377 1181 418 1221 A
453 1179 596 1235 Moyse
627 1182 665 1223 8<
698 1181 880 1238 Cecrope
911 1198 1003 1242 rege
1045 1188 1194 1232 Attica:
1225 1221 1238 1244 ,

315 1252 412 1281 anni
444 1249 491 1281 Μ.
534 1248 663 1286 Dcccc.
695 1254 757 1283 xc.

373 1299 442 1340 Ab
474 1299 686 1343 Abraham
716 1302 756 1342 &
784 1314 908 1358 regno
948 1305 1054 1347 Nini
1094 1309 1132 1349 8<
1171 1309 1237 1350 Se-

314 1359 537 1400 miramidis
568 1361 666 1406 anni
699 1368 785 1401 ΜΜ.
821 1375 922 1403 cccc.
954 1364 981 1405 l.

316 1442 320 1446 -
376 1419 416 1458 A
450 1419 617 1461 Diluvio
658 1431 823 1473 autem,
864 1421 980 1479 usque
1021 1423 1069 1466 ad
1109 1426 1237 1469 Abra-

313 1476 435 1529 ham,
465 1479 563 1526 anni
596 1486 643 1520 M.
675 1481 790 1522 lxxx.

317 1551 329 1568 ν
374 1537 443 1577 Ab
475 1536 609 1579 Adam
639 1553 759 1593 vero,
789 1538 906 1595 usque
937 1541 987 1583 ad
1007 1544 1237 1598 Diluvium,

314 1596 414 1638 anni
446 1603 537 1638 MM.
569 1611 625 1638 cc.
657 1600 773 1640 xl11.

374 1657 474 1697 Sunt
505 1655 640 1712 itaque
670 1659 720 1699 ab
734 1657 890 1710 Adam,
919 1659 1036 1717 usque
1068 1662 1116 1705 ad
1139 1677 1238 1706 tem-

315 1728 390 1769 pus
421 1714 536 1773 supra
566 1716 800 1774 scriptorum
813 1719 1015 1763 consulum
1028 1724 1238 1781 quinquies

316 1772 429 1815 mille
469 1782 555 1816 occ.
586 1775 703 1819 lx11.

413 1834 596 1872 ASPARE
623 1840 689 1874 ET
713 1841 744 1874 A
772 1841 1028 1878 REOBINDA
1055 1845 1178 1879 COSS.

412 1884 698 1923 THEODOSIO
723 1889 798 1925 XV.
825 1892 890 1927 ET
916 1893 1240 1930 VALENTINIA-

512 1937 586 1971 ΝΟ
613 1938 676 1973 IV.
703 1941 827 1975 COSS-

373 1982 456 2024 Pax
486 1982 591 2025 faeta
621 2000 710 2028 cum
747 1989 938 2037 Vandalis
956 2020 973 2043 ,
1009 1994 1024 2012 ³
1053 1989 1147 2034 data
1185 1992 1241 2035 eis

313 2038 363 2099 ad
393 2040 707 2086 inhabitandum
739 2059 813 2099 per
825 2049 1058 2103 Trigetium
1090 2050 1239 2094 Africae

311 2096 522 2154 portione,
552 2099 751 2154 Hippone
783 2105 866 2145 ΠΙ.
888 2104 979 2146 Idus
1001 2107 1238 2158 Februarii2

371 2153 531 2201 Eodem
573 2167 756 2214 tempore
810 2161 1099 2208 Gundicarium
1140 2167 1237 2207 Bur-

313 2214 561 2271 gundionum
601 2231 739 2274 regem
789 2219 898 2263 intra
939 2222 1089 2265 Gallias
1129 2223 1241 2266 habi-

312 2286 470 2317 tantem
502 2275 651 2320 Aetius
677 2273 694 2300 ¹’
724 2278 829 2321 bello
850 2280 1050 2335 obtinuit,
1081 2296 1241 2339 pacem-

313 2347 390 2390 que
422 2333 460 2375 ei
490 2333 736 2391 supplicanti
767 2335 902 2392 dedit,
930 2355 1008 2396 qua
1048 2354 1131 2383 non
1171 2342 1240 2385 diu

311 2393 461 2447 potitus
500 2393 555 2440 est
583 2423 596 2436 .
637 2394 844 2453 Siquidem
886 2399 1000 2445 illum
1040 2408 1053 2425 ‘²
1093 2402 1241 2449 Hunni

314 2463 407 2492 cum
446 2452 595 2507 populo
634 2466 752 2509 atque
795 2455 915 2515 stirpe
969 2457 1036 2504 sua
1084 2456 1243 2506 deleve-

313 2519 431 2552 runt.

413 2570 618 2610 ISIDORO
643 2571 708 2612 ET
733 2575 997 2613 SENATORE
1021 2577 1141 2611 COSS.

375 2617 504 2661 Gothi
543 2618 651 2678 pacis
691 2621 840 2676 placita
880 2624 1120 2678 perturbant
1148 2652 1162 2677 ,
1201 2624 1239 2664 8<

314 2677 503 2735 pleraque
535 2679 756 2735 municipia
795 2678 947 2722 sedibus
987 2681 1122 2723 vicina
1162 2680 1237 2723 suis

314 2748 537 2792 occupant,
568 2738 825 2785 Narbonensi
865 2739 1021 2803 oppido(
1058 2742 1234 2783 maxime

314 2795 476 2847 infesti,
505 2795 609 2852 quod
648 2812 739 2839 cum
778 2797 846 2840 diu
884 2798 1083 2841 obfidione
1114 2801 1153 2842 8<
1183 2800 1240 2842 sa-

316 2869 382 2897 me
414 2854 613 2899 laboraret
631 2885 645 2909 ,
674 2871 748 2913 per
788 2858 1006 2901 Littorium
1045 2860 1239 2902 comitem

316 2914 368 2956 ab
398 2926 563 2972 utroque
594 2917 770 2972 periculo
800 2917 1012 2960 liberatum
1051 2918 1106 2961 est
1125 2950 1135 2961 .
1179 2921 1238 2962 Si-

305 2972 479 3030 quidem
509 2988 582 3031 per
612 2975 781 3032 fingulos
810 2977 962 3034 equites
992 2977 1100 3021 binis.
1134 2979 1237 3024 triti—

436 3036 479 3074 S.
513 3034 707 3094 Prosperi.

317 3141 434 3176 subiicit
454 3141 660 3176 colle-{lionem
680 3154 826 3176 annorum
847 3144 884 3176 ab
904 3145 972 3177 orbe
991 3146 1110 3178 condito
1130 3146 1188 3177 ἃς.
1207 3156 1241 3177 ex

317 3181 379 3213 Mt.
397 3181 471 3212 Lod.
489 3191 550 3221 quae
570 3182 639 3214 lieet
658 3185 784 3218 mendis,
799 3195 858 3215 non
887 3194 982 3218 careat
1000 3207 1010 3223 ‚
1038 3195 1135 3218 tamen
1159 3187 1240 3225 Juvat

318 3228 477 3262 utcumque
497 3221 534 3254 ad
553 3223 769 3263 comprobanda
787 3235 848 3264 quae
870 3224 935 3257 sunt
958 3228 989 3256 in
1011 3227 1101 3257 editio
1115 3236 1126 3255 :
1147 3226 1240 3256 maxi·

318 3270 366 3290 me
385 3261 405 3291 fi
424 3260 535 3301 aliqu'ot
554 3273 648 3294 annos
668 3275 701 3294 ex
723 3265 873 3296 nonnullis
898 3266 1031 3297 detrahas
1044 3288 1053 3297 .
1080 3267 1151 3303 Quae
1171 3276 1239 3296 cum

318 3299 418 3331 addita
435 3299 522 3331 suerit
542 3301 667 3334 editioni
686 3305 828 3335 Cbronici
840 3316 865 3337 -a
885 3306 1075 3338 Labbeocum
1085 3307 1241 3347 aliquanti-

317 3349 465 3385 merorum
487 3341 574 3372 trium
593 3343 772 3381 diversitate,
794 3354 847 3376 nec
866 3355 921 3376 nos
940 3347 1137 3379 omittendam
1156 3354 1236 3387 puta-

318 3388 428 3410 vnnus.
1125 3409 1130 3414 .

358 3429 375 3449 a
395 3419 443 3450 Sic
462 3419 529 3451 casti
551 3429 616 3452 atur
634 3423 713 3455 locus
732 3435 750 3455 a
768 3424 916 3462 Pontaco,
937 3435 1023 3467 quem
1033 3425 1236 3468 sequiturLab.

318 3457 350 3490 ἃ
370 3457 470 3490 favent
491 3460 525 3490 M
547 3481 557 3491 .
577 3461 666 3494 c01b;
680 3464 716 3498 ἀ
735 3464 804 3495 alii:
823 3476 890 3496 cum
911 3467 1145 3507 antealegeretur
1165 3468 1236 3497 data

317 3499 359 3528 eis
378 3500 418 3529 ad
436 3497 625 3530 habitandum
639 3510 689 3542 per
707 3505 858 3536 triennium
878 3507 909 3535 in
929 3507 988 3536 loco
1009 3507 1106 3545 Afticae
1126 3508 1158 3536 H
1173 3515 1238 3551 pfo-

315 3549 352 3568 ne
372 3549 402 3583 3.
423 3540 466 3570 ld.
485 3537 566 3585 Febr.
587 3540 644 3572 ΜΓ.
665 3551 739 3588 uuus
757 3554 791 3575 ex
811 3545 897 3577 Colb.
916 3545 947 3577 δι
966 3547 1055 3592 code-31
1065 3548 1160 3587 Augur
1175 3551 1238 3577 ,teu

316 3577 416 3650 glot-15),
435 3580 576 3649 :23:512
576 3579 832 3657 0ῖῖαέαέἑῖτηῖἔέ
850 3584 953 3623 Afiicae
966 3593 1073 3626 pomo:
1103 3596 1161 3617 necr
1175 3587 1238 3627 plu-

357 3658 376 3689 b
395 3658 443 3689 sie
464 3658 519 3690 ΜΓ.
538 3658 624 3690 Colb.
644 3669 733 3691 uuus·
754 3661 825 3693 Lab.
845 3663 882 3697 δε
903 3665 978 3704 Aug.
1001 3665 1076 3698 Cod.
1096 3665 1239 3696 Aliibello

315 3697 433 3730 obtrivit
440 3721 448 3729 .

353 3748 370 3768 c
389 3738 482 3808 nde}
505 3739 536 3768 in
556 3737 674 3771 divertis*
689 3739 854 3778 codicibus,
875 3744 976 3785 Hunni·
996 3752 1046 3776 aut
1061 3744 1179 3776 chunni
1186 3755 1238 3775 vo·

315 3786 433 3810 cantur,
479 3789 538 3809 ont.
671 3791 673 3793 ·

354 3816 373 3849 d
395 3818 452 3851 Ms-
473 3818 559 3852 Colb.
579 3827 655 3851 unus
674 3819 852 3861 impleverit·
872 3822 975 3861 Alius,
994 3824 1156 3866 adjuverit.
1177 3826 1238 3857 Au·

1350 219 1983 264 INTEGRUM.
2107 230 2210 282 433

1298 299 1332 338 ci
1367 300 1506 342 modiis
1537 299 1742 353 advefi’tis,
1773 298 2027 342 strenuissime
2069 300 2107 339 8<
2147 301 2216 342 ho-

1296 356 1366 398 stes
1398 361 1441 400 in
1472 360 1607 416 fugam
1640 362 1794 413 vertit,
1833 361 1871 401 &
1910 358 2120 399 civitatem
2150 373 2226 400 an·-

1299 429 1406 459 nona
1435 415 1452 444 ‘¹
1483 419 1699 476 implevit.

1397 481 1549 516 AETIO
1575 483 1619 515 ΙΙ.
1645 482 1711 516 ET
1737 480 2024 517 SIGISVULTO
2048 479 2172 515 COSS.

1358 528 1516 571 Bellum
1549 528 1730 571 adversus
1763 529 1916 572 Gothos
1948 529 2112 573 Hunnis
2151 542 2216 570 au-

1296 585 1527 628 xiliantibus
1558 588 1729 644 geritur.
2142 595 2146 598 ’

1359 647 1408 686 In
1441 646 1580 687 Africa
1613 647 1830 691 Geisericus
1860 662 1931 692 rex
1943 647 2217 690 Vandalorum

1297 704 1405 746 intra
1434 705 1694 748 habitationis
1726 707 1797 749 suae
1829 709 1980 750 limites
1998 708 2216 749 volens'ca-

1297 763 1493 808 tholicum
1531 763 1650 807 fidem
1690 767 1846 809 Ariana
1884 767 2092 824 impietate
2134 764 2217 807 sub·

1296 835 1476 877 vertere,
1506 824 1694 881 quosdam
1734 825 1957 869 nostrorum
1999 824 2215 882 Episcopo-

1298 894 1410 933 rum,
1439 897 1454 914 e
1484 898 1650 940 quorum
1681 884 1866 929 Poffidius
1884 916 1897 939 ‚
1936 887 1975 928 8<
2005 887 2218 935 Novatus‚

1297 953 1342 981 ac
1373 942 1609 983 Severianus
1648 946 1831 986 clariores
1869 957 2015 996 erant,
2053 955 2218 985 eatenus

1294 997 1518 1054 persecutus
1549 1000 1626 1052 est,
1656 1015 1699 1044 ut
1730 1017 1795 1044 eos
1825 1004 2003 1060 privatos
2033 1003 2116 1059 jure
2139 1003 2224 1042 Ba—·

1294 1058 1489 1100 filicarum
1520 1059 1704 1114 suarum,
1734 1062 1857 1104 etiam
1888 1063 2116 1105 civitatibus
2136 1061 2220 1116 pel—

1295 1117 1419 1170 leret,
1448 1133 1538 1160 cum
1568 1119 1742 1177 ipsorum
1774 1121 1995 1167 constantia
2026 1121 2143 1163 nullis
2163 1119 2220 1159 [ιι-ι

1295 1177 1512 1233 perbiffimi
1543 1180 1646 1236 regis
1677 1181 1890 1223 terroribus
1918 1181 2098 1224 cederet.

1358 1238 1667 1280 Valentinianus
1699 1240 1894 1297 Augustus
1935 1239 1983 1283 ad
2027 1238 2217 1282 Theodo-

1296 1295 1394 1337 sium
1427 1298 1654 1354 principem
1696 1299 2090 1357 Constantinopolim
2131 1312 2219 1355 pro·

1299 1353 1504 1410 ficiscitur,
1534 1364 1552 1388 f
1580 1356 1781 1414 filiamque
1812 1359 1891 1415 ejus
1929 1361 1972 1401 in
2014 1359 2219 1400 matrimo-

1299 1415 1412 1456 nium
1443 1417 1612 1473 accipit.

1359 1476 1513 1518 Eodem
1545 1491 1654 1518 anno
1672 1479 1885 1534 pitaricam
1915 1493 1933 1519 ε
1963 1477 2221 1520 barbarorum

1296 1534 1586 1578 foederatorum
1617 1537 1832 1581 desertores
1864 1550 2151 1581 exercuerunt.

1357 1597 1432 1636 Per
1472 1594 1579 1637 idem
1620 1609 1778 1654 tempus
1828 1611 1994 1655 quatuor
2046 1596 2227 1654 Hispani

1300 1653 1402 1704 viri,
1432 1656 1626 1697 Arcadius
1646 1686 1659 1708 ,
1690 1658 1839 1699 Probus
1859 1688 1872 1710 ,
1904 1656 2123 1699 Paschasius
2142 1686 2155 1709 ,
2184 1657 2224 1698 δε

1301 1719 1320 1749 h.
1351 1713 1575 1765 Eutychius
1624 1714 1772 1756 dudum
1822 1716 1927 1772 apud
1978 1715 2233 1758 Geisericum-

1301 1771 1447 1812 merito
1478 1771 1680 1828 sapientia:
1712 1774 1750 1815 δε
1782 1773 1906 1816 fidelis
1936 1775 2112 1830 obsequii
2132 1774 2227 1816 cha-

1300 1830 1510 1887 riclarique
1541 1831 1820 1875 habebantur:
1850 1849 1947 1890 quos
1978 1836 2071 1875 Rex
2103 1844 2144 1874 ut
2163 1846 2226 1874 co-

1301 1889 1518 1945 pulatiores
1547 1891 1619 1932 fibi
1650 1891 1823 1946 faceret,
1854 1894 1895 1935 in
1929 1894 2130 1935 Arianam
2168 1891 2223 1933 se-

1301 1948 1406 1990 &am
1436 1950 1602 1992 tranfire
1632 1954 1854 2009 praecepit.
1886 1955 1946 1995 At
1976 1953 2036 1994 illi
2074 1951 2226 1993 facinus

1300 2006 1607 2050 constantiffime
1657 2011 1887 2067 respuentes
1915 2041 1928 2063 ,
1967 2012 2143 2054 excitato
2182 2013 2228 2051 in·

1299 2066 1584 2111 rabidiffimam
1604 2068 1707 2111 iram
1726 2070 1918 2123 barbaro,
1940 2070 2116 2127 primum
2137 2082 2228 2125 pro—

1298 2126 1435 2181 scripti
1463 2157 1476 2178 ,
1515 2126 1658 2169 deinde
1698 2129 1742 2169 in
1783 2130 1952 2171 exilium
1991 2128 2102 2180 affl,
2140 2140 2228 2170 tum

1302 2184 1549 2226 atrocissimis
1580 2187 1744 2228 cruciati
1785 2187 1987 2244 suppliciis
2015 2217 2028 2239 ,
2067 2186 2117 2228 ad
2159 2200 2228 2243 po-

1304 2240 1492 2291 stremum
1524 2243 1686 2286 diversis
1713 2246 1907 2287 mortibus
1947 2246 2185 2303 interemPti
2214 2275 2228 2298 ‚

1303 2299 1442 2343 illustri
1473 2303 1670 2358 martyrio
1689 2306 1928 2348 mirabiliter
1946 2306 2228 2348 occubuerunt.

1363 2361 1465 2402 Puer
1495 2376 1631 2404 autem
1663 2364 1848 2407 Paulillus
1879 2367 2043 2406 nomine
2062 2394 2076 2418 ,
2105 2365 2229 2406 frater

1304 2417 1499 2459 Paschasii
1529 2422 1567 2461 &
1599 2422 1792 2473 Eutychii
1825 2435 1898 2476 pro
1928 2424 2130 2477 elegantia
2149 2423 2227 2462 for—

1303 2489 1378 2516 mae
1409 2489 1531 2532 atque
1560 2478 1716 2532 ingenii
1748 2477 1962 2520 admodum
1992 2481 2078 2536 regi
2118 2495 2225 2523 acce-

1303 2545 1427 2587 ptus,
1464 2548 1556 2574 curn
1595 2549 1619 2574 a
1657 2535 1893 2591 professione
1931 2551 2049 2595 atque
2090 2553 2229 2582 amore

1302 2590 1507 2632 catholicae
1548 2591 1639 2634 fidei
1688 2595 1805 2636 nullis
1852 2598 1974 2639 minis
2006 2597 2229 2643 deturbari

1300 2649 1448 2704 poffet,
1476 2650 1638 2693 fustibus
1667 2653 1734 2694 diu
1765 2654 1900 2708 caesus,
1930 2655 2008 2698 iad
2037 2657 2221 2701 infimam

1297 2707 1530 2751 servitutem
1547 2709 1776 2755 damnatus
1801 2715 1881 2756 est:
1913 2712 1931 2741 ’ί
1950 2715 2063 2768 ideo,
2092 2730 2135 2759 ut
2155 2733 2224 2775 ap-

1303 2781 1444 2824 paret,
1472 2783 1555 2811 non
1586 2772 1816 2814 interfefflus
1836 2807 1849 2826 ,
1881 2790 1931 2816 ne
1962 2775 2015 2817 dev
2041 2776 2224 2833 superata

1302 2826 1453 2870 saevitia
1483 2830 1603 2886 impii
1634 2832 1737 2888 regis
1767 2834 1891 2875 etiam
1921 2835 1990 2877 illa
2021 2847 2112 2878 aetas
2140 2838 2221 2897 glo-

1300 2900 1490 2930 riaretur.

1397 2950 1685 2988 THEODOSIO
1710 2955 1804 2989 XVI.
1815 2956 1881 2990 ET
1892 2957 2076 2992 FAUSTO
2100 2959 2229 2995 COSS..

1357 2999 1451 3040 Hoc
1481 3014 1636 3062 quoque
1669 3015 1776 3044 anno
1807 3003 1930 3047 iidem
1963 3006 2100 3062 piratae
2121 3007 2220 3048 mul-

1728 3063 1837 3109 ,Iii
1904 3078 1926 3109 2,
2104 3077 2166 3109 tas,

1299 3144 1375 3185 gusto
1393 3145 1526 3184 adiuvit·

1340 3195 1355 3216 e
1377 3184 1454 3254 {ize
1474 3186 1572 3219 addita
1591 3197 1626 3218 ex
1646 3188 1717 3220 edit.
1739 3188 1813 3220 Lab.
1831 3188 1862 3220 δι
1883 3189 1940 3220 Ms.
1960 3190 2034 3222 Lod.
2054 3201 2078 3225 a
2091 3191 2225 3223 Pontaco

1299 3234 1383 3255 recen
1396 3234 1456 3256 ito.

1341 3265 1357 3293 f
1374 3265 1484 3296 Eadem
1514 3267 1610 3301 scribit
1630 3267 1662 3299 δι
1682 3267 1732 3299 sub
1753 3267 1853 3299 iisdem
1873 3268 2049 3302 Consulibus
2076 3270 2221 3302 Marcelli-

1301 3315 1370 3335 nus.
1389 3304 1444 3335 Sed
1464 3307 1595 3340 Socrates
1616 3307 1666 3338 lib.
1688 3320 1715 3343 7.
1736 3319 1798 3348 cap.
1819 3319 1866 3344 44.
1886 3308 2012 3340 Cassiod.
2032 3309 2132 3340 lib.12.
2153 3309 2220 3342 hist.

1300 3345 1431 3383 Tripart.
1452 3355 1515 3385 cap.
1540 3357 1585 3384 ¹3·
1608 3348 1757 3378 Diaconus
1777 3350 1827 3378 lib.
1851 3357 1895 3384 ¹4.-
1916 3349 2086 3387 rejiciuntin
2098 3350 2219 3390 superio-

1296 3395 1359 3415 rem
1379 3383 1578 3420 consulatum,
1605 3387 1662 3418 Cui
1682 3388 1777 3428 potius
1797 3388 1938 3418 adhaereas
1959 3392 2010 3419 vix
2029 3390 2147 3424 iudicari
2167 3399 2219 3431 po-

1298 3426 1349 3456 test
1366 3445 1372 3452 .
1401 3425 1472 3455 Haec
1498 3434 1598 3456 autem
1618 3426 1681 3460 filia,
1697 3427 1855 3460 vocabatur
1872 3429 1996 3459 Eudoxio
2024 3429 2083 3461 filia
2102 3430 2219 3462 alterius

1298 3464 1456 3496 Eudoxiae.
1477 3466 1592 3498 Paucae.
1610 3467 1662 3496 col.
1681 3468 1750 3504 786.
1931 3499 1933 3501 ,

1336 3516 1355 3545 g
1376 3505 1411 3535 In
1433 3504 1602 3544 quibusdam
1622 3507 1768 3537 codicibus
1787 3505 1903 3539 barban·
1916 3508 2077 3548 pyraticam
2096 3518 2219 3540 (κειται-ι

1299 3555 1380 3577 rum.
1399 3543 1511 3576 Desunt
1531 3546 1589 3576 haec
1607 3548 1683 3586 apud
1704 3547 1775 3579 Lab.
1790 3547 1904 3580 Chi-on.

1337 3587 1355 3615 h
1380 3585 1462 3623 Apud
1483 3585 1647 3621 Labbteum.
1667 3586 1868 3619 Euticbianur.
1891 3587 1972 3619 Idem
1993 3588 2097 3624 addit,
2124 3587 2221 3628 chari,

1295 3626 1327 3657 ἂ
1348 3625 1443 3664 postea
1463 3625 1493 3653 in
1512 3626 1650 3655 Arianam
1667 3625 1835 3666 perfidiam*

1337 3667 1346 3694 i
1368 3666 1414 3695 Sic
1443 3664 1499 3695 Ms.
1519 3665 1586 3696 Col.
1609 3675 1704 3704 unus,
1720 3667 1841 3708 August.
1858 3666 1948 3700 codex
1965 3666 1995 3699 &
2015 3668 2126 3701 Chron.
2147 3670 2221 3701 Lab-

1298 3706 1360 3735 bei.
1387 3704 1421 3733 ln
1442 3705 1522 3739 aliis,
1541 3706 1582 3734 ad
1599 3705 1746 3742 infamem.
1808 3713 1811 3715 '

1335 3745 1356 3775 k
1378 3747 1422 3775 Ita
1441 3745 1554 3775 chron.
1574 3746 1646 3775 Lab.
1666 3755 1732 3776 cum
1755 3746 1820 3785 ΜΠ.
1839 3745 2038 3780 Colb.duobus
2053 3747 2083 3782 δι
2102 3750 2221 3791 August.

1299 3784 1403 3821 Alibi,
1421 3794 1469 3814 nec
1488 3786 1564 3821 ideo,
1584 3795 1618 3815 ut
1637 3794 1770 3826 apparet,
1792 3787 1974 3825 interfbfiusa
2030 3829 2032 3831 ι
2208 3810 2211 3816 ·

2301 1748 2319 1776 h
