2652 4126
2248 213 2279 266 7

355 315 633 363 ’ἔκκςὲὔόθὲῤ
646 318 921 365 vostram&
930 319 1062 365 &aete
1068 320 1203 368 &Aah
1212 320 1487 369 ἓῖθῖὧῦόἥέςῧ
1499 323 2063 373 ἓῶἐόᾕῆἐόῦῧθέῡῧὲῥ
2074 326 2276 374 fflffiffi!

367 416 451 576 J
463 417 1238 564 ULIANI
1362 421 2259 569 POMERII

586 634 671 687 IN
711 632 954 688 LIBROS
995 637 1092 689 DE
1132 636 1313 691 VITA
1353 637 2040 713 CONTEMPLATIVA,

471 759 637 834 AD
691 761 1317 865 JULJANUM
1376 766 2171 858 PONTIFICEM·

951 916 998 970 P
1041 914 1101 967 R
1145 918 1190 970 O
1234 918 1281 974 L
1324 920 1369 970 O
1411 919 1465 972 G
1507 921 1566 974 U
1605 917 1670 973 s,

343 3076 562 3117 admonitus,
586 3074 681 3122 quod
707 3073 768 3110 fibi
794 3072 899 3111 deesse
925 3075 1054 3112 viderit
1073 3087 1240 3125 ,quierat
1264 3089 1275 3113 3

345 3124 442 3174 quod
463 3127 652 3168 invenerit,
677 3134 808 3162 teneats
833 3126 972 3174 &quod
983 3130 1152 3170 tenuerit,
1176 3131 1278 3176 eper-

346 3176 536 3212 severanter
557 3184 713 3211 exerceat
733 3189 742 3211 :
768 3184 826 3211 aut
847 3174 871 3212 fi
889 3172 983 3224 quod
1007 3174 1067 3214 fibi
1093 3177 1136 3214 de
1155 3177 1277 3214 divinis

348 3226 470 3264 litteris
497 3224 713 3274 propositum
739 3225 870 3269 fiterat,
896 3225 1074 3265 salubriter
1099 3229 1244 3265 tra6tare
1265 3251 1279 3269 ,

389 3373 408 3410 ².
427 3361 493 3394 Mis.
511 3361 585 3393 duo.
603 3361 716 3403 Regius
736 3373 810 3394 unus
824 3384 833 3399 ‚
854 3363 886 3395 &
905 3364 1145 3396 Camberoncnfis
1164 3386 1174 3402 ‚
1189 3365 1279 3405 susce—

348 3412 479 3474 p‘rssms‘ic
499 3440 567 3472 Mis.
585 3441 715 3483 quinque
733 3453 803 3474 cum
824 3443 906 3474 Edit.
926 3444 1116 3486 Lugd.1539.
1138 3445 1204 3477 Mff.
1226 3446 1284 3475 duo

359 3481 391 3514 ἃ
419 3481 496 3529 Edd.
515 3481 608 3514 Duae.
628 3483 663 3516 ἃ
682 3481 793 3514 Colon.
818 3485 951 3525 quamvis
981 3484 1101 3523 infirmis
1128 3485 1284 3516 cervicibus

353 3534 424 3594 οἵ,
431 3520 708 3593 ὧωΐξοέῑὲῗὺωεηείζιζε
717 3523 790 3594 [thurii-s
798 3583 807 3597 ,
829 3563 1052 3603 disputationum
1061 3589 1068 3597 .

392 3604 412 3634 d
434 3600 503 3635 Mis.
523 3609 650 3641 quatuor
667 3611 735 3632 cum
757 3602 813 3633 Ed.
822 3603 917 3643 Lugd.
938 3614 992 3633 non
1011 3604 1122 3642 instruit
1140 3604 1286 3635 invenien—

353 3643 392 3677 tis
413 3653 422 3675 :
443 3641 508 3676 sed,
529 3648 561 3671 ut
583 3639 714 3677 videtur,
735 3642 832 3672 minus
852 3643 939 3673 bene.

391 3694 407 3714 e
428 3685 476 3713 Ita
496 3680 561 3711 ΜΠ.
581 3681 727 3720 quinque.
750 3681 888 3712 Ms.unus
909 3683 940 3713 δι
961 3681 1036 3714 Edd.
1056 3683 1221 3724 diligenter.

393 3723 408 3754 f
426 3723 482 3753 ΜΓ.
501 3720 759 3757 (Σειηὶκτοηεηίῑς,
777 3723 898 3761 poterit.

433 3761 522 3793 Abest
544 3770 602 3790 vox
621 3761 758 3791 veritatis
777 3771 794 3791 a
817 3761 873 3792 ΜΤ.
893 3760 1001 3793 Camb.

434 3802 505 3833 Mss.
526 3800 601 3837 duo,
621 3801 810 3832 enubilanda.
832 3801 887 3832 Ms-
909 3811 1000 3839 unus,
1019 3802 1203 3834 innubflaeta.

1333 3075 1495 3123 gulariter
1521 3077 1725 3122 imperatum
1751 3086 1874 3110 munus
1901 3074 2116 3122 implevero,
2141 3082 2261 3115 nonni-

1333 3124 1386 3163 hil
1411 3124 1639 3162 aedificationis
1658 3124 1781 3160 talium
1803 3123 1974 3162 studiofisi
2001 3123 2129 3162 horum
2151 3132 2186 3164 δε
2206 3127 2261 3165 his

1336 3175 1497 3213 similium
1538 3172 1769 3223 capitulorum
1803 3175 2029 3223 explicatione
2064 3176 2261 3214 conferi-et.

1337 3231 1502 3266 Ceterum
1528 3225 1552 3261 fi
1577 3224 1616 3261 tu
1641 3238 1678 3262 ea
1703 3221 1865 3268 nescires,
1891 3235 2063 3273 nunquam
2087 3237 2182 3264 tanto
2208 3242 2263 3264 or-

2135 3278 2213 3317 dine

1378 3363 1388 3393 i
1412 3362 1466 3394 Ms.
1485 3362 1590 3393 Camb.
1606 3361 1810 3401 pracipitabit.

1382 3403 1400 3432 k
1425 3402 1498 3432 Edd.
1517 3412 1583 3432 cum
1606 3402 1661 3433 Ms.
1682 3411 1742 3431 uno
1760 3402 1835 3440 quod
1853 3402 1940 3431 dicit.

1381 3443 1390 3472 l
1414 3441 1478 3472 ΜΠ.
1500 3443 1646 3481 plerique,
1663 3440 1760 3479 jubes.

1383 3494 1411 3513 m
1436 3482 1491 3512 ΜΓ.
1513 3491 1604 3517 unus,
1625 3481 1860 3520 Contemplaeivae
1880 3482 1962 3511 vita.

1383 3533 1402 3552 n
1425 3521 1481 3552 Ms.
1501 3530 1590 3556 unus,
1610 3529 1660 3558 pro
1679 3522 1897 3560 congregandis.

1383 3573 1403 3592 o
1423 3562 1470 3591 Sic
1490 3561 1556 3590 Mis.
1576 3561 1636 3590 duo
1656 3570 1722 3590 cum
1745 3561 1799 3590 Eu.
1821 3559 2055 3599 Lnga-&Duae
2076 3561 2111 3592 In
2133 3562 2197 3593 aliis
2217 3563 2265 3592 de-

1345 3601 1400 3636 est,
1422 3609 1553 3631 tantum.

1378 3653 1397 3681 p
1420 3641 1474 3670 Ms.
1491 3650 1582 3674 unus,
1604 3640 1722 3679 origines
1737 3638 1874 3668 malorum
1889 3639 2025 3678 definiunt
2042 3641 2183 3675 omm‘um.

1379 3692 1398 3720 q
1421 3681 1467 3710 Sic
1491 3679 1554 3709 ΜΠ.
1574 3679 1620 3709 sex
1641 3688 1708 3708 cum
1733 3680 1810 3709 Edit.
1834 3680 1929 3719 Lugd.
1949 3683 2009 3711 Alii
2031 3681 2111 3714 Editi
2133 3682 2264 3711 cufflMs.

1342 3731 1417 3751 uno.
1435 3721 1492 3749 sed
1509 3729 1542 3749 ut
1560 3718 1652 3756 vestra
1673 3723 1766 3759 magis
1784 3729 1853 3748 cura
1866 3721 1972 3758 sciret,
2004 3733 2013 3752 ι
2033 3721 2214 3760 regulariter.
2227 3744 2265 3753 ...

1340 3760 1527 3800 capitulorum
1551 3758 1735 3799 explicatione
1753 3759 1886 3797 confini.
1907 3761 1982 3791 Cam
2005 3771 2084 3793 eron.
2097 3761 2154 3793 Ms.
2169 3772 2200 3791 ut
2219 3774 2267 3791 ve-

1336 3801 1396 3840 stra
1418 3799 1551 3841 magistra
1571 3809 1654 3830 cura.

353 1075 368 1110 ,’”
473 1091 485 1094 ·’
511 1105 515 1107 .
600 1078 609 1112 'l
636 1076 672 1111 U
700 1073 919 1123 multumque
929 1074 1053 1112 renisus
1080 1075 1151 1112 sum
1162 1077 1285 1115 volun-
1343 1080 1381 1115 &
1411 1075 1615 1114 sufficienter
1640 1078 1810 1126 explicare
1829 1076 1844 1101 f
1859 1085 2010 1129 potuerit
2031 1096 2040 1117 t
2076 1096 2144 1118 non
2165 1083 2205 1119 de
2225 1087 2274 1120 in·
2370 1078 2386 1107 f

575 1108 610 1182 Ἴ
657 1126 704 1160 ati
730 1135 817 1167 tuae,
844 1129 893 1162 mi
914 1124 1069 1162 Domine
1094 1126 1284 1166 studiosiffi-
1331 1131 1506 1164 ventione
1525 1133 1542 1159 8
1561 1132 1715 1165 veritatis
1728 1130 1887 1173 infletur,
1913 1130 1969 1168 sed
1987 1135 2021 1168 in
2043 1135 2202 1174 Domino
2212 1139 2270 1182 qui
2368 1129 2387 1188 ξ

422 1181 434 1206 ι’
609 1203 611 1211 ,
641 1185 698 1211 me
715 1175 896 1212 Ponficum
921 1175 1070 1218 Julianei
1098 1190 1169 1214 non
1187 1179 1282 1215 velut
1342 1190 1422 1215 eum
1448 1182 1537 1215 intus
1563 1179 1795 1222 illuminavit,
1821 1191 1859 1218 ut
1877 1178 1896 1204 ¹²
1915 1181 2135 1223 illuminanda
2146 1198 2272 1231 cogn&
2379 1169 2389 1187 ι

351 1235 404 1271 «3
641 1228 864 1272 pertinaciter
888 1225 991 1263 durus
1009 1251 1021 1269 ,
1049 1226 1104 1262 sed
1131 1233 1282 1278 propriae
1341 1228 1469 1271 sceret,
1495 1229 1682 1276 glorietur.
1710 1230 2002 1278 Quandoquidem
2029 1231 2164 1270 scientia
2192 1235 2272 1271 ficut

322 1290 326 1293 Δ
350 1242 546 1329 &jak-l
576 1267 609 1322 ,ξ
639 1275 916 1323 impoffibilitatis
934 1275 1149 1314 admonitus.
1177 1279 1283 1317 Vidc-
1341 1278 1408 1329 sine
1432 1279 1527 1315 dono
1550 1282 1640 1322 Dei,
1667 1279 1762 1327 quod
1781 1279 1830 1316 est
1856 1281 2024 1326 charitas,
2050 1282 2165 1321 inflats
2193 1284 2270 1320 itafi
2314 1316 2324 1336 ¹
2340 1309 2396 1337 cor
2419 1307 2434 1333 Β

350 1324 351 1328 ’
536 1332 545 1334 “’
642 1324 842 1363 baturenim
860 1325 974 1370 mihi,
999 1332 1033 1363 &
1055 1329 1124 1373 jure
1144 1328 1281 1366 forsitan
1342 1333 1372 1366 ei
1398 1328 1543 1366 charitas
1568 1329 1812 1373 admisceatur,
1839 1331 1999 1368 aedifieat.
2028 1336 2082 1369 Ac
2108 1333 2271 1382 perhoc,
2330 1329 2338 1338 ⁸
2400 1330 2406 1336 ⁶
2439 1329 2448 1340 ’

341 1373 524 1412 videbatur
550 1398 563 1418 ‚
605 1375 703 1424 quod
737 1379 840 1412 etiam
882 1376 946 1426 ipsi
980 1377 1283 1428 praesumptionem
1341 1384 1401 1428 qui
1427 1380 1468 1416 de
1487 1382 1569 1416 Deo
1594 1379 1690 1428 loqui
1711 1381 1884 1424 voluerit,
1909 1394 1966 1419 aut
1990 1380 2079 1419 nihil
2105 1384 2210 1427 dicit,
2236 1389 2271 1422 δε

339 1435 454 1466 meam
480 1423 669 1474 potuissetis
703 1426 906 1475 improvidae
938 1431 1139 1466 temeritatis
1164 1443 1278 1479 argue·
1338 1430 1429 1466 nulla
1464 1427 1571 1467 eumi
1595 1434 1785 1478 praecipitat
1810 1432 1942 1468 inflatio
1968 1447 1979 1468 r
2002 1445 2068 1470 ‚aut
2095 1434 2117 1469 fi
2142 1434 2271 1483 aliquid
2369 1429 2377 1458 i

339 1486 400 1518 re,
425 1475 447 1511 fl
474 1486 602 1512 tantam
629 1488 702 1514 rem
722 1501 735 1520 ‚
768 1489 844 1525 quae
869 1481 987 1526 utique
1025 1477 1103 1515 ess'et
1136 1479 1277 1529 operose
1337 1480 1465 1517 dixerit
1476 1480 1498 1526 ²,
1525 1485 1558 1517 &
1585 1480 1615 1516 se
1641 1481 1825 1518 crediderit
1849 1497 1866 1518 a
1895 1485 1973 1518 Deo
1991 1482 2149 1532 accepisse
2175 1485 2269 1534 quod

338 1526 535 1569 traetanda,
560 1526 660 1563 facile
683 1539 723 1564 ac
747 1526 815 1564 fine
839 1528 911 1565 ulla
937 1527 1181 1567 deliberatione
1201 1530 1278 1568 ⁸su·
1339 1527 1482 1574 kdixit,
1507 1529 1610 1568 habet
1636 1532 1723 1568 unde
1749 1535 1831 1569 Deo
1849 1536 1970 1580 gratias
1996 1545 2090 1582 agan
2118 1548 2186 1570 non
2211 1534 2272 1572 ha-
2368 1527 2386 1557 k

338 1575 535 1624 sciperem:
569 1589 647 1613 cum
676 1589 732 1613 me
767 1589 948 1626 oporteret
983 1583 1076 1629 prius
1104 1580 1203 1629 ipfius
1229 1585 1279 1618 rei
1338 1580 1396 1618 bet
1422 1581 1518 1630 quod
1546 1585 1670 1629 ingenii
1697 1581 1745 1619 sui
1772 1583 1904 1620 viribus
1929 1583 2035 1620 elatus
2061 1584 2243 1621 adscribat.

337 1626 471 1675 pondus
494 1650 508 1670 ‚
541 1626 631 1663 unde
657 1627 841 1665 dicendum
868 1629 982 1672 foret,
1008 1628 1030 1650 *
1049 1632 1243 1679 expendere
1267 1646 1278 1671 ς
1391 1645 1420 1678 3.
1446 1632 1511 1669 Sed
1537 1633 1603 1679 jam
1629 1632 1697 1680 ipsa
1716 1633 1888 1681 capitula,
1913 1647 1987 1680 quae
2012 1644 2197 1682 utcumque
2208 1635 2272 1671 sol-

336 1681 372 1714 &
399 1676 464 1720 fic,
489 1675 667 1724 adjuvante
689 1681 873 1723 Domine,
899 1679 923 1715 fi
945 1684 1034 1717 vires
1060 1680 1200 1719 facultas
1219 1696 1278 1718 ex-
1337 1681 1447 1719 venda
1467 1681 1715 1730 proposuistis,
1733 1683 1909 1720 adtexam.
1936 1681 2080 1730 ltaque¹
2102 1683 2221 1729 jubetis
2233 1697 2282 1726 ut⁴
2370 1677 2379 1705 ¹

335 1727 472 1776 plorata
490 1731 736 1777 promitteret,
763 1729 804 1766 ad
814 1728 885 1766 hoc
895 1730 1152 1779 arripiendum,
1181 1733 1278 1780 quod
1337 1735 1456 1781 paucis
1480 1731 1653 1767 edisseram
1678 1756 1690 1773 ‚
1715 1745 1789 1778 quae
1813 1733 1852 1768 fit
1879 1736 1957 1768 vitae
1983 1735 2271 1782 Contemplativae

333 1774 495 1826 juberetis
522 1778 698 1815 accedere.
727 1782 794 1816 His
820 1784 854 1817 δε
882 1780 1005 1818 talibus
1022 1781 1168 1820 sollicita
1192 1794 1276 1819 con·
1336 1786 1550 1831 proprietasi
1576 1785 1610 1817 δι
1637 1781 1721 1828 quid
1747 1785 1836 1817 inter
1863 1782 1965 1830 ipsam
1987 1787 2021 1819 δε
2042 1785 2204 1819 Αᾶὶναιῃ
2225 1787 2272 1818 vi-

336 1827 539 1865 fideratione
567 1829 773 1878 perfpeffis,
799 1832 1015 1869 necess'arium
1041 1832 1149 1876 duxi,
1173 1843 1211 1870 ut
1220 1845 1276 1870 me
1335 1844 1407 1869 tam
1434 1830 1563 1868 interfit
1583 1856 1595 1874 ,
1629 1841 1754 1880 quanta
1792 1830 1923 1879 possum
1959 1831 2123 1868 brevitate
2148 1832 2272 1869 distin-

333 1877 530 1926 aliquandiu
557 1893 574 1916 a
600 1879 767 1917 scribendi
802 1881 1067 1931 presumptione
1103 1883 1276 1933 suspende-
1337 1895 1438 1930 guam
1457 1909 1466 1919 .
1501 1885 1631 1919 Utrum
1668 1884 1695 1917 is
1727 1885 1782 1918 eui
1817 1881 1974 1918 Ecclesia·
2007 1882 2159 1930 regendae
2194 1897 2273 1920 cura
2351 1904 2379 1925 m

332 1939 408 1965 rem
428 1956 436 1964 .
476 1928 539 1966 Sed
564 1934 646 1978 quia.
680 1931 862 1978 cogitanda
886 1931 950 1969 fisit
986 1935 1128 1979 injunffi
1162 1932 1276 1982 operis
1337 1930 1513 1969 commissa
1534 1931 1604 1974 est,
1625 1931 2094 1980 .contemplativae¹¹¹virtutis
2115 1933 2186 1968 fieri
2199 1947 2273 1982 par-

331 1978 518 2016 difficultas
533 2004 545 2022 ,
568 1983 617 2016 ita
643 1984 788 2028 cogitari
805 1980 925 2019 debuit
952 1985 1155 2031 injungentis
1179 1994 1276 2021 auto·
1336 1987 1442 2031 ticeps
1459 1982 1561 2031 poffit
1575 2008 1583 2017 .
1610 1984 1740 2018 Utrum
1759 1985 1995 2029 aequanimiter
2019 1982 2271 2018 sustinendismt

332 2033 437 2072 ritas,
463 2043 526 2066 nec
551 2030 681 2072 volui,
718 2041 783 2067 nee
805 2031 910 2068 debui
937 2033 1176 2084 usquequaque
1203 2033 1277 2070 reli·
1334 2034 1450 2070 divina
1477 2041 1642 2080 praecepta
1670 2031 1834 2067 calcantes
1855 2057 1867 2075 ‚
1901 2044 1942 2067 an
1970 2043 2036 2079 pro
2061 2031 2170 2068 modo
2195 2046 2272 2079 pec-

330 2077 424 2112 ¹sterve
445 2100 458 2119 ‚
494 2087 606 2113 certus
632 2079 729 2124 quod
754 2083 846 2116 vires
871 2092 963 2117 meas
990 2084 1104 2119 multo
1130 2085 1276 2134 amplius
1333 2087 1401 2122 cati
1427 2082 1579 2119 debeant
1614 2080 1843 2118 Ecclefiastica
1877 2079 2053 2117 severitate
2088 2086 2226 2129 coargui
2261 2111 2269 2120 .

329 2126 507 2173 adjuvaret
533 2135 590 2162 tua
616 2129 846 2174 praecipientis
865 2132 1004 2172 oratio,
1029 2144 1131 2177 quam
1158 2146 1276 2179 grava·
1333 2137 1463 2171 Utrum
1482 2139 1499 2155 ¹¹
1519 2130 1762 2179 congregandis
1785 2130 1943 2167 fratribus
1963 2142 2020 2167 aut
2038 2131 2163 2168 alendis
2177 2158 2188 2175 ,
2214 2146 2271 2169 ex-
2369 2133 2390 2155 ¹²

329 2185 385 2214 ret
412 2174 512 2225 ipfius
533 2179 684 2212 materiae
702 2176 924 2224 magnitudo.
951 2179 1089 2221 Deinde
1116 2180 1174 2216 illa
1194 2193 1276 2217 con-
1335 2182 1450 2230 pedidt
1472 2182 1648 2225 fieultates
1684 2180 1840 2216 aeclesias
1874 2181 2035 2228 poffideri
2053 2205 2065 2222 ,
2098 2195 2137 2217 an
2167 2183 2272 2229 perfe-

333 2226 492 2264 fidentio
526 2229 680 2263 animum
703 2236 831 2262 -meum
864 2226 930 2264 sitis
956 2226 1088 2265 viribus
1121 2229 1277 2266 diffidcn—
1336 2233 1463 2266 &ionis
1495 2241 1615 2265 amore
1641 2233 1844 2264 contemni.
1880 2232 1967 2274 Quae
2000 2230 2040 2265 fit
2066 2230 2272 2268 abstinentiae

332 2287 430 2319 tem,
454 2279 490 2312 in
509 2275 682 2314 audaciam
702 2274 880 2313 subeunda
899 2282 1138 2327 praeceptionis
1157 2279 1277 2316 vestrae
1335 2279 1503 2317 credenda
1530 2278 1699 2327 perfeffio
1719 2292 1728 2313 :
1753 2283 1789 2314 δι’,
1817 2289 1933 2314 utrum
1946 2284 2103 2315 ‘'tantum
2131 2286 2271 2329 corpori
2369 2290 2388 2310 ⁰

326 2326 499 2377 Nperduxit
519 2340 531 2365 3
554 2326 650 2375 quod
676 2328 742 2374 jam
768 2337 840 2363 non
866 2325 1074 2366 humilitatis
1099 2327 1176 2366 ess'et
1227 2343 1278 2366 er·
1335 2344 1376 2367 an
1404 2335 1439 2367 Sc
1466 2332 1588 2365 animae
1613 2325 1789 2365 necess'aria
1815 2327 1936 2365 debeat
1960 2329 2100 2375 judicari
2122 2358 2130 2365 .
2158 2333 2271 2376 Quam

334 2377 526 2414 severanter
551 2387 668 2414 tenere
693 2377 860 2414 filentium
880 2403 892 2422 ‚
918 2378 974 2416 fied
1000 2378 1179 2428 superbiae
1225 2390 1276 2417 rra
1316 2391 1411 2418 >rum
1436 2393 1455 2416 a
1472 2377 1659 2415 virtutibus
1685 2382 1773 2414 veris
1791 2382 1957 2415 virtutum
1983 2379 2273 2419 similitudinesdi-

319 2438 500 2468 -renuere‚
524 2430 681 2474 quamvis
707 2427 852 2464 infirmis
876 2426 1192 2467 cervicibusbonus
1217 2435 1279 2466 im-
1338 2431 1444 2467 stent.
1472 2427 1610 2473 Quibus
1628 2426 1896 2477 praecedentibus
1922 2427 2065 2462 caufis&
2077 2427 2271 2476 subsequen-

364 2474 487 2510 ofitum
507 2487 516 2508 =
541 2479 707 2511 cuioneri
726 2476 948 2523 sustinendo,
973 2480 1032 2515 etfi
1059 2492 1132 2516 mea
1160 2493 1213 2515 me
1227 2493 1279 2514 ru·
1339 2478 1432 2515 tibus
1456 2475 1679 2510 incrementis
1701 2472 1789 2506 nasci
1817 2472 1945 2508 soleant
1970 2477 2074 2516 vitia,
2099 2477 2154 2512 vel
2175 2487 2270 2527 auge-

338 2487 463 2562 aionas
487 2521 631 2558 faciebat
658 2525 847 2561 invalidum
872 2550 885 2570 ‚
909 2528 1020 2566 vestra
1046 2529 1127 2564 fieri
1146 2527 1278 2564 cred-idi
1338 2530 1368 2561 ri
1388 2538 1398 2558 τ
1424 2528 1459 2558 &
1486 2519 1610 2569 quibus
1638 2520 1785 2568 potant,
1808 2521 1986 2566 adiuvante
2011 2526 2193 2570 Domino,
2221 2543 2270 2565 re-

339 2574 407 2613 fide
433 2576 492 2622 qui
517 2571 708 2619 jubebatis,
735 2572 920 2612 idon-eum.
1307 2588 1312 2594 ·
1338 2571 1460 2609 mediis
1479 2596 1493 2614 ,
1526 2569 1622 2607 velut
1647 2569 1849 2618 quibufflam
1876 2573 2129 2612 medicamentis
2154 2580 2269 2615 immi-

394 2634 425 2659 ι.
451 2624 534 2660 Hoc
568 2632 708 2670 quoque
733 2622 820 2659 mihi
843 2624 987 2660 audendi
1018 2623 1151 2672 ’aliquid
1194 2623 1279 2661 fidu-
1337 2626 1421 2665 nui,
1447 2621 1503 2658 vel
1529 2619 1654 2657 sanari.
1681 2624 1783 2666 Quot
1802 2622 1915 2659 modis
1942 2624 1996 2660 vel
2022 2625 2179 2672 gradibus
2191 2641 2268 2666 una-

340 2678 428 2713 eiam
438 2671 559 2714 dabat,
582 2670 887 2721 quodmagnarum
914 2683 1030 2711 rerum
1056 2672 1274 2724 magnusipse
1338 2684 1482 2722 quaeque
1503 2671 1729 2719 *virtuspoffit
1753 2672 1909 2720 impleri.
1936 2676 1983 2710 Et
2008 2687 2050 2710 an
2077 2687 2155 2714 vera
2181 2678 2268 2716 fitil-

340 2731 482 2763 consttus
506 2720 583 2759 effer
607 2747 618 2764 ‚
653 2721 780 2758 etiamfi
806 2722 918 2759 nullus
940 2728 953 2745 ⁰
976 2722 1203 2773 disputantem
1229 2723 1274 2761 st:-
1334 2724 1365 2760 la
1390 2720 1686 2770 Philosophorum
1706 2720 1889 2765 sententia,
1912 2736 1987 2772 quae
2001 2728 2179 2763 'virtutum
2193 2743 2267 2765 om-

343 2783 504 2824 queremr
526 2771 684 2809 efferans.
710 2772 886 2821 Siquidem
913 2771 1129 2811 necessarium
1154 2777 1275 2817 traeta-
1333 2775 1436 2815 nium
1458 2772 1553 2809 velut
1578 2772 1689 2808 fontes
1713 2772 1880 2820 quosdam
1906 2783 2057 2821 quatuor
2082 2780 2225 2815 virt-ntes
2253 2793 2266 2819 ,-

343 2828 398 2862 tio
414 2823 666 2873 quaestionum,
684 2821 742 2858 etfi
762 2836 831 2858 non
844 2821 1085 2861 instm-itdnon
1104 2829 1276 2862 invenien-
1335 2828 1420 2861 vitia
1445 2835 1584 2872 quoque
1608 2833 1756 2870 quatuor
1775 2848 1788 2864 ,
1810 2822 1906 2860 velut
1931 2823 2090 2872 quasdam
2117 2832 2266 2873 origines

341 2879 386 2912 tis
413 2874 507 2923 quod
531 2875 653 2921 quaerit
676 2875 829 2909 animum
850 2885 860 2915 ;
885 2885 1021 2910 exercet
1047 2874 1163 2911 saltem
1188 2888 1274 2925 quae-
1334 2874 1506 2911 malorum
1524 2877 1542 2903 P
1561 2875 1718 2911 omnium
1737 2872 1875 2909 definit·
1903 2877 1988 2910 Haec
2006 2873 2080 2911 sunt
2100 2881 2262 2915 nimirum
2364 2877 2382 2907 Ρ

342 2926 446 2963 rentis
473 2926 646 2971 ingenium
668 2937 678 2958 ε
711 2933 751 2959 ut
777 2929 834 2959 ant
854 2925 992 2965 noverit
1018 2923 1070 2972 st·
1094 2921 1275 2967 uaetendm
1334 2925 1453 2961 decem
1475 2950 1486 2967 ‚
1513 2937 1587 2971 quae
1613 2936 1630 2959 a
1656 2935 1711 2959 me
1738 2923 1893 2959 voluistis
1919 2923 2059 2960 enodari
2085 2928 2232 2975 capitula
2252 2955 2263 2971 ,

343 2978 379 3014 &
404 2970 491 3011 nihil
514 2973 720 3009 inveniendo
747 2970 872 3010 nescire
896 2973 992 3024 q'uod
1012 2974 1043 3011 se
1067 2938 1157 3022 lbrte
1184 2973 1274 3012 noire
1335 2989 1405 3012 non
1430 2985 1468 3011 ut
1487 2973 1658 3010 absolutio
1682 2985 1803 3009 eorum
1815 2972 1914 3008 vobis
1941 2973 2069 3021 aliquid
2096 2981 2264 3024 cognitio-

344 3021 597 3075 proesumpserat
617 3034 628 3061 ί
662 3027 695 3059 &
723 3027 920 3069 ignoranti}
944 3024 1009 3062 fiiae
1031 3019 1274 3074 consequenter
1316 3029 1384 3069 gnis
1406 3023 1540 3061 afferret
1556 3038 1581 3065 ,z⁴
1597 3022 1651 3059 sed
1676 3034 1714 3059 ut
1734 3028 1752 3053 ‘1
1773 3018 1881 3059 vestra
1907 3026 2017 3071 magis
2035 3037 2137 3070 cura,
2164 3025 2187 3063 fi
2214 3042 2262 3064 re·
2359 3039 2378 3068 q
