2652 4126
28 883 29 908 ἶ
77 885 228 918 discedant

475 315 477 318 .
533 271 613 318 ET
654 256 923 319 HisToR-
962 257 1250 320 SEM1PEL.

341 462 396 495 Ex
421 460 526 496 eodem
548 458 626 495 libra
649 465 682 495 S.
700 458 873 503 ,Augustini
893 460 932 498 de
953 463 1155 507 peccatorum

296 526 300 531 ·
465 512 588 547 neritis
611 510 656 547 (θ’
681 507 869 556 remiffione,
893 518 963 556 cap.
984 521 1041 545 21.
1167 515 1170 519 ’

101 604 247 638 οΗύΤ
295 589 300 596 ¹
347 609 460 649 ,ENE
483 618 597 646 autem
622 621 696 645 non
719 612 766 646 ait
787 623 797 645 ι
822 612 871 646 ira
895 611 957 647 Dei
979 613 1095 647 veniet
1117 612 1216 662 super

28 719 29 722 ¹
72 646 264 726 Joae}.}.1}5.
382 671 482 698 eumz
507 657 563 696 sed
587 669 697 696 manet
718 659 813 705 snper
835 673 923 697 eum.
949 658 1008 697 Ab
1033 659 1098 698 hac
1116 668 1217 712 quip.

81 725 182 797 Eplhef,
199 736 227 758 2,
236 734 263 763 3·
280 721 327 797 ἕο
342 712 437 796 MK
456 721 543 796 <1331
553 721 673 797 omn?
695 708 757 768 sub
784 709 1024 798 peccatpysunt
1044 712 1124 798 ,lde
1136 726 1214 779 *qua

24 836 31 842 ,
78 769 475 851 δίίεῃεῗιὶυὲςίηιιιῖῗνάίῗεῖ
494 772 771 855 βῶφςὶνῖι,κ]ιὶἒιῖε
782 772 933 848 muri
944 835 957 852 ,
970 772 1154 850 ”dulsslres
1174 813 1214 850 li.

79 845 176 876 ‘³⁰¹²‘
195 847 248 879 ²¹¹¹
280 857 397 902 berar,
422 859 483 896 nifi
507 863 616 908 gratia
626 861 695 896 Dei
722 873 783 909 per
808 861 919 903 jesum
944 859 1126 900 Christum
1138 866 1214 900 Do-

76 924 262 958 fmstmjb,‚
279 911 413 946 mimun
440 909 616 947 nostrum.
643 913 728 948 Haec
753 915 859 957 gratia
886 924 947 947 cur
971 911 1013 947 ad
1040 912 1137 950 illum
1157 927 1214 950 ve.

75 966 258 1006 ptismo,alii
277 963 371 1004 nint,
396 959 440 996 ad
465 961 564 998 illum
590 973 666 998 non
687 964 801 996 veniat
819 986 831 1004 ,
857 959 992 998 occulta
1018 961 1078 998 ess’e
1104 961 1212 1001 cauffa

79 1015 160 1043 Πρω
277 1009 414 1059 potest,
439 1010 557 1055 injusta
583 1024 654 1048 non
680 1009 811 1061 potest.
838 1013 1012 1058 ‘Numquid
1036 1017 1129 1050 enim
1152 1017 1211 1051 ini.

76 1047 260 1120 “13:322ssss
276 1063 384 1107 ΨΜ
410 1063 494 1107 apud
526 1063 655 1098 Deum?
678 1060 787 1107 absit:
812 1062 876 1099 Sed
902 1065 996 1110 prius
1022 1061 1209 1101 sanctarum

12 1115 19 1162 ι’
72 1125 111 1158 ,a
129 1128 243 1159 intene-
276 1109 520 1160 scripturarum
540 1111 804 1149 auctoritatibus
819 1112 909 1149 colla
934 1111 1101 1150 subdenda
1111 1114 1185 1150 sunt
1198 1140 1210 1158 ,

11 1164 15 1204 ᾗ
72 1166 158 1238 «Ξὶιιιςιῐ
178 1179 242 1208 per.
275 1171 314 1198 ut
338 1161 381 1200 ad
399 1161 613 1199 intelle-&um
640 1175 702 1212 per
721 1162 825 1199 fidem
850 1161 991 1212 quisque
1018 1167 1209 1210 perveniat.

16 1227 19 1229 Δ
115 1218 144 1239 nl
162 1219 214 1240 ΒΓ·

275 1214 399 1262 Neque
423 1215 516 1248 enim
542 1212 665 1250 frustra
690 1212 823 1250 dictum
845 1211 895 1249 est
913 1225 922 1248 e
939 1215 1073 1259 Judicia
1098 1223 1155 1250 tua
1169 1214 1210 1260 fi-

73 1249 255 1319 Rl¹l·35·7·
272 1272 332 1300 cut·
353 1260 470 1308 abyffus
495 1263 599 1299 matta
613 1290 621 1299 .
649 1265 756 1309 Cujus
780 1262 889 1310 abyffi
913 1262 1131 1301 altitudinem
1153 1278 1210 1301 ve-

103 1298 256 1333 m'u'33‘
272 1312 336 1350 luti
363 1311 621 1361 expavescens,
645 1313 813 1351 exclamat
838 1312 1030 1361 Apostolus
1051 1340 1063 1357 ,
1088 1319 1115 1351 O
1140 1315 1214 1352 alti-¹

270 1365 347 1400 tudo
371 1365 568 1400 divitiarum
585 1354 752 1410 sipientiae
776 1362 820 1396 θ
839 1363 977 1407 scientie
1002 1367 1064 1401 Dei
1082 1365 1091 1401 !
1128 1370 1214 1402 Prae·

271 1413 408 1450 mirem
433 1417 562 1463 quippe
588 1414 784 1451 sententiam
812 1417 908 1450 mirae
933 1414 1176 1462 profunditatis
1196 1441 1209 1459 ,

270 1463 408 1506 dicens,
434 1463 589 1510 conclusit
611 1468 695 1500 enim
721 1470 808 1500 Deus
832 1476 937 1500 omnes
961 1467 995 1501 in
1011 1466 1210 1503 incredulita-

269 1523 304 1551 te
326 1540 340 1557 ,
364 1523 403 1551 ut
427 1517 563 1552 munina
586 1513 773 1558 misereatur
791 1541 800 1550 .
835 1516 942 1558 Cuius
967 1515 1222 1563 profunditatis.

271 1565 368 1601 velut
392 1562 542 1601 horrore
567 1563 738 1614 percussus
754 1590 766 1607 ‚
802 1570 830 1600 Ο
855 1565 992 1602 altitudo
1010 1591 1023 1608 ,
1059 1570 1171 1614 inquit
1196 1591 1209 1611 ,

260 1616 465 1652 >divitiarum
484 1614 647 1660 sapientia
673 1617 717 1653 &⁶
748 1614 886 1659 scientiae
912 1619 973 1651 Dei
1000 1617 1009 1652 ἔ
1043 1629 1140 1662 quam
1164 1620 1210 1654 in-

265 1663 455 1709 scrutabilia
474 1664 596 1712 judicia
621 1665 712 1713 ejus,
738 1664 1021 1710 &investigabiles
1047 1670 1112 1703 viae
1121 1666 1211 1714 ejus?

270 1718 355 1801 gitis
379 1717 461 1752 enim
487 1718 637 1760 cognovit
654 1715 778 1760 sensum
796 1718 948 1760 Domini,
974 1724 1032 1752 aut
1056 1720 1126 1760 quis
1142 1729 1211 1753 con-

265 1763 295 1812 Ιῖ
307 1767 406 1805 iarius
427 1764 516 1805 illius
539 1766 605 1809 fuit
625 1791 638 1809 ,
662 1775 722 1802 aut
745 1769 816 1811 quis
838 1769 926 1812 prior
949 1767 1035 1803 dedit
1059 1767 1108 1803 illi
1131 1791 1141 1808 ,
1167 1769 1211 1806 (9·

271 1813 466 1852 retribuetur
489 1817 542 1853 ei?
567 1819 726 1869 ,Quoniam
751 1828 793 1852 ex
817 1815 881 1862 ipso
901 1826 995 1862 ,per
1018 1815 1142 1862 ipsum,
1168 1823 1212 1856 &⁴

270 1866 304 1901 in
322 1864 387 1911 ipsi»
409 1865 486 1909 sunt
494 1870 620 1908 omnia,
646 1866 702 1912 ipsi
713 1866 815 1911 gloria
827 1869 859 1902 in
878 1865 994 1910 saecula
1009 1866 1213 1910 saeculorum,

269 1926 385 1951 men-0
411 1914 524 1952 Valde
550 1929 636 1962 ergo
660 1928 805 1964 parvum
831 1915 961 1953 sensum
986 1914 1151 1954 habemus
1171 1917 1213 1954 ad

246 1977 248 1980 ’
270 1963 515 2003 discutiendam
543 1966 706 2010 justitiam
734 1966 941 2009 iudiciorum
967 1969 1037 2004 Dei
1058 1981 1068 2006 ι
1095 1966 1139 2003 ad
1162 1967 1213 2005 di·-

271 2014 486 2053 sentiendam
517 2019 664 2064 gratiam
696 2019 878 2064 gratuitam
898 2042 910 2059 ‚
944 2016 1045 2054 nullis
1080 2021 1211 2054 meritis

271 2064 539 2112 praecedentibus
564 2079 635 2102 non
658 2070 810 2113 iniquam
825 2092 838 2109 ,
863 2080 938 2115 quae
963 2080 1033 2104 non
1059 2077 1128 2104 tam
1139 2081 1213 2104 mo—

271 2123 331 2148 vet
355 2126 436 2150 eum
461 2113 644 2160 praestatur
664 2115 811 2159 indignis
829 2141 842 2157 ,
880 2130 984 2166 quam
1009 2130 1088 2156 cum
1115 2132 1209 2165 aeque

267 2162 416 2210 indignis
441 2161 517 2199 aliis
541 2161 746 2205 denegatur.

282 2239 285 2241 «
320 2216 413 2249 Nam
440 2215 478 2248 &tv
501 2209 540 2248 hi
567 2208 690 2258 quibus
716 2208 853 2246 videtur
877 2210 1063 2252 iniustum,
1087 2223 1210 2260 utpar·

270 2261 345 2298 vuli
371 2261 439 2296 fine
463 2264 572 2306 gratia
607 2258 743 2297 christi
769 2259 812 2296 de
837 2272 986 2308 corpore
1011 2273 1171 2298 exeuntes
1197 2287 1208 2304 ,

270 2324 344 2350 non
369 2309 483 2346 solum
505 2321 614 2356 regno
639 2311 737 2352 Dei,
757 2321 831 2357 quo
854 2313 890 2346 &
915 2310 975 2358 ipfi
1001 2311 1148 2348 fatentur
1159 2316 1208 2348 ni-

270 2361 298 2399 Β
322 2373 388 2409 per
418 2358 626 2407 baptismum
651 2369 787 2397 renatos
818 2363 946 2396 intrare
972 2373 1043 2397 non
1078 2361 1169 2410 poss‘e
1195 2387 1209 2405 ,

271 2422 395 2447 verum
419 2413 520 2445 etiam
557 2413 627 2446 vita
651 2420 774 2447 aeterna
798 2414 836 2447 δε
862 2408 967 2448 salute
991 2415 1170 2460 priventur
1197 2426 1208 2450 5

271 2469 459 2509 quaerentes
476 2459 658 2506 quomodo
679 2459 802 2504 justum
827 2460 890 2502 fit,
913 2471 952 2497 ut
977 2461 1063 2497 alius
1089 2460 1210 2498 abori-

272 2510 379 2560 ginnli
406 2512 584 2557 impietate
606 2508 788 2553 solvatur,
813 2509 896 2546 alius
917 2522 992 2547 ⁴non
1019 2509 1171 2548 solvatur
1197 2536 1209 2554 ‚

274 2575 355 2601 eum
380 2559 497 2598 eadem
523 2557 564 2595 fit
586 2559 759 2610 utriusque
784 2559 942 2598 conditio
962 2574 974 2596 x
997 2561 1059 2608 ipfi
1077 2561 1211 2609 respons

272 2614 377 2652 'deant
409 2609 591 2648 secundum
626 2611 718 2648 suam
751 2610 950 2647 sententiam
978 2636 990 2652 ‚
1025 2611 1208 2659 quomodo

276 2663 479 2705 idemtidem
498 2662 622 2710 justum
650 2662 711 2705 fit,
735 2671 774 2697 ut
798 2659 880 2698 huic
892 2661 1066 2708 praestetur
1086 2660 1209 2710 baptiss

276 2729 376 2758 mus,
400 2727 474 2764 quo
498 2717 601 2749 intret
627 2715 662 2748 in
688 2723 829 2759 regnum
849 2714 941 2753 Dei,
968 2711 1018 2747 illi
1046 2725 1115 2747 non
1125 2725 1209 2761 praeb

276 2766 386 2805 stetur
402 2790 414 2808 ,
447 2776 526 2800 cum
551 2764 590 2799 fit
614 2761 785 2809 utriusque
811 2775 869 2810 par
893 2759 996 2799 causs’a
1014 2788 1022 2797 .
1057 2765 1091 2798 Si
1115 2766 1208 2800 enim

276 2826 420 2857 movet,
445 2827 506 2851 cur
531 2826 572 2850 ex
598 2811 653 2849 his
672 2810 826 2854 duobus,
853 2823 932 2848 cnm
957 2824 1000 2847 ex
1026 2825 1125 2860 aequo
1136 2825 1205 2848 am-

275 2866 326 2904 bo
361 2867 423 2902 {int
447 2863 657 2912 originaliter
691 2872 886 2910 peccatores
903 2887 915 2904 ,
949 2862 1037 2898 alius
1066 2862 1110 2899 ab
1133 2861 1204 2899 hoc

277 2916 418 2954 vinculo
427 2914 594 2956 solvitur,
618 2916 671 2949 cui
681 2911 882 2949 conceditur
891 2910 1093 2960 baptismus,
1119 2913 1203 2950 alim

276 2978 347 3005 non
360 2966 530 3007 solvitur,
548 2963 685 3000 cuitalis
706 2966 811 3010 gratia
821 2974 891 2998 non
909 2962 1127 2999 conceditur:
1145 2976 1207 3000 cur

275 3029 345 3054 non
365 3019 491 3065 pariter
508 3024 649 3056 movet,
674 3011 770 3060 quod
791 3011 976 3048 exduobus
994 3013 1206 3060 originaliter

275 3064 512 3104 innocentibus
529 3089 542 3109 ‚
567 3063 649 3100 alius
667 3065 788 3110 accipit
813 3061 1016 3109 baptismum
1036 3088 1048 3105 ,
1073 3074 1146 3110 quo
1166 3067 1202 3100 in

275 3127 418 3165 regnum
431 3112 504 3151 Dei
531 3114 631 3162 poffit
649 3117 804 3150 intrares
832 3112 916 3148 alius
940 3125 1010 3148 non
1037 3117 1161 3161 accipit
1188 3138 1200 3156 ,

275 3180 318 3203 ne
345 3166 387 3203 ad
413 3174 553 3212 regnum
580 3166 647 3200 Dei
673 3163 774 3210 poffit
800 3162 980 3198 accedere?
1005 3166 1140 3210 Nempe
1166 3167 1200 3200 in

275 3227 419 3264 utraque
444 3211 548 3250 caussa
565 3213 608 3249 ad
633 3212 726 3249 illam
746 3212 1029 3248 exclamationem
1049 3213 1200 3256 reditur,

275 3273 303 3304 ο
328 3266 462 3303 altitudo
487 3265 677 3302 divitiarum
698 3263 706 3298 !
733 3265 787 3298 Ex
814 3261 887 3310 ipfis
913 3262 1034 3299 deinde
1060 3262 1200 3311 baptisa-

276 3320 320 3353 tis
344 3314 517 3365 parvulis,
542 3312 672 3348 dicatur
698 3311 809 3354 mihi,
835 3324 896 3348 cur
920 3312 1005 3349 alius
1029 3316 1164 3361 rapitur
1185 3338 1197 3356 ‚

276 3377 318 3403 ne
343 3364 471 3402 malitia
497 3372 606 3398 mutet
630 3361 839 3398 inteueetum
865 3363 955 3405 e‘us,
980 3367 1016 3399 8(
1039 3364 1125 3400 alius
1150 3366 1198 3400 vi·

78 3411 106 3434 ‘³
276 3420 350 3458 vit,
376 3417 502 3462 impius
525 3412 687 3448 futurus?
713 3415 838 3449 Nonne
865 3375 894 3447 sl)
914 3412 1017 3449 ambo
1044 3426 1198 3462 reperen-

105 3469 356 3508 Sap.4·¹1·tur,
381 3462 485 3500 ambo
511 3466 546 3498 in·
571 3460 711 3510 regnum
735 3462 896 3498 caelorum
926 3463 1203 3511 ingrederentur?

276 3518 324 3554 Et
348 3524 460 3551 tamen
472 3524 541 3548 non
566 3511 615 3548 est
639 3514 794 3559 iniquitas
820 3512 911 3560 apud
922 3515 1055 3550 Deum.
1083 3513 1203 3560 Quid,

278 3564 365 3603 illud
399 3572 499 3611 quem
527 3573 596 3598 non
623 3572 760 3598 moveat
779 3587 793 3604 ,
825 3575 927 3610 quem
952 3576 1021 3599 non
1048 3566 1083 3598 in
1108 3574 1199 3599 tanta

277 3614 457 3653 altitudine
481 3612 670 3648 exclamare
693 3611 903 3660 compellat,
927 3613 1020 3660 quod
1042 3613 1100 3650 alii
1127 3626 1200 3661 par-

279 3665 351 3703 vali
378 3664 496 3712 spiritu
520 3660 707 3699 immundo
726 3672 915 3704 vexantur,
939 3663 995 3699 alii
1021 3661 1108 3700 nihil
1134 3663 1200 3698 tale

280 3719 454 3765 patiuntur
472 3725 485 3750 ς
516 3713 575 3749 alii
597 3716 700 3748 'etiam
725 3714 761 3746 in
784 3715 892 3747 uteris·
914 3723 1061 3749 matrum
1082 3736 1094 3754 ‚
1119 3713 1199 3748 sicut

279 3768 460 3809 Ieremias,
487 3761 732 3798 sanctificantur
742 3771 1012 3804 rcumomnes,
1034 3762 1113 3798 fiest
1132 3766 1199 3798 ori-

276 3814 389 3864 ginale
415 3824 612 3863 peccatum,
638 3815 765 3861 pariter
791 3814 838 3847 rei
864 3810 943 3850 finu
969 3813 991 3848 fi
1017 3825 1086 3848 non
1112 3811 1161 3848 est
1187 3837 1199 3854 ,

281 3869 407 3916 pariter
431 3868 625 3902 innocentes
649 3862 734 3899 sint?
758 3861 859 3899 Unde
877 3860 935 3898 ista
960 3872 1048 3899 tanta
1067 3861 1200 3899 diversi-

83 3558 162 3588 Rom,
170 3568 199 3596 9.
211 3566 259 3592 ¹4·

76 3774 182 3812 Jerem·
201 3779 262 3808 1.5.

1293 279 1515 324 LUCEM
1558 280 1931 328 AFFERUNT·
2099 299 2205 353 177

1273 368 1344 402 tas,
1370 360 1430 397 nifi
1454 364 1534 409 quia
1559 362 1787 401 inscrutabilia
1812 363 1887 402 sunt
1912 364 2034 411 judicia
2052 368 2145 411 eius,
2171 376 2205 409 δι

1274 410 1521 458 investigabiles
1549 416 1612 449 viae
1636 415 1729 456 eius?

1326 463 1383 498 An
1409 461 1499 497 sorte
1516 462 1602 499 illud
1629 465 1695 510 jam
1721 465 1902 513 explosum
1922 466 2139 515 repudiatum
2167 483 2206 506 ue
2241 484 2267 512 C
2284 494 2386 515 „UT

1276 509 1566 555 sentiendumest,
1592 514 1689 562 quod
1713 519 1833 551 animae
1845 519 1937 564 prius
1962 521 1999 554 in
2018 482 2209 555 caekstitim-
2265 523 2365 555 ΧΧΙΙ.

1275 559 1441 598 bitatione
1459 574 1660 609 peccantes,
1682 565 1847 612 gradatim
1867 578 1967 615 atque
1990 567 2155 616 paulatim
2165 569 2208 605 ad
2226 560 2343 606 Reseffit
2355 573 2402 593 eos

1276 609 1414 648 suorum
1440 616 1647 651 meritorum
1666 627 1814 662 corpora
1842 621 2002 660 veniant,
2027 631 2207 667 acproan-
2225 611 2406 672 Ξὲξωζᾞᾞξ

1275 670 1308 696 te
1334 661 1424 707 gesta
1449 666 1517 699 vita
1544 667 1650 709 magis
1680 665 1832 702 minusve
1857 671 2033 715 corporeis
2059 668 2208 716 pestibus
2226 680 2330 711 delicia
2352 683 2404 711 ali·

1274 710 1466 759 affligantur
1486 716 1498 749 ?
1524 717 1593 750 Cui
1620 718 1778 762 opinioni
1803 721 1961 765 quamvis
1986 717 2095 755 saneta
2121 723 2208 755 Scri-
2226 720 2254 750 bi
2269 722 2406 765 commis-

1274 771 1374 808 ptura
1398 764 1601 810 apertifflme
1612 765 1822 803 contradicat
1837 792 1849 809 ‚
1874 780 1949 815 quae
1974 781 2053 805 cum
2062 772 2206 816 gratiam
2226 761 2270 796 sa,
2291 769 2322 790 ¹¹¹
2342 771 2405 805 ΨΥ·

1273 812 1548 852 commendarem
1575 817 1757 860 Nondum,
1782 820 1918 865 inquit,
1943 822 2053 861 natis,
2079 831 2134 855 nec
2152 823 2208 865 qm·
2226 811 2407 871 ξὶζῖἶὶζῖᾞζ

1272 861 1391 907 ahquid
1415 874 1542 907 egerant
1576 863 1647 901 boni
1670 875 1728 902 aut
1753 867 1833 903 malt
1852 892 1865 910 ,
1897 876 1936 904 ut
1957 867 2125 912 setundusn
2150 870 2208 905 ele·
2226 882 2327 911 ventia
2354 883 2407 909 de.

1272 910 1401 948 &ionem
1425 914 1613 959 propositum
1632 919 1693 951 Dei
1717 926 1880 960 maneret,
1903 931 1962 955 non
1978 931 2021 955 ex
2042 918 2206 965 operibus,
2226 921 2301 966 nudi
2319 941 2328 956 ,
2352 922 2381 950 in

1265 959 1322 1005 sed
1347 974 1389 998 ex·
1407 973 1545 998 vocante
1567 964 1756 1008 άίῑὶιιηιείὶ,
1782 969 1863 1011 quod
1888 968 1991 1014 major
2010 969 2135 1013 serviet
2147 973 2206 1005 mi·
2224 961 2403 1006 ¹¹.sq⁰‘.'”²¹.*

1270 1013 1365 1046 nori:
1392 1012 1527 1060 necipfi
1553 1023 1666 1049 tamen
1690 1019 1749 1062 qui
1775 1014 1845 1052 hoc
1865 1015 2034 1062 sentiunt,
2058 1019 2206 1054 evadunt
2223 1006 2400 1073 {Jaffiff'f

1270 1058 1373 1106 hujus
1395 1062 1590 1109 quaestionis
1616 1064 1780 1111 angustias
1799 1090 1812 1107 ,
1845 1065 1900 1102 sed
1927 1071 1962 1102 in
1985 1071 2033 1104 eis
2059 1073 2203 1104 coartati
2223 1054 2400 1119 Rom.9.gn.

1270 1110 1501 1155 &hm-entes,
1528 1113 1702 1157 similiter,
1727 1116 1918 1156 Oaltitudo‚
1947 1117 2137 1154 exclamare
2147 1131 2206 1154 co-

1271 1172 1397 1209 guntur
1416 1190 1424 1198 .
1462 1163 1564 1200 Unde
1590 1169 1681 1201 enim
1709 1165 1748 1201 fit
1775 1177 1812 1202 ut
1848 1165 1961 1203 homo
1996 1166 2038 1204 ab
2072 1172 2204 1205 ineunti

1269 1216 1414 1260 pueritia
1442 1212 1653 1257 modestior,
1679 1215 1910 1262 ingeniofior,
1934 1222 2205 1266 temperantior,

1267 1274 1311 1298 ex
1334 1275 1453 1311 magna
1478 1264 1727 1312 partelibinum
1756 1268 1892 1309 victor,
1917 1271 1975 1314 qui
2003 1268 2116 1305 oderit
2127 1281 2203 1305 ava-

1271 1315 1410 1356 ritiam,
1435 1314 1607 1351 luxuriam
1633 1315 1839 1359 detestetur,
1865 1327 1963 1365 atque
1990 1317 2031 1354 ad
2058 1322 2201 1357 virtutes

1270 1373 1397 1399 ceteras
1424 1367 1628 1412 provectior
1653 1369 1832 1415 aptiorque
1858 1367 2037 1415 consurgat
2056 1394 2068 1411 ,
2093 1373 2128 1404 δι
2153 1380 2207 1406 ta»

1272 1425 1350 1449 men
1375 1427 1418 1450 eo
1444 1414 1525 1451 loco
1551 1415 1612 1458 sit,
1637 1415 1696 1453 ubi
1722 1420 1753 1453 ei
1781 1417 1954 1465 praedicari
1980 1422 2087 1465 gratia
2097 1418 2202 1456 Chri·

1272 1463 1375 1500 stiana
1400 1477 1470 1501 non
1498 1467 1622 1514 possit?
1647 1469 1807 1518 ,Quomodo
1832 1470 1922 1503 enim
1947 1467 2147 1505 invocabunt
2171 1474 2205 1507 in
2223 1475 2404 1513 Romami-5.

1269 1525 1362 1560 quem
1380 1528 1439 1552 non
1463 1518 1679 1553 crediderunt?
1704 1526 1763 1553 aut
1771 1519 1916 1563 quomodo
1941 1519 2066 1554 credent
2074 1522 2104 1555 ei
2113 1531 2205 1564 quem

1270 1577 1329 1600 non
1354 1567 1542 1602 audierunt?
1569 1569 1727 1615 ,Quomodo
1744 1576 1852 1604 autem
1870 1568 1997 1604 audient
2016 1567 2080 1612 fine
2097 1570 2206 1614 praedi-

1269 1616 1386 1651 cante?
1411 1616 1512 1653 Alius
1539 1628 1651 1653 autem
1677 1617 1792 1655 tardus
1819 1621 1982 1665 ingenio,
2006 1616 2204 1655 libidinibus

1271 1663 1403 1701 deditus
1424 1692 1436 1708 ‚
1462 1666 1597 1715 flagitiis
1623 1672 1657 1704 &
1684 1666 1890 1704 facinoribus
1917 1678 2100 1715 coopertus
2121 1693 2133 1711 ,
2159 1672 2206 1705 ira

1271 1713 1502 1762 gubernetur,
1527 1728 1565 1753 ut
1591 1717 1724 1753 audiat.
1751 1717 1889 1759 credat,
1915 1717 2131 1766 baptizetur,
2156 1732 2205 1754 ra-

1274 1774 1410 1812 piatur,
1435 1778 1493 1803 aut
1518 1767 1541 1801 fi
1567 1767 1720 1803 detentus
1745 1766 1804 1803 hic
1830 1767 1933 1804 fuerit
1953 1792 1965 1809 ,
1990 1767 2205 1806 laudabiliter
2241 1777 2245 1781 f

1271 1813 1331 1851 hic
1357 1817 1476 1851 vivat?
1501 1814 1652 1854 Ubiduo
1679 1815 1732 1852 isti
1757 1827 1828 1852 tam
1852 1816 1982 1852 diversa
1994 1820 2116 1854 merita
2126 1829 2205 1854 con-

1275 1875 1479 1909 traxerunt,
1504 1879 1574 1902 non
1601 1866 1704 1909 dico,
1728 1877 1767 1902 ut
1793 1866 1852 1902 iste
1878 1866 1993 1904 credat
2012 1893 2027 1910 ,
2051 1866 2109 1902 ille
2135 1880 2207 1903 non

1271 1914 1409 1958 credat,
1435 1916 1531 1963 quod
1555 1915 1604 1953 est
1623 1920 1773 1965 propriae
1799 1916 2004 1954 voluntati„
2031 1915 2204 1953 iedutiste

1272 1965 1386 2001 audiet
1411 1966 1507 2013 quod
1532 1966 1673 2008 credat,
1694 1966 1752 2002 ille
1778 1979 1848 2001 non
1874 1965 2003 2002 audian
2029 1965 2205 2003 hoeenim

1274 2028 1344 2051 non
1369 2015 1418 2052 est
1443 2019 1475 2052 in
1503 2015 1656 2052 hominis
1681 2014 1847 2064 potestate
1876 2029 1889 2050 t
1911 2014 2000 2056 ubi,
2026 2018 2162 2061 inquam
2191 2041 2205 2058 ,

1273 2066 1346 2102 hae'c
1374 2077 1444 2102 tam
1470 2066 1598 2102 diversa
1617 2069 1736 2102 merita
1763 2067 2029 2103 contraxerunt?
2054 2068 2085 2101 Si
2098 2069 2133 2101 in
2144 2079 2205 2102 cai-

1273 2117 1311 2153 lo
1336 2126 1477 2163 egerunt
1502 2117 1650 2164 aliquam
1678 2119 1809 2158 vitam,
1835 2127 1872 2151 ut
1900 2128 1965 2163 pro
1990 2114 2053 2151 suis
2073 2115 2204 2166 adhibuit

1271 2167 1547 2216 propellerentur
1583 2167 1637 2202 vel
1665 2165 1856 2203 laberentur
1893 2169 1926 2202 in
1952 2176 2056 2203 terras
2076 2190 2089 2207 ‚
2124 2179 2204 2202 conr-

1271 2215 1431 2260 gruisque
1459 2215 1522 2249 suae
1547 2227 1622 2250 ante
1648 2218 1729 2251 2&ae
1755 2221 1834 2252 vitae
1859 2219 2037 2263 corporeis
2056 2227 2205 2262 recepta-

1270 2261 1356 2299 culis
1380 2272 1576 2298 tenerentur
1600 2276 1610 2296 :
1645 2263 1702 2297 ille
1718 2267 1846 2310 utique
1885 2265 2006 2300 melius
2030 2275 2107 2300 ante
2131 2265 2205 2302 hoc

1270 2310 1417 2347 mortale
1442 2324 1568 2359 corpus
1604 2310 1720 2348 vixisse
1747 2312 1932 2350 credendus
1957 2311 2005 2350 cst
2027 2339 2040 2356 ,
2075 2318 2133 2362 qui
2160 2329 2204 2352 eo

1270 2375 1340 2398 non
1368 2361 1516 2397 multum
1543 2366 1667 2399 meruit
1693 2368 1920 2411 pmgravari,
1945 2375 1983 2400 ut
2008 2369 2044 2401 δι
2069 2363 2200 2405 bonum

1268 2409 1410 2448 haberet
1431 2415 1627 2458 ingenium,
1653 2417 1804 2447 &conen
1833 2412 1979 2447 istentiis
2003 2414 2072 2455 eius
2082 2417 2202 2452 minio,-

1270 2461 1362 2498 ribus
1388 2471 1567 2508 urgeretur
1588 2485 1600 2502 ,
1635 2473 1719 2508 quas
1743 2425 1850 2508 possfet
1882 2460 1979 2496 facile
2005 2460 2163 2508 inperare
2183 2477 2200 2503 ‚-

1270 2515 1304 2548 &
1330 2521 1449 2546 tamen·
1469 2523 1543 2545 eam
1579 2509 1639 2546 fibi
1664 2520 1806 2557 gratiam
1834 2523 1903 2546 non
1930 2514 2055 2547 meruit
2079 2513 2200 2561 pradi—

1270 2563 1364 2603 cari,
1388 2573 1455 2608 qua
1480 2559 1548 2596 sola
1571 2558 1677 2608 poffet
1695 2573 1713 2596 a
1734 2558 1882 2596 secundae
1908 2564 2029 2598 mortis
2049 2567 2199 2610 pernicie

1266 2610 1427 2647 liberari.
1454 2610 1518 2646 Ille
1543 2621 1658 2646 autem
1683 2623 1750 2658 pro
1775 2613 1905 2647 meritis
1932 2611 2200 2656 deterioribus,

1267 2661 1349 2697 ficut
1369 2671 1510 2709 putant,
1535 2663 1686 2706 graviori
1708 2664 1849 2709 corpori
1871 2661 2081 2709 implicitus,
2107 2662 2200 2702 &ob

1268 2710 1478 2747 hoc-cordis
1504 2710 1615 2747 obtusi
1648 2722 1726 2746 cnm
1752 2714 1858 2747 carnis
1888 2710 2056 2748 illecebris
2082 2712 2199 2750 arden-
2259 2743 2265 2746 „

1268 2762 1394 2798 tiffima
1413 2760 1572 2809 cupidine
1596 2763 1813 2803 vinceretur,
1841 2765 1874 2798 δε
1887 2775 1948 2809 per
1966 2763 2198 2810 nequissimam

1269 2815 1376 2848 vitam
1401 2815 1544 2859 peccatis
1571 2810 1743 2858 pristin-iS,
1769 2811 1891 2859 quibus
1915 2811 1957 2847 ad
1984 2810 2056 2849 hoc
2081 2817 2198 2850 venire

1265 2873 1456 2903 meruerat,
1482 2861 1605 2899 addere
1629 2863 1744 2910 pejora
1769 2872 1899 2898 terrena
1923 2875 1933 2900 ι
1960 2873 2017 2898 aut
2043 2866 2078 2898 in
2097 2877 2197 2900 cruce

1263 2923 1378 2949 tamen
1402 2910 1532 2948 audivit
1550 2937 1562 2954 ‚
1596 2914 1699 2948 Hodie·
1716 2916 1842 2948 mecum'
1864 2915 1925 2948 eris
1958 2916 1991 2949 in
2014 2913 2159 2956 paraedt'fi)
2183 2929 2195 2952 3
2213 2924 2390 2975 Luc.23,43,

1267 2973 1331 2999 aeut
1357 2961 1456 2998 alicui
1482 2961 1620 2998 cohaefit
1647 2961 1840 3009 Apostolo‚
1866 2963 1957 3004 cuius
1984 2961 2196 3009 praedicatio·

1267 3026 1309 3048 ne
1335 3016 1562 3054 mutatus‚·&
1580 3024 1642 3059 per
1665 3012 1841 3047 lavacrum
1863 3015 2125 3058 regenerationis
2136 3013 2194 3050 fal-

1264 3076 1329 3099 vus
1355 3061 1493 3098 effeetus
1518 3061 1566 3098 est
1594 3075 1602 3096 t
1628 3072 1665 3097 ut
1691 3060 1748 3097 ubi
1775 3060 1958 3097 abundavit
1983 3073 2161 3109 peccatum
2180 3089 2193 3106 ,

1261 3111 1542 3161 superabundaret
1568 3115 1688 3158 gratia.
1717 3111 1813 3157 Quid
1839 3110 1919 3147 hinc
1947 3110 2194 3160 respondeant,

1258 3166 1484 3199 omninonon
1512 3161 1640 3204 video,
1666 3161 1892 3209 quihumanis
1918 3163 2122 3205 conjecturis
2142 3163 2192 3207 ju-

1261 3213 1385 3259 stitiam
1398 3214 1463 3249 Dei
1483 3211 1682 3254 defendere,
1708 3216 1742 3248 δε
1765 3215 1955 3258 ignorantes
1973 3210 2191 3250 altitudinem

1259 3267 1373 3312 gratiae
1389 3289 1403 3305 ,
1426 3260 1552 3298 fabulas
1571 3260 1811 3310 improbabiles
1837 3273 2038 3298 texuerunt.

1309 3312 1478 3349 Cedamus
1514 3315 1618 3358 igitur
1644 3317 1678 3348 &
1713 3311 1957 3347 consentiamus
1993 3314 2191 3350 austoritati

1258 3363 1375 3399 sanctae
1399 3362 1573 3409 scripturae
1595 3374 1670 3409 qnae
1688 3361 1790 3396 nescit
1815 3361 1885 3396 salli
1911 3374 1972 3397 nec
1992 3362 2128 3402 fallere,
2156 3368 2192 3400 δε

1261 3413 1342 3449 ficut
1353 3411 1505 3447 nondum
1515 3422 1611 3447 natos
1627 3412 1679 3447 vad
1705 3410 1916 3446 discernenda
1937 3415 2188 3449 meritaeorum

1261 3462 1390 3510 aliquid
1415 3461 1497 3497 boni
1525 3461 1579 3497 vel
1604 3461 1686 3497 mali
1712 3458 1809 3507 egisse
1835 3471 1904 3496 non
1926 3461 2119 3505 credimus,
2145 3467 2189 3501 ita

1263 3525 1381 3548 omnes
1399 3510 1458 3547 sub
1483 3521 1621 3559 peccato
1640 3508 1724 3552 ess‘e,
1749 3510 1842 3558 quod
1871 3523 1932 3558 pcr
1957 3524 2061 3549 unum
2075 3511 2192 3550 homi·

1261 3575 1338 3599 nem
1359 3564 1498 3597 intravit
1525 3565 1560 3596 in
1578 3559 1767 3602 mundum,
1790 3565 1824 3597 ἀ
1847 3573 1907 3607 per
1933 3574 2054 3597 omnes
2074 3562 2188 3598 homi·

1261 3626 1318 3649 nes
1346 3610 1533 3659 pertranfiit
1550 3635 1562 3652 ,
1596 3623 1614 3646 a
1640 3623 1711 3658 quo
1735 3623 1805 3645 non
1841 3609 1960 3647 liberat
1995 3610 2055 3647 nisi
2079 3615 2186 3658 gratia

1263 3665 1330 3699 Dei
1357 3674 1417 3710 per
1443 3663 1638 3696 Dominum
1663 3659 1818 3695 nostrum
1844 3659 1952 3700 Iesum
1980 3660 2184 3704 Christum,

1260 3714 1405 3748 minime
1427 3709 1638 3746 dubitemus.
1664 3707 1800 3753 *Cuius
1826 3709 2036 3747 medicinalis
2054 3711 2182 3748 adven-
2201 3714 2360 3748 ’ὊΑνυτ

1259 3773 1311 3798 tus
1337 3774 1406 3797 non
1431 3760 1478 3796 est
1504 3773 1592 3807 opus
1615 3758 1721 3801 sanis,
1746 3759 1800 3795 sed
1819 3759 2081 3806 aegrotantibus:
2106 3766 2182 3812 quia
2221 3756 2341 3787 xxm·

1261 3825 1329 3848 non
1357 3814 1450 3847 venit
1461 3821 1581 3846 vocare
1608 3808 1731 3853 justos,
1757 3808 1810 3845 fiad
1836 3819 2050 3858 peccatores:
2077 3814 2112 3847 in
2127 3825 2183 3847 cu-

1259 3864 1308 3911 jus
1335 3872 1485 3911 regnum*
1501 3873 1571 3897 non
1591 3858 1736 3897 intrabit
1761 3859 1821 3898 nifi
1845 3863 1908 3908 q'ui
1931 3872 2062 3898 renatus
2079 3860 2182 3897 fuerit

2091 3923 2132 3946 ex
