2652 4126
0 0 10 110 Ι.

0 111 5 143 ἓ

7 267 39 282 *1

287 235 339 274 hil
364 236 422 273 fibi
451 234 608 285 reliquit,
633 236 729 285 quod
756 235 954 274 formidaret
978 240 1150 275 amitteret
1175 249 1226 281 ca,

315 299 356 326 ro
379 285 499 336 quibus
525 289 638 323 omnia
666 295 740 335 quae
763 285 929 330 habebat,
962 286 1102 334 abjecit,
1137 297 1226 324 tanta

287 299 366 375 fidei
395 337 552 375 firmitate
572 340 734 379 retineat,
760 347 798 373 ut
825 337 847 373 fi
867 335 986 373 necesie
1013 337 1136 381 fuerit,
1159 349 1226 387 pro

288 392 337 427 eis
361 386 504 427 libenter
528 386 623 429 suum
646 392 769 434 corpus
796 387 982 435 impendat.

343 451 374 474 2.
402 438 547 476 Proinde
572 449 674 485 quem
712 437 895 484 poffidendi
920 441 936 458 ¹
959 436 1102 474 dele&at
1123 436 1226 475 ambi·

289 539 400 591 pedita
426 548 539 582 mente
571 536 754 584 poffideat,
779 541 813 573 &
843 542 877 575 in
906 550 950 575 eo
976 536 1114 575 habebit
1138 551 1226 586 quae·

289 602 435 637 cumque
455 585 586 630 ,habere
613 585 719 624 fincte
747 587 904 624 desiderat
922 615 931 625 .
972 587 1036 624 Sed
1064 592 1225 636 quoniam

288 652 392 679 nemo
411 636 557 689 poffidet
566 638 702 681 Deum,
726 637 787 674 nifi
806 641 863 684 qui
883 637 1067 687 poffidetur
1085 652 1102 674 a
1122 641 1225 682 Deo,

286 690 331 730 fit.
352 688 429 739 ipse,
439 689 596 741 primitus
623 690 690 725 Dei
719 686 890 736 poffeffio,
916 692 951 725 &
978 684 995 710 δ
1022 688 1167 725 efficitur
1192 692 1221 725 ei

287 742 397 782 Deus.
414 735 568 786 peffessor
593 741 628 774 δε
663 741 778 784 portio
796 765 804 774 .
839 740 888 775 Et
920 738 1004 787 quid
1034 738 1144 786 potest
1179 752 1221 776 eo

287 787 523 830 eli'eselicius,
546 790 602 826 cui
629 787 774 825 efficitur
799 788 874 826 suus
901 788 1059 826 conditor
1086 788 1221 833 census,

279 843 321 884 ,δι
342 837 514 878 haereditas
548 841 563 860 ⁶
591 839 659 882 eius
683 839 840 886 dignatur
867 837 926 875 ess'e
951 837 1017 886 ipsa
1047 838 1221 876 divinitas:

281 888 432 930 firmodo
448 901 525 927 eum
536 887 650 925 finctis
660 887 818 938 operibus
826 888 936 932 colat,
961 901 1079 926 omnes
1098 889 1224 926 fiuflus

281 951 326 979 ex
349 938 411 979 illo
431 941 621 988 precipiat,
640 942 674 976 in
705 938 788 983 illo,
814 943 849 977 &
878 939 921 978 de
946 937 1008 977 illo
1035 940 1155 986 iugiter
1174 943 1223 976 vi·

283 1000 360 1033 vat»,
385 993 420 1026 &
450 987 537 1030 nihil
563 1000 714 1028 terenum
743 1002 822 1027 eum
838 988 899 1027 illo
924 988 1105 1039 possideat?
1130 992 1221 1036 Quia

282 1042 440 1079 omnium
473 1039 631 1076 conditor
648 1064 663 1082 ,
694 1043 750 1078 cui
777 1038 863 1078 nihil
891 1051 1012 1077 eorum
1041 1052 1116 1088 quae
1144 1040 1223 1077 fecit

282 1090 369 1128 valet
386 1092 531 1139 aequari,
555 1086 574 1112 ⁴
602 1102 670 1126 non
690 1090 845 1140 dignatur
870 1103 951 1128 cum
966 1087 1022 1127 his
1047 1102 1123 1138 quae
1140 1103 1220 1127 con-

281 1141 393 1185 didit,
418 1140 595 1188 possideri.
628 1144 644 1162 ‘⁸
672 1143 831 1189 Denique
855 1139 938 1190 quid
967 1138 1054 1177 ultra
1080 1144 1220 1189 quaerit,

282 1195 338 1229 cui
362 1193 476 1231 omnia
503 1189 579 1229 suus
606 1191 768 1228 conditor
786 1191 848 1228 fit:
872 1201 930 1227 aut
958 1186 975 1212 f
998 1189 1083 1238 quid
1111 1196 1140 1228 ei
1159 1190 1221 1227 suf.

280 1241 373 1285 ficit,
398 1243 455 1281 cui
475 1239 542 1288 ipa:
561 1253 632 1278 non
651 1240 795 1280 sufficit?
817 1242 920 1279 Hunc
946 1240 1152 1289 poffidebat,
1177 1240 1219 1278 ab

279 1290 344 1330 illo
366 1290 605 1340 'poffidebatur
632 1290 689 1328 ille
709 1317 722 1336 ,
753 1294 812 1341 qui
837 1289 970 1329 dicebat
1007 1294 1042 1328 in
1070 1291 1187 1341 spiritu
1207 1306 1217 1328 ε

281 1341 398 1384 Por-tio
434 1352 507 1375 mea
543 1345 561 1372 8
587 1340 752 1376 Dominus
769 1367 782 1386 ‚
816 1339 888 1376 dixi
924 1339 1081 1384 custodire
1118 1339 1220 1389 legem

279 1399 392 1428 tuam.
427 1393 495 1430 Et:
530 1390 695 1427 Dominus
716 1400 801 1439 pars
824 1389 1015 1426 hereditatis
1043 1402 1142 1436 meae,
1175 1391 1220 1427 Θ·

279 1439 395 1476 calicis
422 1440 501 1479 mei.
526 1441 589 1480 Sed
615 1445 652 1479 δι
670 1441 736 1491 ipse
761 1455 841 1480 cum
868 1442 968 1480 dicit:
996 1438 1015 1465 Β
1043 1441 1141 1476 Fines
1159 1441 1219 1477 Le.

280 1491 322 1524 vi
349 1503 411 1526 non
448 1491 577 1526 dabitis
606 1500 736 1539 partem
765 1492 851 1527 inter
873 1491 1001 1536 fratres
1019 1491 1094 1538 suos
1114 1507 1126 1526 :
1159 1505 1217 1541 ego

281 1536 572 1590 Dominus-'portio
599 1553 726 1580 eorum.
746 1545 832 1583 ¹Satis
850 1542 1020 1586 ostendit,
1045 1543 1139 1590 quod
1156 1542 1219 1589 hi,

275 1595 337 1640 qui
356 1604 493 1631 terrenae
508 1590 702 1632 hereditatis
722 1592 985 1642 contempserint
1006 1597 1218 1642 portionem,

276 1645 394 1681 Deum
412 1642 623 1692 spiritualiter
641 1657 830 1683 mereantur
847 1644 1029 1695 poffidere:
1054 1645 1149 1691 cujus
1166 1645 1217 1681 di-

275 1696 337 1734 mi
362 1692 579 1739 muneribus,
601 1698 715 1733 omnia
732 1708 807 1744 quae
833 1693 983 1744 preclara
1000 1693 1161 1733 habentur
1179 1698 1215 1732 in

273 1741 346 1781 hoc
361 1744 515 1788 mundo,
537 1743 726 1786 fistidiunts
751 1749 788 1784 δε
804 1745 915 1794 ipsum
924 1745 1089 1795 possidere
1099 1743 1154 1782 vel
1172 1744 1214 1782 ab

272 1793 353 1842 ipso
373 1794 529 1843 poffideri
546 1820 561 1840 ,
586 1809 629 1834 eo
645 1796 718 1836 solo
747 1796 897 1846 perflui,
920 1807 1021 1846 atque
1039 1795 1089 1833 illi
1108 1793 1216 1834 adhae-

275 1856 353 1883 rere
374 1843 638 1894 inseparabiliter
655 1847 918 1896 concupiscunt.

327 1907 358 1943 3.
369 1895 468 1933 unde
478 1895 575 1934 datur
584 1896 728 1945 intelligi
736 1898 833 1946 quod
840 1900 902 1946 qui
910 1895 1105 1947 temporalia
1115 1895 1219 1941 bona,

272 1948 334 1993 qui
368 1944 468 1986 stculi
497 1947 617 1994 gaudia
653 1950 802 2002 peritura
836 1947 978 1986 sectatur
1005 1961 1044 1985 ac
1077 1946 1188 1996 diligit
1205 1974 1219 1992 ,

173 2020 187 2050 i
270 2007 349 2083 3¹1ae
376 1999 412 2037 δι,
439 2007 563 2045 quanta
592 1997 634 2037 fit
660 2003 670 2020 ²
698 1998 819 2036 divinae
853 1997 1038 2036 dulcedinis
1065 1997 1220 2036 multitu·

296 2055 322 2090 o
348 2056 420 2082 non
435 2045 588 2082 ⁴didicit.
615 2048 706 2088 Quis
729 2050 827 2083 enim
852 2051 908 2084 cui
935 2051 1032 2086 Deus
1059 2049 1218 2096 dignatur

271 2091 343 2132 essn
371 2088 522 2140 pollessio
539 2115 553 2134 ,
587 2092 716 2140 aliquid
749 2093 840 2130 aliud
867 2099 986 2141 quaerit
1001 2104 1016 2130 t
1045 2108 1111 2132 aut·
1139 2102 1216 2143 quis

270 2154 344 2182 nnn
381 2137 402 2164 κ
433 2153 500 2189 pro
538 2153 657 2180 amore
678 2141 768 2180 illius
804 2146 920 2179 omnia
947 2155 1024 2190 quae
1059 2154 1220 2191 putantur

272 2202 414 2240 magna,
445 2194 658 2231 contemnit?
688 2194 786 2241 Ergo
811 2197 872 2241 qui
902 2192 978 2231 vult
1003 2196 1118 2231 Deum
1197 2192 1221 2232 s.

271 2241 399 2287 fidere,
432 2245 600 2280 renuntiet
625 2243 777 2292 mundo,
809 2254 849 2281 ut
876 2242 916 2282 fit
943 2242 993 2281 illi
1022 2246 1118 2282 Deus
1143 2205 1220 2282 ffa-

272 2303 308 2331 ta
343 2290 494 2340 posseffio
511 2319 520 2328 .
555 2295 631 2330 Nec
657 2296 826 2330 renuntiat
863 2293 994 2332 mundo
1012 2319 1025 2338 ,
1058 2298 1086 2331 is
1115 2307 1219 2344 quem

272 2352 412 2382 terrene
430 2340 632 2391 poffeffionis
657 2341 770 2381 adhuc
789 2343 933 2381 delcetat
956 2344 1117 2383 ambitio:
1142 2350 1223 2395 quia

181 2419 193 2450 ¹
272 2390 1101 2492 fflfflsshssssffrffnssisshfflssss’fissmdssi
1122 2398 1222 2483 31:333

273 2487 322 2527 do
341 2487 475 2525 'iervire
496 2484 617 2532 fimul,
631 2487 679 2525 ’δι
708 2493 810 2528 Ὡεοε
833 2505 872 2529 ac
890 2494 935 2530 fic
962 2458 1143 2542 pffpterea
1162 2505 1222 2527 vo-

279 2539 346 2580 luit
383 2541 480 2578 Deus
504 2537 659 2576 cultores
692 2537 769 2577 suos
798 2542 958 2579 omnibus
995 2541 1187 2574 renuntiare
1205 2559 1220 2578 2

273 2599 417 2640 propter
441 2601 518 2638 quae
546 2586 699 2636 diligitur
725 2590 901 2627 munduss
934 2597 974 2623 ut
1002 2585 1132 2623 exclusa
1158 2598 1217 2622 eu-

274 2640 437 2689 piditate,
462 2638 600 2682 mundi,
624 2637 738 2676 divina
764 2641 799 2674 in
818 2639 865 2674 eis
891 2639 1007 2674 caritas
1035 2636 1136 2686 poffit
1161 2648 1217 2673 au·

274 2702 381 2785 {533⁵
398 2687 1219 2789 {3253‘5331}mffg‘43330&‘³553²1¹3{;‘33⁸3{3221

275 2801 352 2828 cato
363 2816 383 2834 ‚‚
411 2795 439 2813 ¹¹²
467 2790 523 2828 vel
538 2794 629 2828 'vota
655 2802 730 2838 quaa
755 2788 814 2825 fibi
842 2791 937 2827 Deus
963 2787 1052 2835 juffit
1079 2785 1220 2835 offerri,

274 2839 499 2883 sacerdotibus
524 2852 562 2878 ac
588 2839 745 2880 ministris
769 2837 925 2876 distribui
951 2837 1073 2875 debere
1097 2836 1220 2875 consti·

276 2893 364 2930 tuit3
388 2900 429 2936 ut
456 2890 670 2928 devotiffimo
694 2888 827 2940 populo
854 2892 932 2926 vitae
960 2886 1131 2927 necess'aria
1159 2890 1220 2925 mi—

278 2939 435 2978 nistrante
454 2964 467 2983 ,
501 2938 562 2986 ipsi
600 2943 742 2978 creatori
781 2954 817 2979 ac
847 2938 971 2989 pastori
1009 2937 1071 2977 suo
1107 2936 1219 2982 liberis

279 2989 450 3028 mentibus
477 2988 725 3034 ministrarent,
749 3001 848 3040 atque
874 2994 911 3028 in
938 2995 957 3015 ¹
975 2991 1043 3037 ejus
1069 2989 1162 3028 cultu
1181 2988 1219 3026 fi-

280 3054 324 3079 ne
350 3039 418 3078 ulla
435 3037 646 3097 solicitudine
661 3041 831 3090 corporali
850 3041 1071 3091 proficerent:
1095 3053 1136 3079 ne
1155 3051 1220 3077 ter-

322 3184 342 3205 a
364 3172 415 3205 ius.
435 3182 528 3209 unus,
549 3176 605 3222 »qn
623 3173 764 3206 delean.

321 3215 343 3246 b
363 3214 429 3245 mss.
449 3213 584 3256 septem,
604 3214 739 3253 effic-isar.

327 3264 345 3285 e
365 3252 470 3290 Abest,
490 3253 616 3301 eluena-
627 3253 696 3287 mss.
715 3256 775 3286 fex.
791 3255 885 3288 ‚Unus
906 3266 975 3288 veto
991 3275 1001 3291 ‚
1020 3254 1081 3295 ipsi
1108 3255 1157 3295 effe
1175 3257 1220 3287 di-

281 3294 505 3379 ⁸”2’1't'fepii‘ff2
518 3296 717 3382 ῗῖἓῖἷῖᾚῃη
742 3335 805 3367 mss.
832 3335 920 3367 coib.
946 3335 1037 3382 tribus
1064 3335 1096 3368 ει
1123 3337 1220 3378 Regio

283 3385 359 3407 uno.
380 3375 490 3415 Regius
511 3374 600 3411 alter,
621 3374 809 3415 dedignatur,
828 3376 889 3407 line
910 3376 1052 3416 particula
1073 3387 1218 3418 negante.

281 3416 359 3487 ⁸13²
376 3416 539 3451 editiones,
558 3425 614 3446 non
631 3416 840 3456 dedignantur,
859 3417 907 3449 sed
925 3418 1026 3450 minus
1053 3418 1130 3450 reGe
1146 3439 1157 3456 ,
1186 3427 1219 3450 ut

0 3479 12 3495 s.
285 3466 315 3487 vi
338 3463 420 3490 etur.

0 3498 7 3531 ξ
323 3507 341 3528 e
362 3496 466 3533 Alias,
485 3495 617 3527 Deinde.

0 3533 12 3582 ξ
323 3537 342 3567 s
357 3535 516 3569 uss-Colb.
536 3535 616 3572 duo,
634 3535 702 3576 quis
719 3535 747 3566 ei
757 3536 885 3576 sufficit.
904 3538 1009 3575 Alius,
1029 3539 1101 3578 quid
1111 3539 1222 3579 fiafficie

0 3583 12 3592 '⁴
283 3578 356 3615 eui,
369 3578 439 3609 (vc.
457 3577 543 3611 Alter
562 3585 654 3612 uem,
669 3584 723 3606 aut
736 3578 813 3616 'quid
830 3578 858 3608 ei
876 3577 988 3616 defien,
1009 3579 1058 3610 sed
1079 3581 1174 3612 male.

367 3616 431 3649 uss.
450 3615 511 3647 duo
530 3615 619 3649 colb.
639 3616 775 3646 Domine.

325 3628 347 3689 ἒ
367 3657 416 3689 ras.
438 3656 525 3687 Colb.
546 3666 639 3693 unus,
658 3657 696 3686 de
706 3655 783 3694 filiis
802 3658 875 3688 Levi
895 3667 905 3688 ε
924 3659 991 3689 Non
1007 3659 1134 3691 dabitis.

316 3699 407 3769 dis-ic
428 3697 493 3731 mss.
510 3706 617 3731 omnes
634 3697 709 3728 editi
730 3706 820 3733 vero,
839 3697 995 3730 multitudo
1006 3702 1134 3742 superne
1154 3699 1220 3731 dul·

285 3748 317 3769 ce
337 3750 394 3769 mes
402 3758 412 3769 ι

325 3777 346 3810 k
366 3779 429 3816 uss,
451 3779 529 3819 Reg-
547 3763 624 3818 duo,
639 3785 700 3820 pre
718 3788 832 3814 amore.

517 140 626 197 DE
674 137 869 198 VlTA
915 140 1631 214 CONTEMPLATIVA‚
1676 144 1920 207 LIBER
1965 150 2006 206 Ι.

289 493 362 528 ti03
386 490 501 526 Deum
520 490 585 536 *qui
606 486 750 534 poffidet
774 490 887 524 omnia
911 499 987 536 quae
1004 491 1149 532 creavit,
1173 501 1229 525 ex-

2144 179 2216 226 29

1282 242 1368 275 renis
1386 239 1663 287 occupationibus
1684 240 1864 289 implicati,
1890 242 2007 280 officio
2026 245 2083 282 suo
2101 248 2215 295 dignas

1283 289 1434 327 excubias
1455 289 1585 327 strenue
1604 303 1719 328 curare
1739 305 1807 328 non
1828 291 1972 340 poffent.

1334 353 1368 386 4.
1394 344 1497 377 Nunc
1514 352 1646 384 autem,
1670 342 1764 389 quod
1783 342 1964 381 Christiani
1993 350 2154 395 temporis
2173 349 2216 386 sa-

1284 390 1435 426 cerdotes
1462 394 1565 438 magis
1593 390 1752 430 sustinent
1779 406 1881 442 quam
1908 407 2023 433 curant
2098 395 2215 435 sseffio-

1283 452 1341 475 nes
1369 439 1553 483 Ecclefiae,
1587 444 1685 479 etiam
1712 446 1747 479 jn
1776 443 1844 481 hoc
1882 446 1962 483 Deo
1989 451 2007 469 ⁰
2050 451 2215 486 erviunt:

1280 492 1358 537 quia
1387 490 1409 527 fi
1431 493 1499 527 Dei
1529 490 1604 527 sunt
1629 504 1665 528 ea
1691 505 1766 540 quae
1793 494 2012 533 conferuntur
2036 497 2216 543 Ecclefiae,

1281 543 1346 576 Dei
1383 553 1469 589 opus
1496 544 1565 587 agit
1582 565 1596 584 ,
1629 545 1688 588 qui
1719 555 1770 579 res
1808 547 1888 580 Deo
1915 547 2116 585 consecratas
2144 562 2215 586 non

1283 589 1418 637 alicujus
1446 591 1639 639 cupiditatis
1658 617 1670 635 ,
1705 591 1760 630 sed
1788 593 1979 633 fideliffimae
2005 598 2216 647 dispensstio·

1281 643 1331 676 nis
1365 644 1550 677 intentione
1576 653 1644 677 non
1672 641 1792 680 deserit
1810 671 1818 679 .
1854 647 2072 695 Quapropter
2099 647 2216 697 polsei²

1281 689 1409 736 fiones,
1442 703 1522 739 quas
1549 690 1673 728 oblatas
1702 705 1720 729 a
1748 693 1879 742 populo
1905 695 2086 745 suscipiunt
2114 698 2215 736 sacer-

1279 741 1394 784 dotes,
1419 746 1437 771 Ρ
1455 754 1523 777 non
1553 741 1625 777 sunt
1644 746 1728 778 inter
1757 757 1807 780 res
1827 745 1945 782 mundi
1973 748 2126 796 deputari
2144 762 2215 786 cre·

1278 790 1415 834 dendae,
1441 790 1495 828 sed
1522 793 1609 827 Dei.
1644 795 1817 838 Quoniam
1843 794 1867 831 fi
1894 796 2019 841 vestes,
2054 812 2091 836 ac
2119 799 2212 844 vasa,

1281 845 1316 877 &
1346 852 1456 878 cetera
1474 866 1487 884 ‚
1520 853 1594 888 quae
1623 843 1657 876 in
1683 846 1702 872 ‘1
1733 843 1826 880 sacris
1854 844 1925 883 usui
1952 847 2212 887 ministrantibus

1281 902 1396 935 erant,
1431 890 1538 927 saneta
1571 889 1796 936 vocabantur,
1830 906 1892 931 nec
1919 898 1953 932 in
1989 897 2064 935 usus
2096 899 2214 937 huma-

1281 953 1343 976 nos
1370 944 1518 977 revocari
1548 942 1612 986 jam
1641 953 1816 988 poterant,
1840 944 1959 983 divinis
1987 947 2086 985 semel
2114 953 2214 986 mini-

1278 989 1384 1028 steriis
1409 990 1614 1028 consecratas
1639 992 1816 1036 quomodo
1843 1006 1913 1031 non
1933 1009 1970 1033 ea
1997 1009 2072 1045 quae
2100 999 2212 1036 conse-

1277 1052 1398 1079 runtur
1426 1040 1580 1078 Ecclesiae
1600 1065 1612 1084 ,
1648 1040 1734 1078 sscra
1762 1043 1925 1083 credenda
1953 1045 2027 1083 sunt
2044 1061 2059 1088 ;
2092 1048 2212 1096 quibus

1279 1104 1348 1128 non
1378 1101 1416 1128 ut
1443 1090 1542 1128 seculi
1569 1088 1667 1127 rebus
1695 1091 1865 1131 luxuriose
1883 1120 1896 1139 ,
1930 1095 1986 1133 sed
2012 1097 2142 1141 Εηᾶε,
2172 1110 2212 1136 ut

1277 1144 1357 1180 Deo
1385 1141 1602 1183 consecratis,
1636 1152 1776 1180 utuntur
1802 1144 1842 1180 ad
1870 1144 2038 1184 necess'aria
2065 1148 2212 1186 sacerdo-

1276 1203 1342 1229 tes:
1368 1204 1406 1229 ut
1434 1191 1498 1228 illis
1527 1189 1707 1234 omnibus,
1732 1196 1790 1240 qui
1821 1193 1853 1229 se
1880 1196 2092 1244 perfeffionis
2121 1213 2214 1236 amo·

1276 1256 1313 1280 re
1333 1242 1391 1280 sub
1410 1254 1480 1280 uno
1499 1240 1741 1284 constituunt,
1776 1246 1811 1279 δι
1841 1244 1895 1282 sua
1922 1245 1981 1284 fibi
2007 1260 2076 1284 non
2104 1251 2213 1286 vindi·

1275 1304 1350 1330 cant
1370 1319 1382 1337 ,
1416 1291 1569 1330 Ecclefiae
1604 1295 1617 1314 ¹
1645 1291 1815 1330 facultates
1842 1296 1882 1332 ad
1909 1294 1979 1332 hoc
2005 1297 2113 1345 ipsum
2141 1299 2212 1336 col-

1276 1343 1369 1381 letstae
1395 1342 1576 1383 sufficiant3
1600 1344 1634 1378 &
1653 1344 1815 1391 quicquid
1843 1346 2000 1384 omnibus
2020 1353 2212 1397 occupatio-

1277 1393 1375 1431 nibus
1399 1393 1541 1431 absoluti
1572 1392 1778 1441 proficiunt,
1802 1393 1927 1435 fruetus
1952 1397 2062 1442 illius,
2085 1404 2144 1446 qui
2172 1412 2211 1437 u-

1278 1457 1339 1482 nus
1365 1457 1429 1493 pro
1453 1443 1569 1480 multis
1598 1455 1781 1491 occupatus
1809 1446 1857 1483 est
1873 1471 1886 1490 ,
1921 1447 2009 1487 fian
2043 1460 2142 1497 atque
2168 1453 2214 1487 ita

1277 1495 1355 1539 ille,
1379 1498 1438 1543 qui
1467 1492 1704 1531 lollicitudines
1731 1497 1891 1534 omnium
1914 1496 1974 1534 sub
2003 1498 2035 1535 se
2064 1494 2080 1520 s
2101 1503 2214 1536 viven-

1277 1549 1364 1583 tium
1390 1555 1505 1594 portat
1524 1571 1534 1588 ‚
1570 1548 1604 1580 in
1635 1548 1894 1592 congregatione
1934 1548 1988 1586 sua
2019 1549 2218 1597 proficiente

1276 1595 1449 1646 proficiat:
1477 1607 1516 1633 ut
1544 1594 1626 1632 sicut
1650 1594 1738 1632 illius
1767 1600 1946 1647 occupatio
1970 1602 2124 1636 omnium
2144 1599 2218 1636 suo·

1277 1645 1466 1683 rumrfaeta
1494 1646 1543 1684 est
1570 1644 1717 1682 frutuosa
1744 1651 1895 1692 vacatio,
1919 1652 1964 1684 ita
1991 1653 2144 1687 omnium
2169 1650 2219 1686 di·

1274 1695 1485 1744 scipulorum
1503 1695 1667 1744 perfectio
1691 1694 1838 1742 gloriosa
1856 1697 2002 1745 magistri
2029 1698 2144 1736 honor
2163 1698 2220 1735 ha-

1276 1746 1395 1784 beatur
1425 1751 1461 1785 &
1489 1745 1616 1794 gloria·

1471 1873 1842 1911 CAPUT
1919 1873 2034 1911 XVII.

1275 1998 1376 2042 Qud
1401 1995 1486 2032 nihil
1513 1995 1688 2045 proficiant
1707 2023 1718 2041 ,
1751 1996 1812 2043 qui
1837 1996 2034 2040 abstinentes
2061 2010 2085 2032 a
2110 1996 2215 2041 cibis,

1323 2047 1422 2083 vitiis
1442 2047 1619 2095 serviunt.-
1643 2057 1699 2082 nec
1721 2045 1824 2094 prosit
1845 2045 1917 2082 illis
1934 2048 2113 2094 facultates
2131 2047 2224 2091 abji-

1324 2111 1396 2134 cere
1416 2124 1427 2142 ,
1453 2097 1511 2144 qui
1530 2098 1610 2144 suas
1639 2096 1774 2143 faciunt
1793 2097 1990 2135 *voluntates
2004 2124 2014 2133 .

1283 2208 1312 2234 1.
1373 2196 1465 2233 Tem
1492 2195 1648 2243 quaefistis
1664 2206 1750 2244 ‘quae
1777 2196 1817 2232 fit
1842 2197 2044 2235 abstinentiae
2060 2201 2221 2239 credenda

1401 2245 1592 2295 perfeffio:
1628 2250 1663 2282 δε
1689 2256 1806 2282 utrum
1833 2257 1962 2283 tantum
1989 2253 2149 2296 corpori,
2181 2263 2222 2286 an

1278 2302 1312 2335 ἃ
1339 2300 1458 2334 animae
1483 2295 1602 2333 debeat
1625 2294 1791 2333 necessaria
1810 2297 1963 2341 judicari.
1989 2301 2020 2335 Si
2048 2297 2223 2337 hominem

1280 2359 1394 2386 totum
1422 2350 1530 2383 virtus
1567 2346 1641 2384 haec
1667 2359 1742 2393 quae
1772 2345 1966 2383 abstinentia
2000 2352 2189 2387 nominatur
2205 2374 2220 2393 ‚

1279 2398 1425 2446 perfefia
1455 2395 1658 2438 sanotifican
1691 2405 1760 2427 non
1786 2393 1899 2445 blum-
1921 2399 2080 2440 corpori,
2106 2398 2160 2433 sed
2185 2400 2221 2433 &

1279 2450 1397 2482 animae
1427 2438 1597 2473 neceffaria
1617 2437 1688 2475 est3
1712 2441 1791 2483 quia
1817 2441 1926 2475 omnis
1946 2439 2056 2479 homo
2083 2457 2126 2482 ex
2145 2459 2220 2483 cor-

1278 2502 1363 2535 pore
1391 2485 1519 2522 constat
1547 2491 1583 2523 &
1605 2489 1733 2523 anima.
1755 2487 1818 2525 Sed
1848 2491 1883 2525 in
1911 2492 1979 2535 eis,
2003 2496 2062 2541 qui
2081 2494 2219 2534 diverfis

1277 2539 1367 2574 vitiis
1396 2534 1621 2580 subjacentes,
1656 2536 1783 2585 aliquid
1808 2537 1868 2575 fibi
1896 2552 2015 2579 eorum
2042 2556 2116 2592 que
2144 2546 2220 2584 usui

1278 2585 1395 2624 nostro
1420 2590 1433 2609 t
1459 2585 1607 2623 conceffa
1633 2586 1729 2630 sunt,
1763 2589 1987 2636 interdicunt,
2020 2592 2216 2634 abstinentia

1278 2637 1439 2687 quidem,
1464 2641 1484 2659 ¹²
1511 2636 1567 2674 std
1587 2636 1721 2674 carnalis
1749 2641 1784 2675 &
1811 2641 2004 2689 imperfeoka
2033 2642 2092 2681 effe
2117 2645 2219 2690 debet

1277 2687 1441 2735 intelligi:
1468 2700 1504 2724 ea
1522 2699 1633 2724 autem
1660 2687 1836 2736 spiritualis
1853 2693 1954 2740 atque
1978 2693 2125 2741 pei-festa
2143 2709 2220 2734 cen-

1277 2738 1374 2777 senda
1391 2735 1459 2781 est,
1484 2750 1558 2784 quae
1583 2736 1803 2778 abstinentem
1821 2751 1891 2778 tarn
1908 2741 1956 2779 ab,
1967 2742 2132 2783 illecebris
2151 2759 2221 2784 car-

1278 2789 1405 2826 nalium
1437 2787 1653 2837 voluptatum
1673 2814 1684 2832 ‚
1718 2802 1819 2838 quam
1844 2804 1862 2829 a
1890 2796 2032 2841 peccatis
2061 2795 2220 2835 omnibus

1277 2839 1357 2877 facit
1383 2838 1529 2876 alienum
1550 2852 1562 2877 3
1593 2840 1686 2887 cujus
1713 2853 1775 2877 nec
1802 2844 1952 2880 animum!
1976 2844 2220 2885 desideriorum

1276 2888 1387 2941 tvi-bi
1405 2900 1651 2937 corrumpunt,
1675 2902 1736 2926 nec
1764 2893 1908 2939 imperio
1935 2893 2019 2940 gulae
2043 2896 2218 2934 dominan-

1274 2944 1316 2978 tis
1334 2939 1473 2989 quaefitae
1491 2939 1612 2977 delitiae
1628 2943 1714 2977 vires
1731 2945 1886 2990 corporis
1901 2942 2076 2991 frangunt.
2100 2950 2218 2985 Proin.

1276 2991 1318 3029 de
1347 2990 1403 3027 ille
1421 2989 1581 3027 abstinens
1608 3003 1685 3028 vere
1703 2990 1883 3030 credendus
1900 2991 1947 3031 est
1974 2998 2034 3043 qui
2050 2998 2216 3036 vitiorum

1276 3045 1432 3080 omnium
1447 3039 1533 3078 liber
1547 3040 1719 3080 x-reffeetus
1735 3041 1802 3081 est5
1818 3054 1856 3081 ac
1873 3043 1979 3083 recise
1997 3052 2017 3083 y
2030 3058 2094 3084 cor
2142 3047 2217 3086 rali-

2122 3110 2162 3135 US

1320 3175 1332 3206 1
1354 3174 1404 3207 ms.
1424 3173 1532 3207 Camb.
1552 3174 1686 3214 reliquie.

1319 3226 1351 3246 m
1374 3214 1422 3246 ms.
1443 3216 1487 3247 Re
1508 3236 1517 3244 .
1541 3225 1634 3252 unm,
1655 3214 1708 3244 vol
1726 3224 1808 3246 voto.

1320 3267 1340 3286 n
1361 3256 1411 3286 ΜΓ.
1430 3256 1495 3301 Col·
1511 3277 1518 3286 .
1539 3265 1631 3291 unus,
1652 3256 1682 3284 in
1702 3266 1732 3303 ‘f'
1750 3256 1852 3286 culta.

1317 3306 1338 3326 ο
1360 3295 1426 3367 alal—{2
1445 3305 1574 3371 32:23³?
1581 3293 1827 3373 ,nssseh'xllnzm
1852 3346 1896 3366 res
1921 3336 2022 3367 mundi
2045 3339 2184 3371 credenda
2202 3361 2211 3377 ,

1271 3378 1305 3417 se
1320 3377 1522 3463 thulss51195,
1541 3416 1573 3447 in
1585 3417 1670 3456 sacre
1689 3414 1739 3454 'fi‘
1757 3414 2006 3454 ministrantibus.
2027 3416 2086 3448 ΜΓ.
2109 3428 2182 3451 unus
2202 3441 2213 3458 ,

1280 3456 1534 3495 mimllratmmbus
1542 3477 1552 3488 .

1319 3508 1334 3530 r
1355 3497 1417 3529 mss.
1428 3497 1584 3542 quinque,
1598 3495 1731 3535 facultas
1750 3496 1875 3534 Ecclefiae
1891 3499 1932 3530 ad
1951 3497 2003 3529 hoc
2021 3499 2111 3540 ipsum
2129 3499 2213 3530 colle·

1279 3537 1481 3609 gassgihgczsts:
1499 3586 1619 3607 omnes.
1639 3581 1681 3610 At
1701 3576 1790 3614 editi,
1824 3577 2013 3609 mimium.

1320 3627 1332 3649 t
1355 3619 1403 3659 1‘2
1423 3626 1526 3648 omnes
1547 3617 1607 3647 mss.
1631 3620 1673 3649 At
1695 3627 1766 3649 vero
1785 3626 1801 3647 e
1824 3618 1877 3654 iti,
1896 3618 2046 3659 neceffariae
2057 3618 2146 3658 sune.

1321 3669 1340 3689 u
1361 3658 1410 3688 ms.
1431 3657 1535 3688 camb.
1556 3658 1670 3697 quidem
1688 3658 1741 3706 εῙίἸ
1756 3658 1826 3695 sed,
1845 3657 1905 3690 &c-

1318 3709 1340 3778 ξ’
1358 3698 1424 3769 ΐιῖΐςς.
1428 3706 1503 3774 δῐέιξς,
1510 3697 1667 3784 ’5:13ng
1673 3697 1830 3771 seggdem
1839 3738 1933 3770 modo
1939 3738 2043 3771 iccium
2052 3739 2139 3771 fuisse
2147 3738 2212 3785 fiiis-

1277 3778 1305 3810 se
1323 3778 1395 3812 alias
1415 3788 1447 3811 in
1465 3787 1518 3811 ora
1537 3779 1695 3812 Editorum
1714 3779 1892 3814 observatur.
1900 3779 1997 3819 Editi,
2016 3779 2212 3822 corporalabust

2288 3061 2311 3083 x

2289 3101 2311 3130 Υ
