2652 4126
541 185 899 246 ,SANc'r1
939 185 1365 251 PROSPERI
1406 192 1876 268 AQUITANI.

226 283 521 316 Spiritus-sanctus
539 290 577 312 ex
597 280 683 311 Patre
701 277 833 322 &sFilio
854 280 987 319 procedit
1001 301 1010 317 ,
1039 291 1085 320 15.
1102 282 1192 323 Spiri-

186 331 234 355 tus
254 334 314 355 non
334 323 503 363 multiplex,
524 320 568 353 sed
590 330 665 353 unus
684 317 716 350 δι
736 318 814 350 idern
835 322 939 351 omnia
948 331 1101 359 operatur,
1125 333 1191 360 ¹93·

183 364 279 395 Aliter
296 365 416 396 adiuvat
437 361 568 394 nondum
589 360 755 392 inhabitans
770 379 778 394 ‚
803 360 887 390 aliter
908 362 1076 392 inhabitans
1092 384 1102 400 ,
1122 364 1192 393 ibid.

223 403 320 434 Stella
337 402 468 443 signum.
490 401 630 436 Balaam,
652 400 759 437 isaias,
780 399 895 439 David,
919 401 1097 441 Mattheus,
1117 404 1189 435 Pau.

184 443 247 479 lus,
268 443 378 482 Sibylla
397 443 428 474 &
451 442 554 477 Maro,
578 451 646 478 ¹¹3·

183 483 351 515 Stoicorum
370 482 405 515 de
425 482 518 514 animi
540 479 744 514 affectionibus
764 480 923 518 sententia,
947 490 994 518 55.

223 523 342 554 Studia.
364 525 399 553 In
420 522 523 566 studiis
543 521 719 562 spitualibus
746 521 884 562 proficere
913 523 1028 567 possunt
1049 522 1191 567 multipli-

184 563 256 595 citer
277 564 332 594 viri
353 562 562 597 Ecclesiastici‚
586 571 633 597 5²·

223 603 410 636 Subditorutn
429 612 496 648 erga
515 601 640 637 restores
660 602 724 633 suos
744 604 860 639 officia,
881 612 927 634 zo.

191 668 194 672 Δ
225 643 366 683 Superbia
384 652 484 675 omnis
505 643 615 683 peceati
637 642 776 681 initium,
797 652 865 684 quae
885 644 962 674 mala
980 652 1099 684 generet
1114 664 1122 679 ‚
1145 646 1192 682 36.

183 683 300 721 Quibus
319 682 436 715 indiciis
455 682 688 724 deprehendatur
709 706 719 721 ‚
738 694 788 722 40.
807 685 877 714 Sine
898 684 1029 723 superbia
1048 695 1108 714 non
1130 685 1192 723 pos-

185 724 251 754 sunt
273 724 327 754 Dei
348 733 436 763 praece
459 731 490 757 ta
511 723 686 758 contemni,
708 724 938 763 38.-Appetitus
965 726 1090 764 propriae
1111 732 1192 763 pote-

185 764 266 796 statis
285 764 415 796 hominis
447 762 595 804 uperbiam
616 764 771 803 precedit,
796 765 861 794 180.
881 765 1019 804 Superbia
1038 775 1069 794 ex
1087 765 1193 803 angelo

184 804 334 836 diabolum
355 803 439 841 fecit,
462 802 803 844 36.Contrasuperbiam
826 805 971 843 imprimis
992 805 1191 844 vigilandum,

186 843 417 885 180.-Superbiae
437 843 519 885 pravi
540 842 677 881 effeflus:
698 845 845 885 iidemque
867 846 1019 885 cupiditati
1042 868 1049 875 .
1073 845 1120 883 38.
1140 845 1193 875 Su-

185 884 283 924 perbia
304 884 384 917 radix
405 892 514 924 peccati
537 885 646 914 mundo
667 894 803 926 pereunte
823 894 882 914 non
899 893 995 926 potuit
1017 886 1124 925 perire,
1146 889 1194 921 67.

185 927 221 957 In
242 925 369 957 circuitu
388 924 473 964 impii
494 924 645 958 ambulant
659 945 669 961 ,
691 924 736 956 sed
765 926 904 960 circuitus
924 935 1024 955 eorum
1045 933 1131 964 caput
1153 926 1194 955 su-

185 965 358 1037 izctdbiaddq
365 964 681 1038 ²s’usofnngssbsupnffs·
694 965 777 1000 fidius
786 966 824 1036 egi
833 986 848 1011 ,ι
863 966 962 999 omnis
971 965 1053 997 fietus
1060 966 1193 1005 mendax,

181 1017 195 1074 ’.
213 1015 390 1085 'sapenix
411 1014 1000 1090 Pol'il'assamwl's‘lssi1¹¹}Ep‘e‘r'333‚¹33
1187 1084 1194 1090 ,

192 1106 196 1110 ,
222 1086 353 1124 Surgunt
374 1093 443 1116 ante
462 1084 615 1121 Christum
635 1087 686 1133 qui
710 1087 813 1117 volunt
839 1086 888 1122 hic
916 1084 1017 1116 excelsi
1044 1085 1098 1116 esse
1117 1105 1127 1122 ‚
1148 1084 1196 1115 ubi

184 1125 306 1156 humilis
325 1125 372 1156 ille
393 1125 465 1160 suit,
490 1129 556 1159 260.

224 1166 425 1199 Stnmncuus
448 1165 495 1196 vir
513 1164 709 1198 doetus&e10
731 1176 813 1202 uens,
835 1165 881 1197 sed
892 1176 1037 1205 paganus,
1054 1165 1197 1206 panegiri-

183 1215 220 1236 co
241 1205 399 1237 Theodofii
422 1207 546 1237 recitato
565 1216 645 1237 atam
667 1207 706 1236 Vi
740 1208 807 1238 oriae
828 1208 860 1236 in
882 1206 990 1236 Senatu
1005 1206 1112 1236 restitui
1134 1212 1197 1245 iug-

183 1255 304 1287 gerens,
324 1245 361 1276 ab
384 1246 575 1286 Imperatoris
594 1245 728 1287 adspedlu
750 1246 862 1285 pulsus,
884 1246 945 1287 ipso
960 1247 1005 1282 die
1027 1247 1115 1277 rheda
1134 1256 1195 1280 non

183 1288 272 1319 strata
290 1286 394 1319 venus
413 1286 540 1318 exsulare
560 1287 694 1329 iubetur,
719 1298 785 1320 120.

675 1369 707 1405 T

183 1449 470 1521 TAnemuouct
490 1449 575 1490 eique
595 1458 774 1480 annexorum
797 1447 919 1487 mystica
940 1446 1078 1478 strufiura
1088 1447 1196 1478 exami-

188 1503 196 1509 ·
250 1507 255 1515 ·
286 1498 389 1524 natur,
411 1491 459 1527 84.
479 1490 563 1526 Quae
582 1490 680 1524 oblata
701 1490 766 1519 sunt
789 1498 818 1517 in
839 1488 977 1521 fabricam
1000 1487 1194 1522 tabernaculi,

181 1538 218 1559 ex
239 1528 284 1560 his
312 1529 433 1568 mystica
459 1540 562 1560 omnia
591 1531 621 1560 in
645 1539 773 1570 tempore
795 1528 904 1559 suturae
933 1528 1065 1561 Ecclesiae
1087 1528 1197 1558 revela·

181 1567 303 1605 bantur,
324 1569 395 1603 ibid.
417 1571 526 1603 Ternis
546 1569 613 1603 seris
633 1569 849 1602 connectuntur
878 1568 1025 1599 columnae
1045 1569 1196 1598 Taberna—

179 1609 237 1639 culi
247 1620 260 1640 .·
303 1611 422 1643 uoniam
443 1610 530 1646 fidei,
551 1610 628 1649 spei,
649 1611 679 1641 δι
700 1610 830 1641 caritatis
852 1607 1114 1644 vinculodoflores
1136 1608 1196 1639 Ec·

181 1647 258 1682 kfiae
290 1650 430 1682 alubriter
449 1651 688 1690 adstringuntur,
709 1650 776 1680 ibid.

188 1704 196 1708 -
221 1689 446 1730 'recuperantis
464 1690 616 1727 officium,
638 1691 683 1726 48.
705 1689 854 1730 Quidquid
876 1688 934 1719 fine
953 1700 1013 1729 quo
1032 1688 1126 1728 potest
1149 1689 1195 1718 vi-

179 1729 213 1760 vi
234 1732 410 1771 percipitur,
430 1741 490 1765 non
512 1731 706 1768 sustentandae
726 1731 796 1763 vitae
811 1750 820 1766 ,
842 1729 887 1763 scd
915 1729 1048 1765 sovendae
1068 1729 1195 1761 luxuriae

178 1771 462 1812 earnisimpenditur
475 1791 485 1807 ,
507 1782 556 1809 30.

190 1829 194 1834 ·
219 1810 380 1851 Templum
402 1821 420 1842 a
440 1812 600 1846 Salomone
621 1810 819 1843 construffium
846 1809 971 1850 spiritale
986 1809 1141 1843 aedificium
1163 1810 1195 1839 si-

178 1857 270 1897 gnat,
291 1862 352 1892 quo
372 1852 434 1886 Rex
456 1851 554 1885 noster
573 1851 709 1882 Christus
729 1847 858 1889 fidelium
879 1851 967 1881 corda
996 1860 1054 1880 non
1078 1858 1194 1881 tantum

178 1892 291 1932 singula
311 1893 422 1934 templa
442 1892 474 1922 in
495 1891 630 1932 singulis,
652 1891 808 1922 sedetiam
819 1901 910 1920 unum
931 1901 966 1921 ex
976 1890 1196 1920 omnibustetn-

180 1931 263 1970 plum
282 1930 353 1964 feeit
375 1953 385 1968 ‚
416 1941 471 1966 iot.
493 1934 561 1963 Hoc
580 1931 742 1972 Templum
773 1931 822 1961 sub
843 1931 935 1966 Dario
961 1939 1093 1970 coeptum
1113 1951 1122 1964 ,
1146 1930 1195 1960 sub

182 1971 265 2010 Cyro
286 1973 347 2012 post
368 1983 463 2006 annos
482 1971 678 2012 quadraginta
699 1971 855 2013 peiseflum
872 1994 880 2002 .
899 1972 944 2002 De
972 1971 1079 2009 quibus
1102 1970 1194 2006 Judaei

183 2012 215 2040 in
237 2012 356 2052 Evang,
374 2015 454 2049 [ean.
477 2023 506 2040 a.
530 2021 575 2048 19.
598 2021 657 2041 non
678 2012 714 2043 de
734 2022 769 2041 eo
789 2013 839 2051 qui
861 2023 878 2042 a
899 2012 1056 2045 Salomone
1067 2011 1195 2043 aedifica-

179 2052 356 2083 tumfuerar
377 2053 548 2090 loquentes,
572 2053 638 2082 108.
660 2052 820 2091 Templum
844 2052 899 2082 Dei
922 2052 987 2081 sunt
1001 2051 1051 2090 qui
1071 2051 1196 2082 credunt

180 2091 218 2120 ia*
233 2090 381 2124 Christum
401 2091 437 2125 δε
457 2091 614 2131 diligunt,
635 2095 700 2121 261.
721 2092 880 2131 Templum
903 2092 951 2121 ubi
978 2099 1098 2130 rogatur
1121 2093 1198 2124 Deus

179 2131 211 2158 δε
230 2131 366 2174 eitaudit‚
387 2132 460 2175 ibid.
480 2133 550 2161 Hoc
571 2133 713 2174 templum
725 2141 830 2176 corpus
847 2132 980 2171 christi,
1001 2135 1198 2173 congregatio

179 2167 328 2206 fidelium,
351 2169 422 2201 ibid.

217 2208 434 2248 Temporales,
457 2216 523 2244 ¹5¹·
875 2220 878 2224 ·
1029 2233 1032 2234 γ
1053 2232 1059 2235 .
1092 2223 1096 2225 Α

218 2248 352 2289 Tempus
371 2255 537 2280 amatorum
559 2245 663 2277 mundi
682 2245 793 2289 semper
813 2253 967 2288 paratum,
989 2247 1199 2291 tempusjustm

177 2297 246 2319 rum
266 2289 400 2319 nondum
423 2289 523 2322 venit,
547 2294 613 2320 252.
1018 2299 1033 2304 --

217 2329 384 2360 Tencbtae.
405 2330 442 2358 Iri
465 2326 597 2362 tenebras
616 2323 876 2360 exterioresvmirti
897 2323 983 2362 quid,
1005 2328 1057 2357 43.
1107 2341 1110 2345 ι

218 2368 381 2400 Tentatio.
404 2367 545 2400 Diabolus
565 2365 690 2406 amplius
709 2363 815 2393 cecidit
830 2383 839 2399 ,
858 2363 977 2406 quando
1000 2361 1024 2390 se
1036 2360 1073 2390 ab
1094 2371 1129 2391 eo
1150 2362 1198 2397 Je-

179 2408 225 2440 sus
243 2409 352 2439 tentari
374 2408 521 2447 permisit,
542 2405 697 2437 ostendens
719 2404 866 2442 nequitias
888 2402 1146 2436 seduffionisejus,
1166 2401 1198 2432 δε

180 2449 290 2479 docens
311 2448 374 2478 suos
395 2447 548 2486 quomodo
567 2445 690 2475 debeant
711 2443 833 2478 resistere
855 2443 1017 2474 tentatori,
1041 2452 1103 2485 ¹²3.·
1124 2442 1197 2475 Qua:

183 2498 364 2519 tentationes
393 2486 535 2518 conversis
555 2484 690 2515 cavendae
717 2504 726 2518 ,
756 2492 802 2521 47.
832 2483 916 2515 Vitia
951 2481 1113 2525 spiritu-alia
1143 2480 1197 2510 sol·

181 2529 263 2560 licite
287 2527 408 2560 vitanda
437 2548 447 2563 ,
475 2526 545 2555 ibid.
567 2524 677 2554 Melius
699 2522 738 2553 est
759 2522 866 2554 tentari
894 2521 924 2552 &
946 2521 1058 2563 probari
1080 2541 1090 2556 ‚
1110 2530 1199 2555 quam

182 2579 246 2600 non
271 2577 415 2600 tentatum
438 2565 607 2606 reprobari,
627 2565 694 2593 266.
716 2563 836 2598 inimici
859 2562 948 2592 nostri
968 2560 1199 2591 diabolus&an·

184 2611 244 2650 geli
266 2619 328 2642 eius
348 2615 520 2651 oppugnant
541 2605 737 2641 extrinsecus,
759 2613 813 2632 nec
834 2609 1004 2641 expugnant
1020 2602 1127 2641 eosqui
1149 2612 1200 2640 ap·

184 2651 370 2691 prehendunt
391 2657 498 2678 turrem
521 2645 702 2676 fortitudinis
720 2663 730 2678 ,
753 2644 820 2678 258.
839 2641 971 2679 Christus
999 2643 1079 2680 prior
1101 2650 1196 2671 tenta-

184 2699 233 2721 tus
253 2690 311 2727 est,
333 2700 369 2720 ne
390 2699 443 2718 nos
464 2698 494 2717 in
514 2686 680 2719 tentatione
700 2683 895 2728 'vinceremur
921 2702 931 2718 ‚
960 2691 1028 2718 240·
1053 2682 1197 2714 Tentatio

184 2730 296 2761 Christi
317 2732 414 2764 nostra
433 2727 566 2760 doctrina
586 2725 643 2762 est,
664 2722 736 2768 ibid..
799 2750 803 2753 ,
967 2734 970 2735 ’
1032 2748 1034 2750 ,
1090 2761 1095 2767 ·
1130 2732 1133 2733 ⁷
1177 2761 1181 2766 Α

226 2772 320 2801 Terra
341 2771 471 2803 hominis
493 2775 612 2807 peccato
634 2760 803 2803 malediffla,
825 2764 874 2800 64.
894 2761 988 2799 Terta
1001 2761 1198 2802 promiffionis

185 2812 312 2852 gratiani
334 2808 494 2850 significat,
519 2817 584 2843 ²57·
930 2843 937 2849 -
1079 2812 1081 2814 ’
1117 2808 1121 2816 “

226 2851 451 2884 Testamentum
474 2857 558 2878 vetus
578 2849 609 2880 in
629 2857 709 2877 novo
729 2844 906 2878 revelatum,
929 2853 960 2873 in
981 2849 1197 2875 veterenovum

186 2892 339 2929 velatum,
359 2890 431 2925 ibid,
451 2888 675 2923 Testamentum
686 2891 815 2922 novum„
836 2884 983 2928 canticum
994 2891 1123 2921 novun-i,
1145 2883 1198 2913 ho-

184 2941 238 2962 mo
260 2942 354 2963 novus
377 2931 587 2970 praedicantur,·
609 2929 638 2957 in
659 2928 804 2963 jeremia,
827 2925 918 2960 Isaia,
940 2923 1110 2959 Matthaeo,
1127 2923 1198 2954 Pau·

185 2972 235 3002 lo:
259 2983 289 3002 iri
314 2972 436 3001 Marone
458 2970 683 3002 adumbrantur,
709 2966 829 3001 1¹8·<1ss
853 2962 1138 2994 novoTcstamento
1153 2963 1198 2994 di·-

187 3013 292 3042 scretio
313 3012 389 3045 nulla
409 3011 450 3042 est
473 3011 658 3049 personarum
681 3017 715 3037 eit
738 3006 895 3046 Apollolo,
916 3003 984 3037 Gal.
1009 3012 1036 3043 3,
1061 3005 1106 3033 18·
1128 3003 1197 3040 ibid,

188 3051 413 3083 Testamentum
434 3051 502 3084 fidei
524 3051 554 3079 in
579 3048 704 3082 Abrahae
726 3045 939 3079 imitatoribus,
962 3045 1030 3083 ²5⁶·

229 3094 376 3122 THAMAR
397 3091 509 3130 gemini
531 3090 657 3130 populus
676 3089 747 3117 duos
763 3085 968 3130 designabant,
988 3094 1036 3120 9¹.
1052 3125 1057 3130 .

228 3133 337 3162 Timor
359 3142 417 3161 non
438 3129 561 3169 quilibet
582 3129 681 3159 haberi
701 3128 823 3158 debetin
840 3134 933 3160 vitio,
955 3134 1003 3162 54.
1017 3125 1125 3157 Timor
1135 3125 1198 3163 sup-

189 3173 272 3214 plicii
293 3182 382 3211 quam
403 3171 496 3204 servet
518 3179 571 3198 nos
590 3179 607 3199 a
628 3176 763 3208 peccato,
784 3176 833 3204 43.
855 3165 988 3211 Timoris
1006 3164 1096 3195 sancii
1113 3174 1198 3204 apoe·

189 3213 251 3243 riali
272 3210 437 3244 drssmffio,
461 3220 505 3245 54.
525 3209 632 3241 Timor
652 3217 744 3247 poenae
759 3229 767 3242 ‚
788 3215 870 3236 amor
891 3205 1007 3243 justitiae
1026 3225 1035 3240 ,
1060 3206 1124 3246 ιςβ.
1144 3205 1199 3235 Ti-

189 3263 257 3284 mor
280 3252 403 3283 Domini
423 3251 519 3290 qualis
539 3249 591 3279 esse
611 3248 712 3279 debeat
731 3268 739 3283 ,
761 3256 828 3284 235,
849 3245 897 3276 Sic
918 3247 989 3276 time
1004 3243 1167 3276 Dominum
1189 3264 1198 3282 ,

190 3302 224 3325 ut
246 3292 338 3331 speres
359 3302 388 3321 iri
412 3289 607 3323 misericordia
627 3290 706 3323 ejus,
727 3286 798 3319 ibid.
980 3325 986 3331 .
1095 3298 1101 3302 -
1158 3324 1163 3329 ι
1191 3324 1196 3329 ι

230 3334 347 3364 Tontiis
367 3341 400 3361 ea
422 3332 566 3369 patientia
586 3328 722 3369 praeditns
739 3349 747 3364 ‚
768 3337 825 3368 qua
844 3326 949 3357 sciebat
979 3335 1051 3355 iram
1073 3324 1198 3354 Domini

189 3383 274 3412 equo
293 3372 397 3402 animo
418 3370 615 3401 sustinendam
639 3389 648 3404 ,
669 3379 734 3399 iio.
755 3369 852 3401 Huius
871 3376 965 3399 mores
985 3365 1076 3396 saneti
1097 3365 1199 3403 depin—

190 3422 321 3454 guntur,
342 3412 412 3441 ibid.
434 3411 478 3441 De
499 3410 612 3445 Tobia,
636 3407 706 3439 ibid.
751 3434 753 3436 ,
772 3447 777 3452 ⁸
806 3447 811 3451 Π
966 3446 971 3451 ἱ

231 3453 339 3484 Tradit
362 3453 440 3481 Deus
461 3451 492 3480 in
514 3451 654 3491 passiones
664 3449 1072 3488 ignominiaeconvenientet,
1094 3453 1198 3478 necta-

191 3505 261 3526 men
283 3493 451 3523 voluntates
472 3491 719 3529 malasoperatur‚
744 3497 810 3523 170.
842 3515 847 3517 .

230 3533 325 3564 Trahi
346 3542 364 3562 a
385 3532 469 3561 Patre
489 3531 554 3571 quis
574 3530 687 3560 dicatur
711 3548 721 3564 ,
745 3537 812 3566 154.
831 3526 963 3558 Christus
992 3535 1050 3555 non
1071 3523 1135 3554 usus
1157 3523 1197 3554 est

189 3574 278 3605 verbo
299 3572 422 3603 ducendi
445 3571 490 3601 sed
511 3570 661 3603 trahendi,
683 3579 718 3598 ne
739 3568 939 3607 intelligamus
964 3564 1122 3604 praecedere
1144 3574 1196 3594 vo·

190 3614 355 3646 luntatem,
378 3620 444 3646 154·
465 3611 573 3641 Trahit
593 3610 678 3639 Pater
696 3607 805 3638 faciens
826 3617 856 3638 ur
885 3607 1016 3637 volentes
1042 3614 1076 3637 ex
1096 3603 1196 3634 nolen-

190 3654 269 3686 tibus
289 3652 381 3686 fiant,
400 3651 469 3680 ibid.

232 3691 385 3723 Transitus
406 3699 455 3729 per
477 3689 632 3724 Jordanem
654 3687 789 3727 baptismi
812 3696 898 3727 typus
913 3685 971 3720 est,
991 3694 1040 3722 92.

231 3731 416 3764 Tribulritio·
438 3732 473 3759 Iri
494 3737 677 3768 quacumque
698 3727 886 3757 tribulatione
913 3723 1140 3764 confugiendum
1162 3722 1196 3753 ad

192 3774 307 3807 Deum,
329 3781 398 3806 ²42·
419 3769 543 3799 Nemini
564 3767 690 3806 contigit
709 3767 767 3797 sine
787 3766 971 3796 tribulatione
991 3767 1106 3800 vivere,
1127 3762 1197 3793 ibid.

193 3813 224 3844 Si
244 3813 291 3844 cui
312 3810 460 3850 contigit,
483 3809 546 3849 plus
555 3806 711 3838 metuenda
732 3806 946 3846 tranquillitas,
967 3804 1035 3835 ibid.

1254 324 1260 329 -
1290 286 1480 317 Tamtu-ris
1502 294 1597 329 unitas
1618 286 1649 318 &
1670 289 2051 331 aequaliras.Scripturarum
2076 227 2250 327 restiffionffs

1251 324 1429 360 insinuatur,
1452 336 1519 361 254·
1542 327 1748 367 inseparabilia
1769 330 1834 360 sunt
1863 340 1949 370 opera
1976 333 2132 365 Trinitatis
2150 356 2159 369 ,
2184 339 2250 370 256·

1251 365 1325 396 Non
1344 376 1380 395 ex
1400 366 1459 396 solo
1482 368 1693 403 Patreomnia,
1717 370 1761 399 sed
1781 371 1869 403 etiam
1889 381 1925 401 eit
1945 371 2042 410 Filio,
2063 382 2129 410 254.
2140 375 2250 408 Eadem

1248 415 1336 446 opera
1359 406 1450 436 Patris
1470 407 1504 439 ἀ
1526 407 1613 442 Filii,
1631 408 1697 442 258.

1289 446 1453 485 Tripartita
1474 446 1586 476 testium
1608 441 1728 483 divisib,
1753 450 1817 481 128.

1289 486 1440 518 Tubarum
1461 486 1568 526 septem
1591 497 1736 518 certarnen
1758 489 1906 530 spiritale,
1928 501 1975 529 9²·

1289 526 1405 556 Tumor
1427 535 1510 555 aures
1531 528 1624 557 cordis
1646 527 1785 565 obstruit,
1810 541 1875 567 159.

1289 566 1409 596 Tunica
1429 565 1540 610 Christi
1553 567 1703 611 indivisa,
1725 580 1772 603 74·
1793 571 1910 601 Tunica
1929 571 2163 611 Chrissidesuprr
2182 583 2252 604 con·

1251 613 1350 640 texta,
1373 616 1426 636 nec
1446 607 1613 637 amilitibus
1633 608 1722 639 divisa
1733 612 1874 640 unitatem
1888 611 2018 643 Eccleslae
2038 613 2148 652 signat:
2162 623 2251 652 quam

1251 646 1420 716 ums'ssdsoioe
1434 645 1575 716 4Ξςιέίιίἳεάὶῐ,
1595 648 1665 692 quia
1686 649 1757 680 sorte
1779 653 1912 690 provenit
1933 659 1963 682 ut
1980 652 2074 682 unitas
2095 653 2252 685 Ecclesiam

1251 695 1290 727 po
1315 697 1320 714 i
1344 696 1376 716 ea
1397 706 1406 721 ,
1427 697 1438 716 ι
1459 698 1468 715 ι
1491 706 1500 715 .

1292 726 1401 755 Tutius
1423 726 1541 767 vidctsur
1560 727 1705 758 ambulare
1726 729 1776 768 qui
1799 730 1896 760 minus
1915 731 2044 770 accepit,
2067 735 2135 770 ²⁶3-

1291 766 1448 802 Tvcoruus
1466 767 1500 797 de
1521 768 1694 809 Apocalypsi
1715 769 1807 802 multa
1828 769 1952 810 scripsit,
1976 773 2042 805 128,

1741 849 1767 879 V

1255 923 1540 1000 VAr-rmmus.
1558 927 1604 958 Ad
1626 938 1690 957 eum
1711 928 1746 961 ὃς
1767 927 1865 958 fratres
1874 929 1933 967 ejiis
1953 928 2114 968 scripfitAu
2138 930 2255 962 .librum

1255 984 1260 987 -
1365 967 1399 996 de
1428 967 1535 998 Gratia
1562 968 1597 1004 ὃς
1626 968 1715 998 libero
1735 967 1855 998 arbitrio
1875 989 1883 999 .
1905 978 1971 1005 ²07·
1993 970 2068 1002 ltem
2096 971 2116 1002 li
2139 979 2201 1002 rum
2221 973 2255 1002 de

1254 1006 1387 1045 Corrept.
1409 1006 1444 1038 ἂ.
1465 1008 1559 1046 gratia
1579 1027 1587 1037 .

1295 1047 1532 1078 Viti-ammian·
1557 1050 1613 1078 111.
1636 1047 1817 1077 constitutio
1837 1047 1871 1078 de
1896 1048 2058 1087 Pelagiani.
2080 1050 2257 1089 171.Valen-

1256 1087 1372 1116 tiniano
1393 1086 1560 1117 Constantii
1581 1087 1609 1117 ἃ
1633 1088 1767 1122 l’laeidiae
1787 1088 1847 1117 filio
1869 1089 2048 1126 imperante,
2068 1088 2098 1120 ἃ
2116 1090 2188 1119 Urso
2206 1090 2257 1119 tri-

1257 1127 1336 1156 buno
1356 1126 1518 1162 insistente,
1540 1126 1666 1166 Templa
1686 1137 1786 1157 omnia
1807 1129 1842 1157 ad
1864 1128 1951 1159 solum
1973 1130 2068 1159 diruta
2084 1149 2093 1165 ,
2117 1139 2175 1159 ιιι.
2198 1130 2258 1160 Va·

1256 1167 1413 1201 lentiniani
1435 1167 1568 1198 Valentis
1588 1166 1685 1197 fratris
1705 1168 1796 1206 pietas
1817 1169 1845 1198 ἃ
1870 1178 1994 1204 merces,
2016 1179 2062 1206 73.

1298 1208 1392 1237 Vanae
1411 1208 1515 1246 gloriae
1536 1208 1640 1237 setvire
1662 1207 1783 1238 virtutes
1806 1217 1863 1237 non
1887 1208 1984 1242 decet,
2006 1219 2074 1244 217.

1295 1246 1423 1317 gagdali
1445 1246 1575 1278 Africam
1595 1255 1755 1282 evertentes
1777 1255 1905 1288 tempore
1925 1247 2115 1280 austlibride
2125 1247 2259 1280 From&

1277 1298 1306 1318 re
1328 1297 1337 1316 i
1369 1308 1378 1317 .
1400 1297 1465 1319 ιιι.

1255 1298 1276 1333 Ρ
1297 1328 1421 1358 Vanitas
1441 1327 1510 1368 quid
1532 1327 1582 1362 sit,
1604 1338 1651 1363 42-
1672 1327 1823 1357 Vanitatis
1842 1327 1984 1367 pernicies
2004 1348 2014 1364 ‚
2042 1328 2114 1359 ibid.
2134 1329 2260 1359 Vanirae

1255 1378 1316 1398 non
1341 1368 1462 1399 virtutes
1483 1377 1653 1407 promovet,
1675 1367 1718 1397 sed
1741 1368 1883 1399 vitiorum
1904 1368 2054 1398 licentiam
2073 1370 2258 1404 corroborat,

1254 1407 1324 1441 ibid.
1347 1410 1430 1443 Quos
1450 1415 1560 1442 tentet,
1583 1409 1617 1444 dc
1639 1408 1669 1437 in
1683 1417 1757 1447 rquae
1778 1408 1855 1438 mala
1876 1409 2038 1448 praecipitet
2055 1429 2062 1443 ,
2089 1409 2158 1442 ibid.
2179 1407 2261 1439 Vani

1254 1459 1343 1488 opera
1363 1449 1505 1479 laboriosa
1525 1448 1583 1477 sine
1602 1448 1702 1478 labore
1723 1447 1880 1487 suscipiunt
1909 1460 1926 1483 ,¹
1946 1457 1977 1480 ut
2007 1448 2174 1481 hominibus
2201 1448 2261 1488 pla·-

1256 1497 1355 1523 ceant,
1377 1488 1447 1518 ibid.
1466 1488 1578 1518 Omnis
1598 1496 1728 1523 creatura
1749 1487 1876 1517 humana
1897 1487 1927 1517 in
1950 1489 2043 1518 Adam
2053 1489 2194 1528 quoniam
2211 1496 2261 1518 ve-

1256 1530 1336 1563 titati
1358 1528 1482 1562 subjecta
1503 1528 1555 1558 esse
1578 1538 1636 1557 non
1661 1529 1771 1563 voluit,
1794 1526 1916 1565 subjecta
1938 1527 1976 1562 est
2004 1529 2154 1566 vanitati,
2177 1535 2244 1565 259.

1261 1592 1264 1598 ,
1297 1569 1374 1600 Vasa
1394 1569 1471 1599 sacra
1492 1568 1549 1597 sine
1571 1569 1732 1600 reverentia
1745 1568 1960 1598 contrectantes
1969 1568 2033 1598 Deo
2053 1568 2263 1601 contumeliam

1256 1612 1406 1651 irrogant:
1421 1608 1458 1639 A&
1477 1618 1577 1642 eorum
1599 1618 1702 1648 poena,
1726 1618 1792 1643 107.
1813 1608 1889 1640 Vasa
1909 1610 1986 1639 sacra
2007 1608 2181 1648 diripientes
2201 1616 2264 1648 qua!

1257 1661 1343 1691 poena
1365 1657 1482 1680 mancat
1509 1668 1519 1683 ,
1546 1658 1595 1685 99.
1616 1648 1695 1680 Vasa
1713 1648 1884 1686 perditionis
1904 1648 1939 1678 ad
1971 1647 2052 1678 usum
2073 1647 2263 1682 corressionis

1256 1693 1380 1722 aliorum
1401 1689 1494 1723 fiunt,
1517 1698 1582 1724 2¹5·
1604 1689 1683 1720 Deus
1703 1698 1734 1717 in
1758 1688 1829 1722 valis
1838 1687 2041 1720 misericordia
2060 1689 2148 1719 etiam
2158 1696 2265 1727 pern·-

1257 1732 1286 1761 sa
1307 1732 1359 1762 irae
1381 1737 1464 1759 notas
1484 1728 1555 1763 facit
1574 1729 1694 1759 divitias
1715 1728 1813 1768 gloriae
1834 1728 1908 1764 sua,
1933 1737 1996 1765 191.
2018 1728 2066 1759 Ex
2087 1728 2194 1765 Juniris
2214 1736 2266 1761 va·-

1255 1771 1285 1802 sa
1306 1771 1353 1801 irae
1373 1770 1407 1803 δε
1431 1768 1497 1798 vasa
1518 1768 1734 1804 misericordiae,
1756 1768 1826 1799 sicut
1849 1779 1883 1797 eit
1904 1768 2065 1803 Gentibus,
2088 1777 2159 1802 215.

1297 1811 1387 1841 Vela.
1409 1809 1554 1840 Undecim
1578 1809 1650 1839 velis
1671 1808 1796 1837 cilicinis
1806 1809 2023 1840 tabernaculum
2039 1809 2188 1851 operitur:
2206 1817 2267 1849 quo

1257 1861 1338 1883 reum
1362 1849 1414 1879 esse
1436 1849 1569 1879 ostendat
1592 1856 1686 1878 totum
1709 1847 1850 1877 mundum
1869 1867 1878 1883 ,
1897 1857 1930 1877 ac
1962 1847 2010 1877 sub
2031 1849 2203 1887 paenitentia
2218 1846 2266 1879 dea

1257 1901 1346 1932 gete:
1365 1889 1444 1930 quod
1466 1888 1568 1929 psalmi
1590 1889 1738 1918 undecimi
1759 1888 1880 1918 initium
1899 1887 2004 1921 haber,
2023 1887 2071 1923 84.
2109 1896 2111 1899 ’

1258 1934 1262 1936 ’
1299 1932 1383 1962 Velle
1403 1930 1437 1963 ὃς
1459 1929 1533 1969 polle
1554 1927 1713 1962 differunt,
1738 1929 1804 1962 184.
1829 1928 1910 1956 Velle
1932 1926 2060 1957 nostrum
2081 1926 2116 1957 ad
2126 1927 2220 1958 Deum
2235 1926 2267 1960 δὲ

1257 1973 1292 2003 ad
1316 1982 1369 2002 nos
1390 1972 1517 2012 pertinet
1542 1990 1550 2005 ‚
1573 1978 1640 2004 ιη.
1661 1967 1834 2003 Voluntatis
1861 1968 1970 2003 duritia
1990 1978 2027 1997 an
2055 1966 2089 2002 sir
2109 1967 2143 1997 de
2165 1968 2269 2000 divina

1258 2023 1364 2053 poena,
1387 2021 1454 2049 ΜΞ.
2182 2047 2187 2053 .
2213 2047 2219 2053 .

1298 2052 1400 2083 Vellus
1422 2051 1563 2090 repletum
1585 2050 1615 2082 in
1638 2059 1703 2082 area
1723 2049 1795 2080 sicca
1815 2070 1823 2085 ‚
1845 2049 2003 2089 Synagoga
2030 2047 2140 2087 repleta
2159 2048 2273 2079 divinis

1259 2092 1422 2128 mysteriis,
1446 2091 1575 2125 Ecclesia
1596 2098 1666 2121 tunc
1687 2090 1758 2120 sicca
1779 2091 1810 2119 in
1831 2089 1886 2121 fide
1907 2089 2042 2129 gentium
2071 2098 2080 2118 t
2109 2086 2218 2127 pluv-*i'af—
2237 2089 2269 2119 in

1259 2143 1344 2168 arca,
1364 2142 1442 2163 nunc
1464 2132 1603 2171 repletam
1626 2130 1786 2160 Ecclesiam
1807 2131 1903 2170 gratia
1922 2128 2069 2165 ostendit,
2090 2136 2141 2165 94.

1267 2195 1271 2198 -
1300 2172 1549 2212 Venenum-quid
1570 2171 1665 2201 faciat*
1678 2172 1815 2212 corpori,
1838 2179 1888 2209 35,
2187 2184 2189 2187 ·

1268 2235 1272 2238 .
1297 2214 1409 2243 Venire
1430 2213 1466 2242 ad
1487 2211 1638 2244 Christum
1660 2210 1705 2242 est
1720 2211 1832 2246 credere
1853 2212 1884 2240 in
1895 2209 2061 2245 Christum,
2085 2216 2152 2248 153.
2206 2216 2209 2220 ·

1298 2251 1346 2278 De
1367 2252 1469 2280 Verbo
1489 2252 1553 2280 Deo
1574 2251 1603 2283 ὅ(
1624 2251 1743 2279 homine
1769 2251 1865 2283 David
1891 2271 1899 2285 ,
1921 2251 2061 2281 Habaeixe
2074 2269 2084 2285 ‚
2113 2250 2244 2284 loannes
2262 2267 2272 2283 ,

1261 2289 1367 2319 Paulus
1386 2289 1421 2320 ὄσ
1441 2288 1577 2324 Sibylla,
1593 2297 1654 2315 ιη.
1675 2288 1804 2317 νἐὠυπι
1827 2289 1882 2317 Dei
1903 2291 1985 2319 audit
2003 2289 2132 2319 &videt
2148 2290 2272 2322 omnin,

1260 2337 1316 2356 nec
1335 2327 1452 2355 aliunde
1473 2326 1574 2357 audit,
1594 2325 1713 2353 aliunde
1733 2326 1832 2353 videt:
1853 2326 1899 2354 sed
1920 2325 2085 2358 romsvisue
2102 2324 2159 2358 ost,
2180 2325 2272 2358 &tou

1260 2372 1306 2392 tus
1326 2363 1457 2396 auditus,
1484 2371 1549 2396 250.
1572 2362 1648 2390 Cum
1672 2370 1770 2391 tamen
1792 2372 1850 2391 tion
1875 2363 1950 2391 idem
1971 2360 2004 2395 fit
2033 2362 2162 2395 humano
2187 2367 2269 2398 cordi

1258 2403 1354 2438 videre
1374 2400 1403 2430 δε
1424 2400 1522 2434 audire
1542 2401 1572 2430 &
1593 2399 1662 2433 esse,
1684 2409 1714 2430 ut
1739 2401 1852 2438 Verbo,
1873 2401 1945 2439 ibid,

1298 2440 1396 2469 Verba
1419 2439 1514 2478 turpia
1534 2437 1591 2469 ὅτε.
1611 2440 1762 2478 quomodo
1783 2440 1884 2470 animo
1906 2449 2050 2477 noceant,
2073 2443 2120 2480 38.

1296 2480 1431 2509 Veritas.
1453 2481 1478 2509 A
1500 2486 1684 2518 quocumque
1704 2479 1840 2515 dicatur-3
1862 2481 2024 2520 recipienda
2045 2482 2101 2517 est,
2117 2492 2187 2523 quia
2210 2484 2267 2515 Dei

1262 2520 1318 2555 est,
1342 2530 1388 2549 20.
1411 2519 1481 2549 Non
1504 2527 1574 2550 tunc
1594 2528 1700 2558 magna
1722 2518 1759 2548 cst
1780 2519 1800 2549 fi
1820 2530 1884 2550 earn
1907 2522 2006 2560 magni
2027 2522 2196 2558 docuerint,
2218 2523 2266 2555 sed

1263 2561 1321 2601 ipsa
1343 2559 1441 2599 potius
1463 2568 1587 2598 magnos
1605 2558 1675 2588 facit
1697 2569 1745 2589 eos
1765 2570 1782 2589 a
1801 2560 1906 2599 quibus
1935 2562 2032 2594 doceri
2053 2571 2104 2592 aut
2123 2563 2193 2596 disci
2213 2574 2269 2604 po·

1261 2601 1366 2634 tuerit,
1388 2599 1459 2629 ibid.
1477 2599 1653 2629 Communis
1673 2599 1809 2629 omnibus
1831 2601 1953 2636 veritas,
1976 2605 2042 2637 246,

1299 2639 1395 2709 {estis
1415 2638 1597 2679 baptismalis
1618 2640 1769 2683 quomodo
1789 2642 1944 2676 amittatur
1964 2662 1972 2677 ‚
1996 2641 2025 2676 ὃς
2056 2650 2237 2685 recuperetur
2256 2662 2268 2681 ‚

1279 2692 1294 2711 ²
1317 2705 1328 2715 Π

1258 2690 1274 2718 ³
1297 2721 1369 2752 Vin
1386 2716 1514 2750 Domini
1536 2717 1754 2758 investigabiles
1775 2720 1969 2751 misericordia
1989 2719 2019 2751 δι
2041 2721 2147 2751 veritas
2168 2743 2176 2756 ,
2201 2732 2268 2759 ¹9²·

1258 2763 1324 2794 Nec
1346 2756 1544 2830 migetimrdia
1564 2759 1688 2799 impertit
1710 2759 1884 2799 veritatem,
1905 2771 1958 2795 nec
1981 2761 2086 2791 veritas
2107 2762 2265 2794 misericor-

1279 2803 1337 2833 lam
1382 2801 1388 2807 '
1406 2802 1446 2830 id.

1258 2803 1275 2836 d
1297 2821 1501 2910 Vlge'i'gbgws
1523 2836 1570 2872 hic
1592 2844 1654 2869 non
1672 2839 1782 2884 potest,
1803 2849 1832 2877 9.
1852 2839 2020 2876 Videndum
2039 2837 2130 2871 effein
2142 2841 2201 2875 vita
2220 2853 2262 2878 ae·

1260 2891 1373 2918 terna‘q
1454 2900 1464 2915 q
1671 2892 1677 2895 ”

1301 2920 1443 2956 νίηᾲἰξὶε
1465 2918 1520 2949 Dei
1542 2919 1572 2949 in
1594 2914 1753 2949 retinentes
1775 2918 1839 2948 vasa
1861 2919 1925 2949 Deo
1946 2920 2067 2954 l'acrata,
2089 2929 2137 2956 99.

1297 2962 1411 2992 Vinum
1433 2970 1493 2990 non
1515 2969 1567 2999 pro
1588 2958 1744 2992 ebrietate,
1765 2959 1807 2988 sed
1831 2969 1881 2998 pro
1908 2959 2037 2999 corporis
2065 2959 2153 2989 salute
2173 2961 2263 2998 percl-

1280 3003 1415 3036 iendum,
1437 3009 1484 3039 3²·
1506 3008 1552 3037 33.
1573 2999 1602 3028 Si
1624 2998 1694 3027 desit
1715 2998 1868 3029 infirmitas
1885 3018 1894 3033 ,
1918 2998 1953 3028 ab
1973 3009 2007 3028 eo
2027 2998 2230 3030 abstinendum
2251 3021 2260 3030 .

1257 3013 1338 3077 gur,
1360 3040 1431 3071 ibid.
1454 3039 1564 3070 Vinum
1586 3039 1735 3078 quomodo
1756 3037 1907 3072 contii-‚eat
1928 3039 2072 3068 luxuriam
2099 3058 2109 3077 ,
2140 3049 2186 3076 32.
2213 3040 2261 3074 Eo

1258 3084 1303 3118 uti
1322 3092 1362 3114 an,
1381 3081 1464 3110 liceat
1480 3079 1637 3117 jejunanti,
1657 3089 1704 3116 33.

1300 3122 1392 3163 Virga
1414 3120 1504 3150 Molis
1526 3120 1681 3160 Magorum
1705 3118 1801 3157 virgas
1821 3118 1979 3151 devorans,
1999 3117 2107 3147 Christi
2128 3117 2262 3151 dofirina

1259 3170 1441 3202 paganorum
1462 3161 1718 3202 haereticorumque
1740 3159 1878 3197 dogmata
1897 3158 1998 3191 divina
2025 3159 2133 3191 virtute
2161 3161 2262 3190 consii-

1260 3212 1342 3233 mens
1402 3202 1429 3229 8·

1301 3212 1396 3282 Vir'ga7
1413 3241 1512 3270 Aaron
1535 3237 1696 3277 producens
1719 3247 1806 3267 nuces
1828 3257 1836 3271 ,
1866 3236 2011 3268 Christum
2034 3236 2143 3266 indicat
2165 3237 2262 3269 Sacer-

1259 3284 1358 3316 dotem
1387 3291 1395 3310 5
1418 3290 1474 3310 nux
1498 3289 1564 3308 vero
1585 3279 1745 3312 mundum,
1767 3279 1799 3310 ὅ(
1825 3277 1980 3306 Ecclesiam
2003 3276 2032 3305 in
2055 3277 2163 3307 mundo
2183 3299 2191 3314 ‚
2213 3280 2261 3315 89.

1259 3324 1360 3354 Nucea
1381 3321 1464 3351 arbor
1483 3319 1597 3356 ejusque
1618 3317 1725 3349 fruetus
1747 3316 1882 3352 Ecclefiae
1903 3315 2037 3356 mysteria
2058 3317 2152 3356 typice
2166 3319 2260 3348 coriti.

1259 3372 1329 3394 nent
1369 3361 1438 3394 ibid.

1299 3384 1400 3432 Vi'rtus
1421 3399 1519 3430 omnis
1540 3398 1570 3427 in
1593 3397 1682 3429 tribus
1703 3396 1790 3426 ferme
1809 3395 1951 3430 consistit,
1977 3404 2021 3430 51.
2043 3395 2169 3425 Virtutis
2190 3397 2260 3427 defi.

1258 3443 1335 3473 nitio
1357 3452 1389 3471 ex
1410 3439 1552 3473 Cicerone
1574 3437 1630 3468 1.1.
1650 3437 1683 3466 de
1708 3437 1897 3470 Inventione,
1922 3439 1981 3471 164.
1998 3436 2140 3468 Virtus&
2153 3438 2258 3467 vitium

1258 3493 1317 3522 quo
1339 3480 1422 3521 pafio
1443 3479 1477 3511 ad
1496 3477 1604 3508 diversa
1626 3477 1778 3508 hortentur
1800 3497 1808 3511 ,
1837 3486 1886 3514 47.
1905 3476 2038 3511 Quatuor
2065 3476 2115 3504 esle
2136 3476 2259 3508 virtutes

1259 3521 1450 3563 principales,
1471 3522 1519 3555 48.
1542 3518 1674 3547 Virtutes
1695 3527 1710 3546 a
1734 3517 1795 3546 Deo
1816 3517 1876 3545 solo
1898 3515 2002 3549 tribui,
2025 3514 2070 3549 48.
2094 3515 2221 3546 Virtutis
2241 3527 2258 3548 a

1259 3563 1336 3594 vitio
1356 3559 1511 3593 distantia,
1534 3567 1579 3595 35.
1604 3558 1675 3592 Quae
1696 3556 1871 3585 consuetudo
1892 3565 1978 3593 prava
1998 3554 2115 3587 objiciat
2136 3555 2169 3584 de
2189 3566 2259 3586 coii-

1258 3602 1386 3632 vdrl'iotic
1409 3600 1455 3629 sua
1477 3597 1651 3634 meditanti,
1671 3606 1720 3635 47,
1740 3596 1810 3631 Quae
1831 3605 1845 3624 c
1867 3603 1967 3627 contra
1988 3595 2078 3626 virtus
2099 3594 2259 3627 suadeatei-

1208 3683 1210 3687 y
1257 3642 1322 3673 dem
1339 3662 1347 3675 ,
1367 3639 1437 3671 ibid.

1299 3682 1432 3711 Virtutes
1452 3676 1627 3710 cardinales,
1649 3684 1712 3715 quae
1733 3674 1766 3709 ὅ(
1789 3673 1979 3713 principales,
1999 3680 2122 3713 quatuor
2141 3685 2147 3705 t
2168 3675 2257 3705 virtti—

1258 3730 1320 3753 rum
1342 3719 1475 3749 omnium
1498 3717 1592 3748 sontes
1605 3737 1613 3751 ,
1631 3717 1678 3750 48.
1697 3715 1805 3743 Omnis
1828 3713 2002 3752 perseRioin
2017 3713 2258 3751 illisconririctur,

1258 3761 1441 3792 ibid.Virtus
1463 3757 1541 3786 nulla
1563 3764 1629 3785 vera
1650 3755 1706 3784 sine
1727 3763 1794 3783 vera
1815 3755 1939 3793 pietate,
1962 3753 2111 3787 217.Tam
2136 3755 2256 3793 turpiter

1260 3800 1363 3833 servire
1386 3799 1509 3830 virtutes
1530 3797 1662 3827 humana:
1682 3794 1785 3834 gloria:
1805 3814 1813 3830 ,
1836 3802 1923 3833 quam
1944 3792 2071 3831 corporis
2091 3793 2256 3862 veltffljti’

2143 3843 2152 3861 1
2171 3843 2181 3861 1
2204 3855 2211 3864 .
