2652 4126
592 266 1067 327 EXPOSITlo
1110 281 1197 325 IN
1242 266 1648 329 PSALMUM
1690 281 1957 327 cxxviii.

373 361 585 406 Benedicat
615 373 655 405 tc
685 361 876 403 Dominus
906 376 954 401 ex
984 360 1102 414 Sion,
1131 361 1252 405 &vi-

427 422 514 464 deas
544 437 626 479 quae
657 419 753 463 bona
774 420 872 476 sunt
891 421 933 462 in
934 420 971 475 J
974 418 1157 476 erusalcm
1175 437 1252 464 om·

430 481 540 527 nibus
569 479 698 529 dicbus
727 480 821 522 vitae
849 493 924 523 tuae
937 510 947 522 .

369 544 472 589 Non
503 541 686 586 humana
716 538 826 594 haec,
855 538 922 583 sed
953 538 1096 583 divina
1128 538 1248 584 bene-

309 601 432 650 diffie
463 600 543 663 est3
573 615 651 647 nec
681 612 867 654 terrenae,
897 598 963 644 sed
993 597 1153 643 cae'lestis
1183 598 1246 657 Je-

307 662 481 709 rusalem
510 661 618 706 bona
647 659 972 719 incorruptibilia
997 659 1246 718 promittun-

309 735 376 768 tur
395 752 407 767 .
448 721 652 782 Quamvis
682 720 795 763 enim
835 720 961 764 etiam
1001 717 1244 777 temporalia

308 781 524 827 commoda
553 779 660 824 dona
689 779 766 822 lint
799 779 909 835 Dei;
940 792 1023 821 non
1034 793 1082 821 ea
1102 791 1242 821 tamen

309 839 482 903 spondet
512 840 675 902 proprie
707 837 873 896 sanclis,
901 852 986 899 quae
1017 838 1244 883 communi-

218 919 236 940 a
310 913 376 945 ter
404 900 575 968 largitur
602 909 619 927 ⁸
647 900 687 943 8<
716 898 922 958 reprobis.
956 898 1139 942 AEternae
1170 897 1244 956 igi·

0 996 9 1019 s
134 949 292 989 sem.est3⁷
311 973 378 1006 tur
407 959 584 1005 civitatis
615 972 764 1004 aeterna
794 957 886 1005 sunt
896 956 1066 1026 gaudia,
1094 955 1246 1000 &stan-

0 1049 9 1072 t
310 1021 416 1066 tium
444 1019 601 1065 dierum
632 1033 776 1077 perpes
794 1015 1000 1071 infinitas,
1029 1031 1105 1060 nec
1116 1017 1247 1059 varia-

0 1074 14 1129 ἒ
309 1080 444 1133 bitur,
471 1094 548 1125 nec
577 1078 758 1125 labetur.
799 1077 864 1124 Ibi
895 1075 1138 1122 videbuntur
1169 1075 1242 1121 filii

0 1134 12 1198 ’ξ’
310 1137 510 1193 filiorum,
539 1137 580 1180 id
611 1137 690 1192 est,
719 1137 867 1180 fruRus
897 1136 1124 1181 samstorum
1143 1151 1239 1196 ope·

309 1213 425 1253 rum,
453 1200 493 1243 8<
521 1211 719 1259 perpetua
747 1196 905 1254 justitiae
937 1198 1127 1255 praemia,
1156 1211 1242 1254 quae

310 1259 421 1318 pacis
452 1258 621 1303 nomine
652 1256 1243 1315 universaliterexprimuntur:

309 1319 406 1377 quia
434 1319 568 1363 omnis
597 1318 668 1362 illa
698 1316 904 1361 beatitudo
914 1315 1155 1377 Jerusalem,
1184 1317 1244 1358 in-

310 1378 592 1425 commutabili
621 1392 721 1436 pace
750 1375 968 1436 gaudebit,
996 1377 1036 1420 8<
1066 1377 1144 1420 erit
1176 1375 1243 1418 bo-

314 1453 415 1482 num
444 1438 654 1492 omnium,
682 1435 789 1496 quod
818 1436 941 1480 fuerit
972 1436 1243 1495 singulorum.

375 1500 438 1541 Et
467 1497 600 1542 videas
628 1495 729 1558 filios
747 1494 927 1556 filiorum
954 1511 1105 1540 tuorum
1123 1526 1138 1551 ,
1160 1508 1245 1556 pax

423 1556 543 1617 super
571 1553 695 1613 Israel
704 1588 716 1601 .

373 1619 523 1663 Omnis
554 1617 758 1677 promissio
777 1629 1018 1662 aeternorum
1028 1617 1243 1670 bonorum,

311 1677 425 1737 pacis
455 1678 622 1720 nomine
652 1675 1036 1734 comprehensaest;
1066 1691 1152 1735 quae
1163 1676 1249 1734 spe-

312 1738 471 1784 cialiter
499 1735 550 1781 ad
580 1751 648 1781 eos
676 1737 882 1795 pertinet,
909 1737 979 1795 qui
1009 1735 1099 1779 sunt
1113 1736 1249 1790 Israel,

312 1798 354 1844 id
385 1795 464 1851 est,
493 1794 678 1840 videntes
708 1798 869 1840 Deum:
899 1795 949 1840 de
980 1797 1121 1853 quibus
1150 1795 1246 1838 dici-

140 1882 295 1920 Man.5.8.
313 1869 378 1900 tur
399 1886 413 1910 ,
451 1855 570 1901 Beati
597 1855 737 1899 mundo
774 1855 882 1899 corde
899 1885 914 1911 ,
952 1857 1131 1912 quoniam
1169 1856 1246 1916 ipsi

310 1918 440 1961 Deum
468 1915 679 1961 videbunt.

155 386 197 425 Υ.
222 396 247 424 5-

162 1519 206 1561 *-
226 1524 256 1554 6.

389 2037 422 2080 ι’
452 2036 480 2078 s
510 2036 554 2081 A
583 2036 621 2081 1.
652 2035 705 2079 M
736 2038 781 2079 u
813 2036 841 2078 s
904 2016 1199 2079 eximus

163 2157 200 2200 1.
227 2170 256 2195 ι.
309 2154 459 2260 εἲς
486 2154 1124 2216 expugnaveruntmeajuventute
1151 2170 1249 2201 mea,

433 2215 509 2260 icat
535 2229 638 2258 nunc
666 2211 789 2272 Israel
798 2229 814 2272 ;

168 2279 207 2322 9,
228 2290 259 2317 ².
370 2279 480 2337 Saepe
489 2275 1126 2337 expugnaveruntmeajuventute
1133 2291 1232 2320 mea.

311 2395 632 2509 PRophetiae
661 2396 823 2458 spiritus
855 2395 1079 2447 Eccleliam
1098 2398 1183 2448 Dei
1195 2396 1246 2446 ad

441 2459 788 2518 perseverantiam
816 2458 1053 2507 cohortatur
1069 2493 1085 2517 ,
1121 2475 1167 2506 ut
1196 2462 1247 2504 de

310 2516 880 2576 superatis-persecutionibus
905 2521 953 2562 in
964 2522 1153 2573 Domino
1163 2521 1249 2575 glo-

310 2578 856 2633 rietur.-Ab1initio2enim
884 2578 930 2622 in
959 2579 1114 2622 saucios
1135 2606 1149 2629 ,
1178 2575 1248 2632 qui

311 2636 409 2681 sunt
438 2637 560 2682 Israel
579 2666 594 2693 ,
615 2691 618 2693 ι
641 2637 762 2694 impii
791 2635 1034 2679 saevierunt:
1072 2634 1140 2678 sed
1171 2636 1251 2678 Ec-

311 2693 455 2751 clefia,
484 2694 566 2740 sive
596 2690 862 2752 injuventute
873 2694 965 2748 sua,
993 2694 1074 2737 five
1104 2696 1149 2739 in
1159 2706 1250 2736 aeta-

315 2769 360 2802 te
390 2756 567 2812 majore,
586 2755 679 2798 ‚five
709 2756 754 2798 in
785 2753 988 2798 senestute
1019 2754 1154 2802 ultimi
1165 2754 1249 2810 jam

310 2815 485 2871 saculi,
503 2813 624 2870 nullis
653 2813 971 2871 oppressionibus
990 2842 1004 2866 ,
1043 2814 1163 2856 nullis
1193 2811 1248 2855 est

311 2873 423 2918 vicia
450 2873 657 2932 suppliciis
669 2889 684 2930 5
713 2874 863 2932 cuiper
891 2872 1135 2930 pastiones&
1147 2886 1254 2915 mor·

311 2946 375 2989 tes
404 2933 589 2990 suorum,
613 2947 775 2981 coronae
802 2932 963 2991 semper
973 2933 1251 2992 triumphique

304 3005 581 3052 ‹creveruntr
607 3047 611 3050 ⁴
775 3020 777 3022 -

138 3071 324 3110 mmmm·
372 3056 538 3110 Etenim
564 3069 645 3108 non
666 3065 883 3112 potuerunt.
905 3054 1025 3098 mibi.

170 3113 211 3152 Y·
231 3123 261 3152 3·
305 3144 330 3168 „3
353 3108 499 3176 'Super
527 3113 677 3170 dorsum
706 3129 830 3169 meum
849 3113 1141 3171 fabricaverunt
1162 3125 1252 3173 pec-

436 3187 581 3218 catores
598 3203 612 3228 ‚
644 3171 978 3233 prolongaverunt
1005 3173 1249 3230 iniquitatem

430 3250 564 3277 ‘amm
790 3272 793 3274 i

379 3233 530 3337 Oirsmis
559 3293 760 3339 malorum
789 3292 969 3337 intentio
1008 3305 1151 3337 contra
1179 3294 1249 3337 bo-

318 3366 417 3406 nos,
444 3353 528 3396 haec
553 3352 638 3407 est,
666 3365 711 3395 ut
740 3368 808 3398 eos
836 3353 985 3398 similes
1001 3355 1062 3397 sui
1079 3354 1248 3409 faciant,

317 3413 360 3455 δε
388 3412 434 3454 in
460 3412 698 3464 consensum
726 3413 954 3470 iniquitatis
990 3413 1065 3458 suae
1104 3429 1129 3457 a
1169 3413 1245 3459 fide

320 3486 371 3515 ac
400 3469 603 3529 probitate
633 3470 871 3519 traducant.
903 3473 1027 3532 Quod
1054 3489 1148 3518 cum
1177 3475 1247 3520 ob-

319 3532 452 3575 tinere
483 3538 582 3576 non
600 3530 757 3589 possunt
775 3562 790 3586 ,
828 3535 1057 3593 opprobriis
1095 3535 1136 3578 &
1173 3535 1248 3580 cri.-

319 3590 612 3641 minationibus
641 3591 846 3650 impetunt
877 3594 1160 3637 innocentium
1188 3595 1249 3636 vi-

320 3661 432 3706 tam,
461 3649 733 3695 construentes
762 3652 880 3710 super
907 3652 1069 3697 dorsum
1107 3667 1248 3700 eorum

358 3813 378 3834 a
398 3802 556 3835 Editiones
575 3801 669 3833 Duae.
685 3798 720 3832 ἃ
736 3800 848 3835 Colum
857 3802 1012 3845 &pnhis.
1029 3803 1140 3837 Melius
1150 3805 1248 3846 Lnga.

319 3839 354 3874 ἆ
374 3842 490 3875 lovan.
510 3842 550 3874 &
569 3840 708 3883 reprobit-

363 3882 383 3913 b
403 3883 500 3924 Lugd.
519 3881 552 3913 δι
570 3882 649 3914 Lov-
668 3882 707 3913 Et
723 3892 908 3915 *coematur
927 3885 1093 3924 terrasiam.
1113 3883 1246 3917 Dum&

321 3922 431 3956 nolon.
452 3931 649 3955 revereantur.
667 3922 848 3965 Augustinus
861 3944 872 3963 ‚
895 3933 1062 3957 avertantur
1082 3926 1247 3966 retrorsum.

2132 294 2239 349 277

1311 364 1543 418 congeriem
1565 361 1808 405 falsitatum.
1840 361 1953 421 Quia
1973 362 2242 420 perfebiorum

1309 421 1489 466 fidelium
1520 421 1597 474 est,
1627 423 1753 466 etiam
1785 423 1908 476 tales,
1938 423 1978 466 8<
2008 422 2243 478 injustorum

1310 480 1496 523 odiorum
1525 495 1652 524 onera
1681 481 1870 526 sustinere
1891 512 1906 535 ,
1933 483 2058 525 etiam
2091 482 2120 525 fi
2150 498 2241 541 pro-

1309 540 1479 598 longent
1509 541 1770 598 iniquitatem
1800 542 1936 596 suam,
1965 543 2007 587 &
2024 542 2136 588 nulla
2153 557 2239 587 cor-

1304 599 1482 644 reffione
1513 613 1754 645 mutentur:
1783 616 1870 660 quae
1899 603 2126 659 pertinacia
2157 615 2242 646 ma·

1303 660 1435 702 lorum
1466 662 1588 718 longe
1618 662 1669 703 ab
1700 662 1988 705 innocentibus
2019 662 2241 720 separatur,

1304 720 1343 764 8<
1373 721 1441 777 qui
1471 720 1526 764 est
1555 720 1706 777 tesius,
1736 722 1848 766 nulla
1878 736 2019 765 eorum
2050 722 2240 769 societate

1303 780 1519 838 polluitur.

1364 842 1549 883 Dominus
1569 841 1694 898 justus
1722 841 1890 885 concidet
1917 842 2081 884 cervices
2106 853 2236 900 pecca-

1424 912 1571 942 torum·

1367 960 1569 1001 Generale
1599 959 1763 1017 quidem
1795 974 1945 1003 nomen
1977 960 2033 1004 est
2052 972 2237 1018 peccato-

1306 1032 1420 1071 rum,
1448 1018 1554 1075 quod
1586 1034 1661 1063 nec
1693 1018 1817 1063 sanai
1846 1019 2011 1077 quidem
2041 1035 2066 1064 a
2096 1020 2135 1064 se
2154 1021 2239 1062 exi-

1303 1078 1468 1121 stimant
1509 1079 1688 1125 alienum
1720 1109 1732 1122 .
1773 1077 1850 1121 Sed
1890 1079 1997 1124 aliud
2037 1079 2092 1125 est
2131 1078 2238 1137 quod

1303 1136 1482 1196 quotidie
1523 1138 1702 1183 aufertur
1731 1169 1746 1192 ,
1784 1138 1891 1181 aliud
1931 1138 2037 1196 quod
2078 1139 2238 1196 semper

1305 1210 1496 1255 augetur.
1529 1197 1655 1242 Unde
1688 1213 1739 1242 ex
1770 1199 1856 1256 ipsa
1886 1200 2052 1243 ultionis
2082 1199 2238 1257 specie,

1304 1258 1441 1316 quales
1473 1257 1541 1302 hic
1573 1272 1802 1317 peccatores
1842 1271 2236 1311 commemorentur,

1304 1316 1554 1372 ostenditur,
1588 1334 1681 1363 cum
1726 1320 1930 1361 Dominus
1970 1334 2054 1362 non
2094 1332 2237 1362 manus

1304 1390 1586 1436 peccatorum,
1615 1377 1680 1422 sed
1712 1379 1888 1422 cervices
1918 1379 2141 1434 concisurus
2171 1377 2238 1420 de·

1306 1438 1540 1481 nuntiatur.
1573 1441 1648 1482 Per
1678 1439 1854 1482 cervices
1893 1440 2006 1483 enim
2047 1438 2237 1497 superbia

1303 1497 1529 1556 significata
1558 1497 1613 1541 est
1644 1513 1785 1542 eorum
1815 1529 1829 1552 ,
1868 1499 1937 1556 qui
1975 1499 2021 1542 in
2052 1498 2165 1541 nullo
2195 1497 2236 1541 se

1303 1557 1549 1617 reprehendi
1579 1559 1721 1602 volunt
1751 1588 1765 1614 ,
1794 1560 1833 1602 8<
1864 1559 1948 1604 Dei
1978 1558 2105 1603 verba
2134 1570 2237 1602 tam-

1305 1632 1431 1676 quam
1458 1616 1726 1661 deliramenta
1756 1630 2049 1662 contemnunt.

1370 1679 1407 1719 C
1412 1676 1672 1733 onfundantur
1697 1708 1712 1731 ,
1752 1677 1802 1721 (9⁴
1831 1674 1857 1733 ξ’
1895 1690 2144 1720 revertantur
2182 1693 2238 1720 re·
2284 1680 2317 1718 ὐ-
2348 1691 2374 1718 5·

1424 1737 1584 1793 trorsum
1615 1753 1739 1779 omnes
1767 1738 1836 1794 qui
1864 1738 2023 1780 oderunt
2052 1739 2169 1780 Sion.

1368 1795 1558 1839 Oderunt
1599 1798 1696 1839 Sion
1724 1827 1738 1851 ,
1776 1797 1845 1855 qui
1883 1796 2056 1842 oderunt
2098 1797 2239 1838 Eccle-

1305 1855 1428 1910 fiam,
1458 1857 1498 1898 8<
1517 1858 1586 1913 qui
1609 1857 1691 1899 Dei
1724 1869 1924 1913 praecepta
1954 1867 2238 1899 contemnunt.

1306 1915 1385 1958 Sed
1415 1916 1510 1973 quia
1539 1915 1656 1974 super
1683 1914 1855 1973 {dorsum
1893 1915 2195 1960 fabricaverunt
2225 1945 2241 1968 ,

1303 1974 1401 2033 quid
1432 1975 1554 2018 faciet
1586 1975 1791 2032 Ecclesia,
1820 1975 1894 2018 nifi
1925 1976 2026 2020 tales
2056 1974 2126 2033 spe
2155 1989 2239 2017 cor-

1305 2034 1495 2092 rectionis
1515 2034 1691 2095 ipsorum
1711 2035 1857 2080 toleret
1875 2035 1995 2092 usque
2015 2036 2062 2081 in
2091 2033 2240 2082 finem-⁹

1307 2095 1463 2139 Veniet
1493 2096 1605 2138 enim
1636 2093 1742 2153 quod
1773 2094 1971 2153 sequitur.

1368 2156 1497 2198 Fiant
1527 2155 1634 2215 ficut
1670 2154 1826 2214 foenum
1872 2156 2052 2198 testarum
2079 2184 2095 2210 ,
2140 2154 2240 2212 quod

1420 2216 1530 2277 prius
1558 2230 1673 2272 quam
1701 2212 1920 2269 evellatur,
1948 2214 2104 2270 arescit.

1365 2274 1431 2317 De
1460 2291 1534 2332 quo
1565 2290 1641 2316 non
1670 2272 1845 2333 implebit
1863 2289 2018 2318 manum
2039 2273 2154 2331 suam
2172 2274 2240 2332 qui

1424 2335 1561 2388 metit,
1589 2333 1640 2378 Φ·
1659 2333 1795 2393 finum
1816 2334 1932 2392 suum
1960 2334 2028 2391 qui
2067 2335 2241 2394 manipu-

1425 2393 1481 2441 los
1510 2390 1681 2454 colligit.

1367 2461 1691 2513 Contemptores
1737 2455 1991 2510 eloquiorum
2040 2453 2160 2507 Dei,
2199 2454 2241 2496 δε

1308 2527 1512 2570 amatores
1552 2513 1728 2565 mundi,
1756 2513 1870 2556 foeno
1899 2511 2005 2569 quod
2036 2512 2154 2571 super
2183 2524 2242 2557 te-

1309 2573 1373 2618 &a
1401 2575 1443 2615 8<
1471 2572 1588 2630 super
1618 2572 1792 2629 parietes
1822 2570 1998 2615 nascitur
2024 2602 2039 2626 ,
2076 2587 2243 2631 compa·

1308 2645 1452 2677 rantur
1480 2663 1492 2675 .
1534 2632 1621 2690 Qui
1660 2643 1758 2674 ante
1804 2644 1964 2690 tempus
1995 2632 2125 2679 meilis
2154 2648 2240 2679 are·

1309 2693 1447 2747 scunt,
1477 2694 1516 2734 8<
1547 2706 1639 2735 cum
1679 2690 1870 2735 videntur
1909 2691 2008 2735 stare
2037 2722 2052 2746 ,
2088 2693 2240 2738 cecide·

1309 2765 1406 2796 runt
1438 2768 1448 2796 ε
1478 2766 1553 2795 nec
1583 2752 1804 2795 inveniunt
1834 2752 2019 2795 messores
2049 2781 2064 2804 ,
2102 2751 2144 2795 id
2183 2751 2240 2796 est

1310 2812 1488 2871 Angeli,
1516 2810 1623 2869 quod
1653 2810 1702 2855 de
1732 2810 1790 2855 eis
1822 2811 2054 2855 Dominicis
2084 2811 2239 2856 horreis
2257 2841 2351 2871 Mm.
2367 2851 2413 2880 ¹3·

1310 2874 1542 2917 inferatur:
1572 2871 1667 2929 quia
1697 2871 1784 2928 igni
1815 2870 2099 2930 deputabitur,
2125 2870 2240 2931 quid·
2259 2890 2307 2919 39.

1309 2933 1407 2992 quid
1437 2932 1591 2975 carebit
1607 2930 1838 2975 substantia
1867 2931 2079 2975 charitatis
2090 2961 2104 2975 .

1369 2996 1431 3037 Et
1459 3008 1538 3034 non
1565 2991 1750 3035 dixerunt
1778 2992 1847 3047 qui
1858 2990 2135 3051 praeteribant,
2164 2992 2241 3033 Be·
2281 3005 2317 3043 ᾖ.
2339 3005 2367 3038 8.

1406 3051 1588 3103 ,nedifflo
1616 3051 1779 3094 Domini
1799 3051 1917 3112 super
1942 3067 2034 3095 vos.

1370 3112 1543 3172 Superbi
1572 3114 1611 3154 8<
1641 3112 1740 3154 vani
1770 3112 1814 3153 in
1845 3126 1943 3169 agro
1974 3111 2151 3157 Domini
2180 3110 2242 3154 ni-

1308 3172 1370 3216 hil
1398 3172 1559 3231 operati
1588 3171 1703 3230 sunt,
1731 3185 1807 3214 nec
1837 3185 2073 3216 meruerunt
2102 3172 2154 3215 ab
2184 3172 2241 3214 eis

1305 3233 1377 3291 qui
1416 3247 1490 3292 per
1528 3232 1772 3290 temporalia
1809 3230 1862 3274 ad
1901 3243 2052 3276 aeterna
2101 3231 2241 3275 tranfi-

1306 3294 1434 3347 bunt,
1462 3293 1638 3351 gratiam
1678 3290 1970 3335 benedictionis
2010 3292 2194 3348 accipere
2225 3319 2236 3332 .

1310 3354 1469 3395 Omnes
1498 3353 1612 3395 enim
1642 3351 1851 3410 prophetae
1879 3353 1921 3394 &
1939 3350 2125 3408 Apostoli
2153 3349 2241 3391 uni-

1308 3412 1487 3470 versique
1518 3411 1640 3455 saneti
1670 3441 1685 3465 ,
1713 3413 1817 3457 bene
1856 3411 2091 3454 viventibus
2119 3411 2239 3455 bene-

1307 3471 1500 3516 dixerunt
1530 3471 1572 3513 in
1600 3470 1752 3512 nomine
1762 3471 1947 3515 Domini:
1977 3485 2061 3513 non
2082 3471 2126 3513 in
2158 3470 2240 3522 suo,

1308 3531 1374 3576 sed
1423 3532 1467 3574 in
1509 3531 1614 3574 illius
1653 3529 1759 3587 cujus
1797 3531 1930 3588 gratia
1978 3543 2096 3573 erant
2134 3528 2240 3589 quod

1307 3603 1451 3644 erant,
1478 3592 1518 3637 8(
1547 3590 1655 3646 cujus
1686 3589 2002 3647 pollicitationes
2042 3590 2159 3632 bonis
2200 3589 2241 3632 8<

1309 3651 1489 3695 fidelibus
1519 3650 1839 3709 promittebant.
1868 3655 1884 3675 ‘

2291 2161 2383 2202 1.ss

2022 3710 2182 3755 PSAL·

1350 3813 1366 3835 c
1387 3800 1472 3834 Deest
1494 3802 1543 3833 hic
1561 3802 1653 3833 altera
1672 3811 1740 3842 pan
1761 3802 1874 3838 ndns,
1897 3802 2102 3833 Benediximus
2129 3813 2182 3832 ves
2201 3802 2241 3845 *in

1308 3844 1417 3875 nomine
1439 3843 1560 3874 Domini
1577 3852 1590 3871 .·
1609 3852 1675 3883 quae
1695 3851 1795 3874 tamen
1815 3842 1847 3874 in
1870 3843 1930 3884 ipsa
1949 3844 2048 3875 versus
2074 3842 2242 3882 explicatio-

1309 3895 1346 3916 ne
1367 3884 1480 3916 videtur
1500 3882 1727 3923 comprehensa.
