2684 4140
531 313 745 361 &baptizato
753 313 868 348 casuro
888 323 957 347 non
970 309 1183 351 subvenitur,
1209 317 1246 344 ut
1264 318 1339 346 ante
1350 310 1472 347 moria·

534 367 612 402 tur?
633 364 703 400 Nili
715 362 804 398 forte
816 361 861 397 illi
873 359 982 398 adhuc
991 358 1181 398 absurditati
1193 357 1470 406 auscultabimus,

530 428 595 463 qua
612 410 827 451 diciturnihil
837 410 982 458 prodeffe
1001 412 1156 455 cuiquam
1177 412 1264 446 mori
1273 421 1350 447 ante
1367 421 1470 458 quam

530 466 643 509 cadat,
668 466 744 512 quia
753 461 931 502 secundum
953 471 1009 494 eos
1018 459 1110 499 astus
1131 458 1354 504 judicabitur,
1380 473 1467 508 quos

529 529 606 553 eum
618 514 780 564 praestivit
791 515 885 548 Deus
894 510 1048 547 afiurum
1059 506 1149 549 fuisse
1167 508 1190 545 fi
1201 514 1328 553 viveret
1339 537 1348 548 .
1367 513 1466 550 Hanc

528 564 773 613 perversitatem
792 559 913 598 {anitati
934 557 1010 598 fidei
1031 570 1099 600 tam
1118 557 1337 601 vehementer
1352 562 1469 600 adver-

527 616 591 651 sam
609 617 683 662 quis
699 615 863 660 patienter
882 609 1016 647 audiat?
1040 613 1115 658 quis
1134 609 1245 651 ferat?
1285 615 1331 651 Et
1352 624 1466 651 tamen

525 664 594 702 hoc
605 664 714 703 dicere
725 671 886 708 urgentur
895 685 908 702 ,
933 663 992 708 qui
1004 673 1073 696 non
1083 661 1230 700 fatentur
1246 668 1384 711 gratiam
1397 666 1466 705 Dei

526 728 595 752 non
607 714 784 754 secundum
796 713 912 750 merita
932 709 1142 752 nostradarh,
1168 715 1243 758 Qui
1273 726 1385 757 autem
1406 727 1466 753 no-

524 767 599 805 lunt
617 766 726 803 dicere
745 774 1021 809 unumquemque
1039 772 1259 803 mortuorum
1285 765 1467 805 fecundum

524 831 560 855 ea
571 816 704 861 iudicari
715 839 726 857 ,
752 825 826 861 quae
837 814 930 851 Deus
940 811 1035 853 illum
1043 811 1207 861 praescivit
1231 815 1384 856 asturum
1392 815 1467 857 fuis·

523 867 556 905 se
566 866 588 906 fi
601 869 726 904 viveret
736 887 748 906 ,
774 866 940 901 intuentes
950 875 1051 911 quam
1061 862 1230 904 manifesta
1247 865 1381 907 falsitate
1390 891 1404 910 ,
1428 870 1466 908 &

523 927 642 966 quanta
651 913 848 956 absurditate
867 913 1021 956 dictatur,-
1044 926 1112 950 non
1123 917 1170 955 eis
1178 927 1327 957 remanet
1346 917 1464 955 curdi-

522 979 623 1010 cant,
648 966 741 1014 quod
752 963 1168 1010 inPelagianisdamnavit,
1195 966 1364 1018 &abipso
1375 967 1463 1005 Pela·

519 1022 578 1067 gio
597 1018 741 1056 damnari
753 1014 830 1054 fecit
850 1012 993 1054 Ecclesia
1006 1039 1018 1058 ‚
1043 1019 1182 1062 gratiam
1194 1019 1259 1055 Dei
1280 1018 1462 1061 secundum

522 1071 638 1108 merita
649 1066 758 1106 nostra
768 1065 838 1105 dari
859 1079 872 1107 t
899 1077 978 1107 cum
989 1065 1122 1103 videant
1130 1065 1212 1108 alios
1223 1069 1380 1116 parvulos
1391 1083 1460 1108 non

522 1129 732 1167 regeneratos
743 1116 783 1155 ad
794 1127 949 1158 aeternam
959 1129 1106 1157 mortem
1116 1143 1130 1161 ,
1149 1116 1231 1156 alios
1249 1131 1360 1158 autem
1371 1132 1462 1167 rege.

521 1181 652 1208 neratos
670 1169 709 1206 ad
720 1178 876 1207 aeternarn
895 1171 997 1205 vitam
1019 1166 1092 1205 tolli
1110 1168 1153 1205 de
1173 1166 1236 1210 hac
1256 1174 1345 1209 vita5
1371 1172 1461 1221 ipsos

520 1232 657 1269 quoque
678 1229 905 1264 regeneratos,
930 1216 1012 1254 alios
1040 1219 1282 1265 perseverantes
1303 1221 1408 1271 usque
1425 1225 1461 1263 in

519 1272 621 1308 finem
630 1267 707 1309 hinc
718 1272 784 1305 ires
809 1266 890 1304 alios
900 1280 971 1314 quo
982 1266 1083 1314 usque
1093 1268 1245 1310 decidant
1266 1270 1322 1310 hic
1334 1276 1438 1310 teneri
1449 1298 1462 1317 ,

519 1325 577 1369 qui
598 1323 714 1365 utique
733 1329 799 1353 non
819 1316 1033 1360 decidiffent‚
1055 1316 1080 1352 fi
1098 1329 1173 1354 ante
1192 1334 1294 1366 quam
1311 1322 1461 1360 laberen-

519 1383 598 1415 tur,
621 1368 702 1407 hinc
720 1364 874 1405 exiffenta
898 1370 933 1402 &
951 1366 1060 1402 rursus
1076 1367 1236 1413 quosdam
1257 1370 1364 1418 lapsos
1389 1386 1462 1421 quo

519 1422 621 1469 usque
633 1418 767 1458 redeant
781 1429 849 1453 non
860 1419 952 1453 exire
962 1416 1005 1451 dc
1014 1414 1078 1456 hac
1089 1418 1156 1453 vita
1165 1442 1178 1464 ‚
1204 1422 1262 1466 qui
1275 1423 1393 1470 utique
1403 1435 1461 1472 pe-

519 1476 623 1509 rirent
635 1469 656 1506 si
668 1480 742 1505 ante
751 1481 853 1515 quam
864 1466 1011 1503 redirent
1021 1469 1171 1505 exirent.

574 1534 604 1558 2.
628 1520 728 1558 Unde
741 1517 811 1555 satis
820 1517 966 1559 dilucide
977 1515 1186 1563 ostenditur,
1210 1522 1245 1556 δι
1257 1517 1465 1565 inchoandi,

518 1576 552 1609 ἅτ
562 1572 705 1620 usquein
718 1570 817 1610 finem
831 1567 1056 1616 perseverandi
1066 1571 1207 1615 gratiam
1226 1573 1313 1613 Dei,
1340 1583 1408 1608 non
1418 1571 1465 1613 se-

518 1623 667 1659 cundum
686 1624 801 1657 merita
822 1618 933 1660 nostra
950 1619 1044 1660 darii,
1067 1618 1123 1659 fied
1143 1619 1261 1661 donari
1280 1620 1463 1662 secundum

518 1673 615 1721 ipsius
633 1671 878 1713 secretiffimam
892 1695 904 1712 ,
930 1668 1148 1715 eamdemque
1164 1669 1392 1717 justiffimam,
1419 1673 1461 1714 ἢ.

448 1745 474 1773 ,η
494 1767 500 1771 ,
518 1723 768 1773 pientiffimam‚
796 1719 1126 1756 beneficentisfimam
1139 1721 1362 1760 voluntatem:
1372 1736 1461 1772 quo«

518 1778 605 1813 niam
617 1786 701 1822 quos
721 1769 960 1820 praedestinavit
971 1795 983 1813 ,
1011 1770 1098 1819 ipsos
1108 1773 1142 1807 δι
1153 1776 1288 1815 vocavit
1309 1778 1459 1815 vocatiq-

518 1838 558 1864 ηε,
580 1824 658 1865 illa,
683 1822 725 1863 de
739 1835 803 1870 qua
823 1822 955 1861 dietum
971 1820 1021 1864 est-
1035 1845 1052 1865 ,,
1076 1821 1156 1859 Sine
1174 1823 1364 1869 penitentia
1376 1824 1459 1871 sunt

518 1874 602 1910 dona
621 1872 806 1909 &vocatio
818 1871 884 1910 Dei
895 1898 902 1907 .
928 1872 985 1911 Ad
997 1885 1099 1922 quam
1120 1878 1332 1913 vocationem
1357 1880 1461 1925 perti-

362 1949 379 1975 9
413 1919 420 1930 ⁹
488 1922 495 1929 ⁶
519 1940 596 1963 nere
609 1924 717 1963 nullus
735 1923 782 1960 est
802 1922 909 1960 homo
927 1922 969 1960 ab
987 1921 1181 1961 hominibus
1199 1937 1289 1964 certa
1307 1924 1459 1965 assevera-

493 2001 499 2009 ·
519 1982 609 2014 tione
619 1975 796 2017 dicendus,
829 1974 887 2012 nifi
897 1986 974 2013 cum
983 1974 1024 2011 de
1034 1974 1102 2015 hoc
1112 1976 1232 2013 saeculo
1252 1980 1390 2016 exierit:
1418 1981 1458 2019 in

490 2043 497 2052 ·
519 2027 580 2065 hac
590 2039 701 2063 autem
713 2030 777 2062 vita
789 2024 930 2061 humana
939 2051 952 2069 ‚
977 2037 1053 2073 quae
1063 2030 1204 2064 tentatio
1214 2027 1261 2068 est
1282 2029 1379 2076 super
1391 2039 1456 2066 ter·

518 2092 585 2115 ram
598 2104 610 2119 ‚
634 2080 691 2124 qui
704 2076 834 2113 viderur
845 2075 926 2113 stare
935 2100 948 2119 ‚
958 2076 1064 2113 videat
1076 2078 1219 2118 necadat
1231 2107 1239 2115 .
1260 2080 1344 2116 Ideo
1354 2083 1454 2128 quip-

519 2128 751 2178 pe(iicutjam
772 2127 865 2174 supra
889 2132 902 2148 ⁴¹
923 2126 1068 2164 diximus
1090 2128 1107 2168 )
1126 2141 1193 2164 non
1214 2130 1457 2177 perseveraturi

520 2178 767 2226 perseveraturis
798 2176 1078 2224 providentiffima
1096 2182 1162 2216 Dei
1193 2179 1366 2218 voluntate
1394 2184 1458 2218 mi-

339 2222 420 2252 Rom.
454 2231 500 2252 ¹²·
521 2230 671 2270 scentur‚
695 2238 733 2263 ut
753 2225 811 2266 effe
831 2226 993 2264 discamus
1011 2239 1079 2263 non
1100 2228 1163 2264 alta
1185 2229 1343 2276 sapientes
1361 2255 1373 2272 ,
1399 2231 1455 2268 sed

342 2263 389 2291 '⁶'
518 2276 701 2316 humilibus
711 2277 955 2313 consentientes
968 2302 982 2322 Ἀ
1006 2280 1039 2312 &
1051 2289 1129 2313 cum
1150 2281 1318 2315 timore&
1330 2290 1457 2316 tremo-

341 2339 454 2379 phitiffi
474 2349 501 2372 2„
521 2343 553 2365 re
574 2327 718 2365 nostram
737 2326 887 2375 ipsorum
908 2325 1043 2363 salutem
1060 2339 1262 2377 operemur.-
1290 2332 1383 2366 Deus
1408 2329 1457 2366 est

344 2383 498 2418 22-(9‘13·
519 2383 606 2416 enim
615 2381 671 2425 qui
683 2380 882 2425 operaturin
903 2375 1000 2412 nobis
1017 2380 1052 2413 &
1071 2377 1156 2417 velle
1177 2382 1211 2415 &
1231 2383 1363 2426 operari
1393 2393 1459 2429 pro

520 2430 606 2467 bona
618 2428 805 2467 voluntate.
832 2430 909 2464 Nos
927 2438 1010 2474 ergo
1030 2427 1203 2470 volumus,
1231 2429 1286 2470 sed,
1306 2433 1400 2472 Deus
1419 2435 1455 2467 in

520 2479 615 2520 nobis
625 2489 783 2526 operatur
801 2480 832 2512 δε
858 2476 963 2512 velle:
991 2490 1055 2514 nos
1070 2491 1155 2523 ergo.
1168 2493 1370 2526 operamur,
1398 2481 1453 2517 sed

519 2534 655 2568 Deusin
665 2527 759 2564 nobis
777 2530 1119 2574 operatur&operari
1143 2541 1205 2574 pro
1225 2529 1313 2565 bona
1334 2530 1439 2566 volun

520 2593 584 2617 tate
596 2609 603 2616 .
631 2582 708 2616 Hoc
730 2577 825 2615 nobis
835 2577 974 2624 expedit
986 2580 1021 2613 δε
1031 2577 1168 2613 credere
1178 2579 1333 2616 &dicere
1345 2593 1357 2612 .·
1384 2577 1456 2616 hoc-

522 2630 571 2667 est
586 2633 697 2678 pium,
722 2627 789 2664 hoc
809 2640 926 2663 verum
948 2653 960 2671 ‚
987 2639 1025 2664 ut
1045 2627 1082 2663 fit
1102 2626 1236 2667 humilis
1255 2632 1290 2669 &
1312 2627 1459 2671 submiffa

525 2680 707 2721 confeffm,
730 2682 763 2714 &
783 2678 879 2713 detur
899 2689 1012 2714 totum
1031 2680 1128 2715 Deo.
1155 2682 1353 2725 cogitantes
1379 2693 1454 2717 cre-

525 2731 662 2771 dimus²
683 2730 861 2773 cogitantes
892 2726 1067 2773 loquimur
1088 2753 1100 2769 ,
1124 2731 1306 2774 cogitantes
1325 2734 1453 2777 agimus

526 2777 687 2828 quidquid
708 2780 856 2824 agimus:
882 2776 975 2824 quod
996 2788 1106 2813 autem
1122 2781 1238 2815 attinet
1259 2779 1299 2816 ad
1320 2785 1451 2828 pietatis

352 2822 508 2859 2.Cor.3.5.
528 2834 613 2866 viam
625 2833 658 2865 &
672 2839 787 2865 verum
800 2826 1030 2868 Deicultum,
1058 2840 1124 2862 non
1138 2828 1248 2865 sumus
1267 2830 1377 2867 idonei
1399 2845 1457 2868 co.

528 2884 629 2928 gitare
640 2877 762 2925 aliquid
774 2889 941 2924 tamquam
953 2890 994 2916 cx
1005 2875 1245 2926 nobismetipsis
1257 2905 1271 2922 ,v
1295 2881 1347 2918 sed
1367 2882 1455 2920 suffi-

386 2939 508 2969 sane'ius
530 2933 648 2970 cientia
659 2928 815 2966 nostraex
826 2931 903 2965 Deo
914 2926 962 2965 est
976 2956 984 2963 .
1011 2927 1086 2962 Non
1098 2928 1179 2962 enim
1192 2928 1235 2971 efl
1253 2930 1287 2962 in
1304 2931 1462 2976 potestate

354 2981 474 3011 Ambro-
530 2979 635 3023 nostra
646 2990 699 3013 cor
709 2976 844 3020 nostrum
856 2976 899 3012 (θ’
911 2976 1020 3019 nostrae
1029 2976 1233 3023 cogitationes
1244 3004 1252 3014 .
1265 2982 1361 3019 Unde
1370 2984 1462 3022 idem

349 3021 409 3058 βω
432 3019 515 3065 ἀφ’.
532 3034 594 3079 qui
606 3029 672 3067 hoc
684 3032 749 3071 ait,
775 3033 856 3067 item
865 3029 945 3065 dicit
957 3027 1266 3075 Ambrofiixs,Qis
1275 3041 1382 3065 autem
1392 3044 1459 3067 tam

532 3082 645 3117 beatus
656 3079 710 3125 qui
722 3080 753 3112 in
765 3077 1050 3124 cordesuvftmper
1060 3079 1210 3124 ascendat
1222 3084 1242 3113 ,²
1268 3081 1337 3114 Sed
1354 3081 1461 3124 hocst-

342 2142 359 2158 ·
377 2142 449 2183 cap.
470 2142 498 2170 a.

356 3108 466 3172 ἳῖῗαηιῆ
475 3160 486 3171 ,
533 3143 570 3163 ne
582 3129 699 3163 divino
711 3129 832 3162 auxilio
842 3127 975 3174 quifieri
981 3128 1102 3175 potest?
1112 3130 1198 3164 nullo
1208 3131 1350 3177 proseHO
1361 3133 1464 3175 modo,

358 3180 456 3219 ‘'Y-85·
466 3183 495 3209 6.
534 3179 931 3226 Denique‚inquit,supra
943 3179 1053 3213 eadem
1064 3179 1240 3227 Scriptura
1252 3181 1331 3216 dicit
1342 3209 1352 3225 ‚
1379 3184 1464 3219 Bea-

534 3241 585 3264 tus
597 3230 653 3263 vir
673 3230 763 3271 cujus
772 3227 816 3270 est
835 3227 994 3262 auxilium
1004 3231 1073 3273 ejus
1092 3230 1150 3266 abs
1167 3241 1218 3274 te,
1246 3233 1405 3277 Domine,
1430 3249 1464 3268 a.

527 3279 698 3327 scensusin
709 3278 802 3313 corde
823 3279 913 3322 ejus.
939 3282 1017 3317 Hoc
1038 3285 1151 3328 utique
1171 3294 1208 3319 ut
1225 3282 1372 3328 diceret,
1395 3298 1464 3322 non

535 3330 686 3368 solumin
700 3330 819 3366 litteris,
829 3330 1079 3377 iacrislegebat,
1106 3333 1158 3369 sed
1177 3333 1256 3370 licut
1275 3334 1316 3371 de
1337 3335 1398 3373 illo
1418 3340 1464 3373 vi-

539 3395 577 3417 ro
587 3381 651 3418 fine
661 3379 866 3418 dubitatione
876 3381 1078 3421 credendum
1099 3382 1166 3426 est,
1191 3387 1290 3422 etiam
1310 3387 1343 3421 in
1362 3387 1463 3424 corde

364 3458 398 3487 ln
421 3454 521 3495 pusa-
540 3430 599 3468 suo
609 3430 761 3469 sentiebat
774 3430 988 3468 Ambrofius.
1015 3434 1121 3477 Quod
1133 3445 1214 3481 ergo
1236 3438 1268 3471 in
1290 3434 1468 3474 sacramen-

364 3498 439 3527 tione
465 3494 506 3525 ad
539 3484 582 3518 tis
602 3480 751 3519 fidelium
770 3482 892 3518 dicitur
908 3507 921 3525 ‚
948 3493 985 3518 ut
1005 3481 1126 3519 sursum
1146 3497 1205 3520 cor
1231 3484 1408 3523 habeamus
1426 3488 1467 3524 ad

364 3546 497 3581 canonem
541 3534 726 3571 Dominum
738 3558 750 3574 ,
768 3544 887 3570 munus
899 3531 944 3569 est
955 3535 1095 3570 Domini
1107 3535 1167 3572 :de
1178 3548 1248 3583 quo
1259 3549 1394 3576 munere
1407 3538 1464 3586 ipfi

367 3576 471 3615 M1ff‘·
541 3583 693 3618 Domino
703 3583 779 3616 Deo
790 3581 903 3619 nostro
913 3587 1027 3630 gratias
1039 3596 1131 3631 agere
1143 3610 1152 3627 ‚
1178 3599 1194 3622 a
1216 3585 1379 3623 sacerdote
1391 3587 1465 3636 post

540 3630 627 3668 hanc
638 3643 756 3668 vocem
800 3630 895 3669 uibus
914 3633 982 3670 hoc
1001 3634 1125 3671 dicitur
1143 3636 1365 3673 admonentur
1393 3652 1405 3678 ‚·
1430 3643 1465 3679 ὃς

541 3681 679 3728 dignum
691 3683 768 3723 aciu
798 3694 855 3717 um
864 3682 923 3719 effe
934 3684 1149 3730 respondent.
1175 3690 1268 3723 Cum
1288 3691 1376 3724 enim
1396 3702 1465 3724 non

542 3731 579 3767 fit
588 3734 619 3766 in
631 3728 739 3767 nostra
752 3729 909 3778 potestate
921 3745 978 3767 cor
990 3733 1136 3771 nostrum
1148 3762 1160 3779 ,
1184 3735 1237 3772 sed
1255 3737 1374 3774 divino
1391 3738 1465 3776 sub-

365 3773 524 3814 Coloffi3a.
543 3781 669 3818 levetur
681 3781 826 3823 auxilio,
852 3793 887 3817 ut
900 3780 1070 3827 ascendat,
1095 3789 1128 3821 δι
1149 3798 1222 3830 quae
1245 3786 1369 3825 sursum
1390 3788 1466 3825 sunt

542 3831 663 3881 sapiat,
688 3828 744 3867 ubi
755 3829 909 3868 Christus
920 3831 965 3868 est
976 3835 1009 3872 in
1022 3833 1138 3871 dextra
1155 3839 1220 3873 Dei
1240 3835 1374 3882 sedens,
1400 3850 1468 3876 non

757 218 809 275 S,
891 215 1517 277 AUGusTtN

1561 226 1582 268 1
1664 210 2242 268 EP‘tscoP1

1530 319 1606 355 quae
1615 304 1712 354 super
1721 315 1845 342 terram
1855 317 1868 339 .·
1892 306 1947 343 cui
1955 303 1998 341 de
2007 300 2070 341 hac
2080 312 2171 340 tanta
2188 313 2227 340 re
2242 301 2373 349 agendae
2391 303 2467 346 sunt

1528 360 1640 406 gratiae
1650 382 1661 399 ,
1687 354 1744 393 nifi
1755 352 1826 396 hoc
1834 354 1965 394 ficienti
1976 356 2132 394 Domino
2140 355 2221 391 Deo
2239 350 2357 389 nostro
2366 381 2379 398 ,
2403 358 2464 403 qui

1528 420 1591 444 nos
1601 420 1661 456 per
1672 405 1735 443 tale
1744 404 2127 446 beneficiumliberando
2145 403 2188 441 de
2207 401 2380 452 profundo
2398 402 2464 442 hu-

1527 460 1578 506 jus
1588 457 1703 494 mundi
1714 455 1836 503 elegit,
1859 459 1894 495 &
1905 454 2147 505 praedestinavit
2159 465 2235 494 ante
2252 453 2465 493 constitutio-

1527 521 1607 547 nem
1616 506 1735 544 mundi
1746 516 1759 548 ς
1910 506 1913 508 ’

1729 607 2097 650 caput
2175 607 2270 655 xtv,

1533 723 1564 752 ι.
1642 710 1696 748 Ed
1707 713 1799 756 ajunt
1815 704 2114 758 praedestinationis
2140 705 2356 753 definitionem
2375 704 2466 741 utili.
2478 724 2514 755 1„
2533 724 2637 766 Episto-

1597 723 1641 801 S
1668 762 1733 795 tati
1751 757 1999 808 predicationis
2016 756 2192 804 adversam
2211 783 2222 793 .
2256 759 2361 807 Qtast
2381 771 2464 796 vero
2476 765 2518 796 lis
2526 765 2641 798 Hilarii

1527 812 1694 854 adversata
1702 812 1740 849 fit
1751 811 1925 861 Apostolo
1945 809 2160 858 praedicanti·
2174 811 2311 851 'Nonne
2329 809 2386 847 ille
2403 810 2463 847 do-
2477 807 2516 839 &
2544 807 2616 853 ΡΝ·

1529 865 1606 902 etot
1614 866 1764 913 gentium
1774 866 1810 900 in
1829 863 1897 901 fide
1905 866 1940 904 βε
1952 863 2088 901 veritate
2099 863 2133 897 &
2146 859 2462 908 praedestinationem
2470 847 2625 919 &idesti-

1525 917 1627 951 toties
1634 913 1905 958 commendavit,
1929 915 1963 952 &
1973 909 2114 948 verbum
2125 913 2191 954 Dei
2203 910 2381 960 praedicare
2391 923 2461 950 ¹¹0⁰
2477 929 2620 962 nationis.
2674 957 2677 960 Δ

1523 964 1670 1007 destitit?
1695 965 1874 1014 Numquid
1883 967 1963 1012 quia
1971 962 2081 1010 dixit,
2106 961 2200 997 Deus
2210 959 2254 1004 est
2273 960 2331 1007 qm·
2350 968 2463 1010 0pm-
2476 968 2584 999 doetri-

1523 1025 1579 1050 την
1587 1013 1622 1052 in
1632 1015 1728 1053 vobis
1739 1014 1783 1050 δ’
1792 1014 1884 1049 velle
1895 1014 1939 1050 (9¹
1949 1011 2079 1060 operari
2084 1020 2147 1059 pro
2167 1010 2251 1046 bona
2270 1010 2441 1049 voluntate
2449 1024 2465 1056 ,·
2479 1019 2548 1054 narn
2558 1007 2640 1040 utili·

1521 1066 1602 1105 ideo
1611 1079 1682 1103 non
1693 1066 1764 1115 ipse
1773 1093 1786 1111 ‚
1811 1070 1845 1108 &
1855 1078 1893 1105 ut
1906 1064 2046 1102 velimus
2057 1088 2069 1106 ‚
2093 1074 2166 1111 quae
2177 1065 2256 1100 Deo
2275 1062 2426 1111 placeant
2451 1087 2466 1117 ².
2478 1057 2642 1124 ἑῖἑζῐῑξῐῶζ

1521 1121 1605 1158 &ut
1614 1129 1818 1173 operemur,
1843 1113 2076 1157 hortatusest?
2099 1124 2156 1167 aut
2166 1117 2243 1164 quia
2264 1113 2374 1168 dixit,
2397 1112 2464 1157 Q
2481 1141 2542 1161 non
2565 1130 2621 1161 effe

1521 1169 1556 1204 in
1567 1167 1665 1202 vobis
1674 1169 1794 1205 bonum
1805 1177 1883 1214 opus
1902 1166 2015 1214 coepit,
2039 1164 2184 1212 perficiet
2205 1163 2302 1210 usque
2321 1175 2356 1197 m
2378 1163 2465 1201 diem
2478 1170 2641 1204 adversam.

1525 1216 1654 1261 Christi
1655 1217 1731 1264 Iesu
1742 1231 1757 1260 ;
1782 1219 1862 1260 ideo
1872 1220 2110 1269 utinciperent
2128 1213 2285 1256 homines
2304 1218 2339 1253 δι
2359 1214 2467 1262 perse·
2478 1210 2589 1252 Philip.
2604 1221 2640 1251 *η
2676 1258 2679 1260 ,

1523 1281 1674 1307 vetarent
1683 1269 1787 1318 usque
1806 1273 1840 1306 in
1859 1269 1987 1313 finem,
2012 1266 2081 1316 ipse
2099 1278 2170 1305 nott
2190 1265 2305 1303 suafit?
2329 1267 2467 1314 Nempe
2479 1262 2639 1334 amp-¹5

1522 1320 1592 1369 ipse
1609 1323 1780 1364 Dominus
1798 1318 1995 1362 hominibus
2014 1320 2172 1371 precepit
2201 1327 2239 1358 ut
2257 1314 2430 1370 crederent
2452 1341 2467 1363 ‚

1525 1383 1627 1420 atque
1636 1374 1705 1416 ait,
1731 1369 1870 1408 Credite
1879 1370 1914 1405 in
1925 1370 2034 1410 Deum
2045 1395 2056 1413 ,
2082 1366 2171 1403 &in
2182 1366 2361 1404 merredne
2372 1381 2385 1408 t
2403 1375 2638 1416 nequa-141

1523 1432 1634 1459 tamen
1645 1422 1723 1458 ideo
1732 1423 1799 1468 ejus
1809 1421 1884 1458 falia
1894 1421 2054 1463 sententia
2073 1415 2140 1466 est,
2166 1431 2228 1455 nec
2247 1429 2331 1458 vana
2350 1416 2469 1460 defini-

1524 1474 1600 1515 tio,
1624 1470 1757 1516 ubiait,
1782 1471 1886 1506 Nemo
1895 1470 1989 1506 venit
1997 1470 2043 1504 ad
2052 1482 2122 1518 me,
2148 1469 2181 1506 id
2192 1467 2262 1516 est,
2287 1480 2466 1510 nemocre*
2477 1499 2581 1536 'un‘
2594 1497 2638 1531 54

1526 1517 1579 1557 dit
1588 1521 1622 1555 in
1632 1531 1710 1562 me,
1735 1520 1800 1564 nili
1812 1521 1919 1568 fuerit
1936 1520 1968 1554 ei
1987 1520 2102 1559 datum
2123 1532 2144 1553 a
2165 1519 2266 1558 Patre
2275 1530 2363 1555 meo.
2390 1521 2468 1563 Nec
2552 1518 2562 1530 ⁰
2580 1519 2591 1532 ⁶

1525 1567 1662 1613 rursus,
1685 1570 1763 1617 quia
1772 1582 1850 1609 vera
1859 1571 1907 1612 est
1925 1570 1999 1613 haec
2017 1570 2196 1614 definitio,
2221 1570 2299 1606 ideo
2320 1582 2401 1607 vana
2419 1568 2470 1610 est

1523 1618 1581 1655 illa
1592 1622 1793 1668 praeceptio.
1819 1623 1987 1667 Curet-go
1995 1622 2248 1670 praedicationi,
2269 1623 2469 1669 praeceptio·

1521 1672 1581 1713 ni,
1610 1669 1839 1708 exhortationi
1860 1695 1873 1714 ,
1897 1674 2106 1718 correptioni
2127 1697 2140 1714 ,
2166 1684 2241 1720 quae
2268 1674 2384 1708 omnia
2404 1670 2469 1717 ste·

1521 1731 1659 1767 quentat
1670 1719 1830 1769 scriptura
1845 1722 1982 1764 divina,
2008 1719 2393 1759 existimamusinutilem
2411 1721 2470 1763 de-

1520 1771 1711 1811 finitionem
1724 1771 2046 1820 praedestinationis,
2071 1783 2173 1820 quam
2181 1771 2396 1815 commendat
2414 1784 2468 1813 ea-

1522 1821 1602 1863 dem
1612 1821 1673 1859 scri
1679 1833 1775 1871 ptura
1784 1822 1900 1863 divina
1909 1825 1923 1864 ξ
2202 1849 2205 1851 -
2446 1849 2449 1851 -

1576 1884 1607 1909 2.
1633 1876 1688 1910 An
1699 1873 1871 1921 quisquam
1879 1873 1991 1912 dicere
1999 1871 2156 1918 audebit,
2178 1875 2296 1913 Deum
2307 1884 2376 1910 non
2387 1878 2470 1922 lito·
2526 1883 2527 1886 ’

1518 1922 1606 1962 scisse
1615 1948 1628 1967 ‚
1654 1921 1778 1970 quibus
1789 1921 1863 1961 ess'et
1873 1923 2009 1961 daturus
2025 1935 2064 1962 ut
2082 1924 2280 1969 crederent,
2304 1935 2369 1961 autv
2380 1933 2469 1972 quas
2487 1928 2500 1935 '⁴

1517 1975 1656 2011 daturus
1664 1973 1738 2011 esset
1748 1974 1834 2012 Filio
1844 1974 1905 2011 suo
1914 2001 1928 2018 ,
1946 1985 1984 2012 ut
1997 1987 2040 2010 ex
2051 1978 2176 2011 eisnon
2187 1975 2340 2020 perderet
2349 1984 2469 2020 quem-

1516 2027 1640 2074 quam?
1668 2028 1754 2072 Quae
1764 2029 1880 2075 utique
1900 2024 1923 2064 fi
1945 2023 2109 2071 praescivit
2127 2047 2138 2065 ,
2165 2022 2322 2070 profesto
2342 2021 2641 2069 bentii-Ionnaria

1516 2080 1566 2112 cia
1579 2077 1657 2119 sua,
1682 2075 1807 2124 quibus
1819 2088 1879 2111 nos
1895 2074 2053 2120 dignatur
2071 2071 2235 2116 liberare,
2261 2073 2428 2121 praescivit
2453 2099 2464 2112 .

1515 2126 1660 2165 Haecest
1685 2124 2099 2170 PRAEDEsTtNAuo
2126 2123 2466 2168 SANCTORUM‚
2479 2126 2627 2178 „adem-

1517 2177 1707 2214 nihilaliud
1717 2183 1730 2209 ‚⁴
1757 2174 1955 2223 praescientia
1967 2174 2132 2211 scilicet&
2144 2176 2341 2222 praeparatio
2361 2172 2460 2217 bene-
2477 2187 2564 2218 ,κῃ-ο

1518 2228 1678 2265 ficiorum
1699 2228 1788 2269 Dei,
1813 2224 1935 2272 quibus
1953 2225 2125 2260 certissime
2145 2222 2328 2261 liberantur
2348 2249 2361 2268 ,
2386 2226 2461 2272 qui·-
2475 2227 2567 2271 quid.

1516 2287 1666 2324 cumque
1676 2275 1875 2316 liberantur.
1902 2277 2145 2315 Caeteriautem
2156 2273 2214 2311 ubi
2235 2274 2294 2311 nifi
2313 2278 2346 2311 in
2367 2274 2461 2313 mana

1520 2324 1817 2375 perditionisjnsto
1831 2326 1951 2364 divino
1970 2326 2098 2371 judicio
2119 2325 2376 2372 relinquuntur?
2401 2321 2460 2362 ubi

1519 2379 1621 2425 Tyrii
1634 2375 1736 2413 relidi
1751 2377 2027 2420 sunt&sidom'i‚
2053 2379 2112 2424 qui
2123 2381 2223 2420 etiam
2243 2375 2378 2412 credere
2399 2386 2461 2422 po·

1517 2437 1675 2468 tuerunt,
1701 2426 1725 2465 fi
1745 2431 1825 2469 mira
1848 2428 1902 2465 illa
1920 2426 2050 2465 Christi
2069 2426 2158 2473 figna
2178 2423 2327 2466 vidissent
2347 2452 2356 2462 .
2391 2423 2459 2463 Sed

1515 2480 1676 2525 quoniam
1687 2488 1725 2518 ut
1733 2478 1929 2521 crederent,
1956 2491 2025 2514 non
2044 2488 2112 2514 erat
2129 2480 2174 2513 eis
2192 2475 2329 2520 datum,
2354 2478 2459 2516 etiam

1515 2528 1604 2563 unde
1615 2527 1786 2566 crederent
1805 2528 1853 2566 est
1872 2539 2031 2576 negatum
2043 2555 2051 2564 .
2078 2530 2133 2565 Ex
2154 2540 2225 2575 quo
2244 2523 2460 2615 appatetissa-

1516 2576 1597 2615 bete
1606 2577 1766 2624 quosdam
1787 2582 1819 2615 in
1837 2579 1912 2628 ipso
1935 2582 2072 2627 ingenio
2090 2579 2243 2615 divinum
2262 2589 2377 2615 natura
2411 2588 2458 2617 Ver

1516 2639 1636 2664 munus
1647 2628 1871 2677 intelligentiae
1881 2656 1894 2674 ‚
1919 2642 1991 2678 quo
2000 2640 2198 2667 moveantur
2209 2627 2250 2664 ad
2270 2627 2375 2669 fidem
2386 2652 2399 2671 ‚
2424 2621 2451 2665 Ῑί

1514 2690 1663 2726 congrua
1674 2679 1735 2715 suis
1746 2679 1912 2719 mentibus
1920 2705 1933 2723 ‚
1959 2679 2014 2716 vel
2033 2679 2167 2719 audiant
2188 2676 2311 2722 verba,
2334 2677 2390 2715 vel
2413 2676 2454 2714 si·

1515 2742 1577 2776 gna
1588 2730 1809 2777 conspiciantt
1835 2733 1868 2768 δε
1880 2741 1992 2768 tamen
2004 2729 2028 2767 fi
2040 2732 2105 2767 Dei
2125 2729 2243 2766 altiore
2260 2728 2386 2773 judicio
2396 2751 2407 2770 ‚
2431 2739 2453 2766 a

1519 2780 1713 2826 perditionis
1725 2779 1816 2817 mass‘a
1827 2793 1895 2817 non
1906 2781 2101 2825 suntgratiae
2111 2775 2396 2825 praedestinatione
2404 2775 2456 2813 di-

1515 2829 1633 2872 screti,
1659 2829 1795 2876 nccipsa
1805 2832 1849 2864 eis
1865 2826 2070 2868 adhibentur
2088 2826 2141 2866 vel
2161 2827 2248 2864 dieta
2268 2826 2383 2864 divina
2400 2825 2459 2863 vel.

1515 2880 1622 2923 saeta,
1648 2890 1708 2927 per
1718 2890 1792 2925 quae
1803 2876 2100 2926 pollentcredere,
2125 2877 2148 2914 fl
2168 2878 2320 2917 audirent
2338 2880 2459 2926 utique

1523 2931 1599 2966 talia
1611 2927 1664 2966 vel
1675 2928 1843 2965 viderent.
1869 2931 1909 2965 In
1919 2928 2034 2965 eadem
2054 2928 2249 2976 perditionis
2268 2925 2363 2967 massa
2381 2927 2460 2973 reli·

1523 2981 1568 3017 ἂί
1580 2979 1653 3018 sunt
1663 2982 1760 3016 etiam
1771 2978 1873 3022 Judaei
1887 3004 1897 3019 2
1923 2982 2060 3027 quinon
2072 2990 2254 3027 potuerunt
2265 2978 2401 3016 credere
2410 2977 2459 3014 fa-

1523 3033 1585 3068 &is
1595 3034 1629 3067 in
1640 3028 1818 3079 conspeetu
1839 3028 1899 3066 suo
1917 3040 1983 3067 tam
2003 3032 2128 3077 magnis
2146 3029 2308 3078 clarisque
2324 3029 2458 3066 virtuti-

1523 3082 1603 3120 bus.
1630 3086 1705 3119 Cur
1718 3084 1808 3118 enim
1819 3092 1888 3116 non
1908 3090 2061 3129 poterant
2080 3081 2239 3124 credere,
2264 3091 2332 3115 non
2351 3078 2458 3117 tacuit

1526 3131 1767 3181 Evangelium‚
1792 3131 1927 3175 dicens,
1954 3132 2041 3165 Cum
2059 3139 2165 3165 autem
2183 3137 2279 3166 tanta
2290 3126 2393 3174 ‚ligna
2406 3124 2552 3183 ῘεἼΜ.
2583 3153 2632 3179 ¹2.

1525 3182 1614 3227 ciffet
1623 3193 1727 3217 coram
1738 3179 1783 3215 eis
1794 3207 1804 3224 ,
1829 3193 1889 3217 non
1907 3180 2114 3219 crediderunt
2131 3178 2165 3216 in
2182 3191 2275 3223 eum,
2300 3187 2338 3212 ut
2350 3177 2456 3224 sermo
2471 3194 2519 3225 37.
2528 3185 2632 3227 &sep

1526 3234 1618 3279 Isaiae
1626 3231 1789 3280 propbttae
1798 3229 2008 3278 impleretur,
2033 3242 2125 3279 quem
2141 3229 2252 3274 dixit,
2277 3226 2418 3265 Domine
2444 3252 2456 3273 ,

1527 3282 1601 3331 quis
1618 3282 1759 3318 credidit
1776 3281 1910 3317 auditui
1926 3281 2047 3326 nostro,
2072 3279 2116 3316 &¹
2134 3278 2301 3317 brachium
2320 3277 2456 3315 Domini
2469 3265 2526 3306 Ψ·
2549 3274 2627 3306 53·¹·

1525 3334 1578 3371 cui
1590 3333 1773 3368 revelatum
1790 3331 1857 3376 est?
1882 3333 1928 3368 Et
1947 3332 2019 3368 ideo
2039 3343 2102 3367 non
2118 3338 2269 3377 poterant
2286 3329 2418 3365 credere
2443 3355 2456 3376 2

1526 3384 1604 3431 quia
1615 3384 1732 3419 iterum
1743 3382 1829 3418 dixit
1840 3382 1940 3430 isaias
1950 3409 1962 3429 ,
1988 3380 2178 3420 Eacaecavit
2189 3379 2293 3416 oculos
2310 3392 2416 3415 eorum
2442 3407 2455 3427 ,
2467 3387 2604 3429 φωρ.

1526 3433 1753 3470 &induravit
1773 3446 1826 3468 cor
1844 3433 1996 3478 illorum,
2021 3442 2056 3468 ut
2075 3444 2136 3466 non
2154 3430 2299 3469 videant
2318 3430 2417 3466 oculis
2441 3455 2456 3477 ,

1502 3488 1511 3495 ‘
1526 3498 1583 3520 nec
1593 3485 1782 3531 intelligant
1799 3484 1916 3528 corde,
1942 3484 1986 3519 (θ’
2005 3490 2258 3526 convertamur,
2285 3481 2329 3516 Φ·
2342 3480 2455 3528 sanem

1523 3535 1600 3572 illos
1610 3561 1620 3572 .
1645 3540 1727 3574 Non
1737 3548 1830 3574 erant
1840 3548 1922 3583 ergo
1932 3535 1974 3572 fic
1983 3536 2133 3571 excaecati
2143 3532 2234 3570 oculi
2244 3558 2257 3578 ‚
2282 3546 2341 3570 nec
2352 3532 2395 3570 fic
2404 3535 2454 3578 in-

1524 3588 1679 3628 duratum
1690 3600 1750 3624 cor
1768 3589 1958 3636 Tyriorum
1979 3589 2014 3622 δι
2030 3585 2267 3623 Sidoniorum:
2292 3585 2454 3633 quoniam

1525 3636 1753 3682 credidiffent‚
1777 3635 1918 3684 fiqualia
1928 3635 2144 3674 videruntisti
2166 3634 2252 3683 figna
2268 3631 2419 3678 vidiffent
2446 3660 2455 3670 .

1527 3689 1589 3725 Sed
1602 3701 1662 3724 nce
1682 3689 1745 3725 illis
1766 3686 1895 3735 profuit
1913 3685 2006 3735 quod
2026 3697 2179 3734 poterant
2194 3685 2352 3726 credere,
2375 3686 2455 3731 quia

1526 3737 1745 3787 praedestinati
1764 3749 1833 3774 non
1853 3747 1944 3781 erant
1960 3736 2003 3774 ab
2021 3749 2064 3773 eo
2082 3763 2095 3783 ,
2128 3738 2220 3785 cujus
2238 3731 2455 3780 inscrutabilia

1526 3788 1750 3833 suntiudicia,
1774 3786 2148 3836 &investigabilesviae;
2175 3799 2234 3824 nec
2251 3783 2318 3822 istis
2335 3783 2458 3821 obfuis-
2472 3774 2552 3807 ΚΜ·
2579 3779 2627 3806 ¹¹·

1529 3838 1677 3889 setquod
1689 3852 1758 3878 non
1777 3849 1932 3888 poterant
1946 3839 2105 3884 credere,
2129 3837 2153 3882 fi
2173 3840 2219 3876 ita
2239 3824 2523 3886 praedestinat133·

2362 3883 2410 3922 es—
