2652 4126
521 240 626 293 134
947 212 1993 273 ADMONITloss

509 328 533 353 a
567 312 607 351 V
606 306 789 356 Vandalis
817 314 981 353 Romam
1015 303 1234 346 Gennadius
1266 301 1520 361 Maffilienfis
1549 300 1752 357 Presbyter
1784 302 1828 358 se
1856 300 1991 360 legiff'e
2029 303 2191 359 testatur
2221 319 2236 361 3
2265 306 2436 349 miretur.

511 385 584 427 que
617 374 716 414 unde
735 371 883 426 fufium
906 367 990 422 stt,
1021 378 1064 405 ut
1093 361 1202 404 aliud
1233 362 1449 404 Cbronicon
1481 363 1499 421 ζ
1518 359 1666 418 scilicet
1683 375 1809 406 (antea
1847 359 2052 419 vulgatum
2082 360 2100 418 )
2135 372 2211 422 per
2228 395 2231 398 .
2250 363 2434 421 Consules

508 431 714 490 digestum,
743 430 917 471 haetenus
946 425 988 465 in
1017 423 1187 464 omnibus
1218 423 1512 480 Hieronymiani
1542 421 1725 463 Cbronici
1754 421 1976 464 editionibus
2003 422 2191 480 Prosperi.
2207 421 2331 466 titulo
2342 425 2433 480 suh

498 482 727 550 jungeretur
757 503 767 529 :
798 485 897 541 quod
926 484 1001 540 etst
1029 499 1112 525 cum
1144 483 1213 533 isto
1244 498 1319 523 non
1342 493 1466 539 pauca
1494 479 1605 523 habet
1634 483 1842 521 communia
1864 511 1878 534 ,
1905 496 1949 523 ut
1974 494 2067 539 pote
2105 482 2158 523 ad
2186 483 2357 539 *ejusdem
2386 501 2431 526 ae-

509 554 599 594 tatis
627 547 817 601 historiam
843 543 1107 603 pertinentia,
1136 540 1293 585 alterius
1322 555 1449 584 tamen
1475 540 1586 600 geniiv
1608 540 1687 601 effe
1707 538 1827 597 facile
1856 537 2050 600 intelliget
2066 572 2081 595 ,
2120 543 2189 598 qui
2228 557 2429 601 utrumque

509 608 689 653 attentius
717 603 875 663 legerit.

566 665 760 722 Equidem
790 680 866 705 non
897 679 991 721 aegre
1011 661 1222 720 fatebimur
1254 661 1405 704 Pitboeo
1418 691 1432 715 ,
1461 672 1664 716 utrumque
1693 660 1761 702 boc
1791 660 2008 703 chronicon
2038 663 2148 704 unius
2187 662 2427 721 ejusdemque

503 727 657 768 auctoris
679 724 823 782 faetum
853 724 930 766 dici
958 738 1034 764 non
1058 721 1196 782 poffe.
1229 718 1369 774 Alias,
1398 733 1442 761 ut
1471 720 1528 760 ait
1558 720 1787 774 Bucherius,
1817 722 2086 763 concedendum
2116 721 2213 780 eſjet
2235 752 2249 776 ,
2277 723 2324 765 ab
2353 740 2428 766 uno

320 764 484 843 eyclpbff'
500 786 697 842 eodemque
726 800 788 826 ore
817 782 981 825 calidum
1003 781 1268 840 frigidumque
1299 781 1317 838 (
1346 793 1390 821 ut
1419 780 1529 832 ajunt
1558 776 1576 835 )
1597 780 1747 836 flamen
1769 778 1895 838 simul
1916 781 2029 839 poſje
2052 783 2227 840 prodire.
2259 783 2338 825 Sed
2357 784 2428 826 mi-

323 852 393 910 1²5⁰-
417 882 449 912 h·
499 861 582 886 rum
612 845 761 886 omnino
791 841 909 885 talem
940 842 1068 890 virum
1097 857 1178 883 eam
1208 842 1251 882 in
1282 841 1496 899 opinionem
1527 839 1698 897 venisse,
1729 840 1828 896 quod
1856 840 1956 895 istud
1977 841 2216 895 Cbronicon,
2242 843 2319 900 etsi
2338 840 2428 885 val-

319 882 479 960 eigili
496 906 544 947 de
574 903 764 960 confusum
788 902 1129 962 perturbatumque
1161 902 1178 958 (
1207 902 1307 957 quod
1335 899 1413 958 ipse
1442 897 1572 939 lubens
1599 899 1766 958 agnoscit
1796 916 1809 956 3
1840 898 1858 956 )
1887 896 1987 941 licetv
2017 902 2160 943 mendis
2196 903 2239 943 in
2279 905 2421 945 restam

318 968 378 1028 θεῖς·
392 969 474 1003 ¹54³ae
494 961 761 1022 chronologiae
792 964 979 1004 rationem
1009 962 1191 1018 refertum
1222 976 1237 1016 3
1268 961 1309 1001 in
1340 975 1411 1016 quo
1442 959 1514 999 vix
1541 955 1689 1016 aliquid
1716 956 1907 1002 delibatur
1935 960 1982 1001 de
2011 958 2256 1018 Pelagiani53
2285 963 2327 1004 in
2347 978 2423 1019 quo

318 1008 350 1031 ῃ
375 1020 388 1030 ”
495 1025 537 1066 id
565 1039 683 1066 unum
712 1023 759 1065 de
789 1022 1007 1082 Augustino
1038 1021 1283 1077 observatur,
1312 1019 1412 1076 quod
1434 1016 1609 1077 plurima
1636 1017 1743 1062 libris
1771 1020 1979 1062 innumeris
2006 1018 2248 1078 diſj'eruerit3
2278 1021 2319 1063 in
2346 1038 2420 1078 quo

494 1084 644 1127 demum
675 1099 724 1124 ex
754 1083 972 1143 Augustino
1004 1094 1087 1123 orta
1115 1080 1254 1123 dicitur
1281 1079 1638 1133 Praedestinatorum
1668 1078 1838 1137 baerests,
1859 1079 1992 1135 sanHo
2023 1080 2206 1139 Prospero
2225 1094 2323 1122 certo
2342 1097 2418 1124 cer-

493 1145 568 1186 tius
598 1145 753 1201 ignota,
782 1159 866 1184 cum
895 1139 1015 1183 talem
1044 1137 1185 1180 nullibi
1214 1137 1453 1198 impugnaffe
1481 1151 1550 1180 aut
1578 1137 1754 1197 retultſj‘e
1782 1138 1934 1197 legatur
1966 1156 1975 1182 :
2004 1140 2141 1181 mirum
2173 1141 2190 1197 (
2220 1141 2378 1197 inquam
2403 1141 2424 1198 )

492 1202 594 1258 quod
621 1200 703 1243 tale
733 1213 822 1258 opus
851 1199 1036 1257 Prospero
1066 1199 1217 1256 dignius
1247 1198 1375 1240 baberi
1403 1197 1557 1252 debeat,
1585 1199 1736 1255 ejusque
1766 1201 1960 1258 ingenium
1979 1201 2098 1257 magis
2117 1199 2278 1255 referre,
2308 1216 2424 1257 quam

491 1260 654 1302 alterum
684 1257 787 1302 illud
817 1259 1060 1312 chronicon,
1090 1258 1191 1314 quod
1215 1256 1381 1316 profesto
1413 1259 1461 1301 (Ὺ
1490 1255 1626 1313 clarius
1653 1259 1708 1318 est
1726 1289 1739 1314 ,
1770 1259 1819 1302 (9⁴
1849 1260 1982 1311 mtq'ori
2021 1259 2153 1301 ordine
2190 1259 2376 1318 digestum
2405 1276 2421 1317 3

489 1337 536 1362 ex
567 1335 639 1375 quo
668 1317 740 1360 lux
767 1320 934 1361 maxima
962 1317 1175 1378 aspergitur
1204 1319 1247 1358 in
1279 1333 1424 1360 omnem
1446 1317 1574 1374 san5li
1604 1320 1813 1376 Augustini
1843 1320 1892 1366 Θ
1920 1316 2140 1378 Pelagianae
2170 1318 2343 1374 haereseos
2362 1319 2421 1362 bi-

481 1381 639 1436 storiam
672 1395 681 1422 :
711 1379 761 1422 ὅδ’
791 1380 832 1420 in
863 1395 936 1435 quo
965 1379 1130 1434 denique
1157 1393 1242 1419 cum
1272 1379 1436 1420 maxima
1467 1378 1726 1420 venerationis
1755 1380 2017 1439 testificatione
2046 1377 2255 1421 laudantur
2268 1372 2421 1435 sandius

487 1440 748 1499 Augustinus,
772 1438 1002 1495 faustusque
1032 1441 1136 1492 Leo,
1165 1439 1233 1495 qui
1262 1437 1366 1488 ambo
1390 1438 1516 1494 saneti
1545 1437 1723 1496 Prosperi
1759 1441 1933 1498 magistri
1964 1440 2054 1490 jure
2091 1439 2223 1483 merito
2255 1438 2422 1498 poff'unt
2476 1496 2479 1497 γ
2514 1498 2517 1501 ἱ

487 1497 697 1558 appellari.
733 1500 843 1541 Unde
872 1500 914 1540 in
945 1499 1020 1542 hoc-
1042 1515 1066 1539 a
1095 1499 1246 1541 Pitboei
1275 1498 1451 1557 opinione
1480 1497 1661 1556 dffntit
1691 1499 2027 1554 omninoffacobus
2056 1498 2278 1541 sirmondus
2308 1513 2323 1554 3
2353 1514 2418 1541 no·-

308 1595 348 1625 Pr
369 1595 390 1625 d
401 1594 425 1632 st
487 1575 655 1615 *eumque
685 1559 754 1601 boc
783 1558 1176 1617 Chronicon.Magni
1205 1558 1387 1616 Prosperi
1415 1557 1521 1599 libris
1550 1558 1735 1614 accenseri
1765 1564 1842 1600 non
1868 1562 2041 1621 patitur.

307 1606 414 1677 5453?
428 1605 467 1626 ’θ’
546 1619 718 1661 Pitbaeus
748 1635 865 1673 vero,
894 1619 954 1660 cui
985 1620 1213 1661 contrarium
1236 1630 1310 1679 pro
1378 1618 1518 1675 ersuaso
1548 1631 1640 1675 erat
1663 1649 1677 1673 ‚
1713 1618 1910 1674 Chroniei¹
1926 1619 1992 1676 sui
2031 1621 2217 1663 aussorem
2258 1617 2419 1663 Tironis

486 1680 664 1738 Prosperi
693 1680 845 1721 nomine
873 1679 1146 1740 designaverat
1175 1695 1191 1736 5
1222 1679 1298 1737 etsi
1344 1676 1445 1720 olum
1475 1679 1655 1738 Prosperi
1684 1695 1818 1733 nomen
1841 1679 2067 1739 praeferrent
2097 1676 2163 1721 illi
2183 1677 2321 1721 codices
2341 1694 2421 1720 ma-

302 1752 430 1786 lbidem
485 1756 538 1782 nu
569 1740 741 1793 exarati,
769 1739 868 1781 unde
899 1738 1118 1797 opusculum
1147 1738 1250 1794 istud
1277 1739 1475 1795 hauserat.
1501 1740 1631 1801 *Qod
1669 1740 1820 1796 quidem
1858 1732 2044 1782 immerito
2085 1738 2130 1781 ab
2169 1736 2240 1780 illo
2270 1738 2429 1794 fufium·

485 1799 649 1858 agnovit
679 1799 922 1841 Sirmondus.
954 1799 1061 1848 Hinc
1091 1799 1146 1854 est
1174 1799 1277 1855 quod
1305 1799 1373 1841 boc
1408 1800 1567 1842 Tironis
1596 1814 1731 1842 nomen
1751 1799 1936 1855 sortitum
1957 1798 2081 1858 funff'e
2111 1815 2186 1840 non
2207 1797 2245 1840 le
2271 1812 2360 1840 atur
2375 1799 2435 1839 in-

485 1858 708 1902 editionibus
737 1875 760 1900 a
790 1858 1067 1914 Du-Cbesm‘o,
1097 1855 1168 1899 vel
1197 1857 1391 1917 Scaligero
1415 1861 1652 1918 procuratis.
1684 1862 1787 1902 Cum
1817 1874 1945 1903 autem
1974 1861 2042 1903 hoc
2072 1815 2272 1918 Prosp‘erii²5
2283 1863 2419 1902 nomen

478 1921 569 1977 fine
597 1917 673 1961 alio
703 1919 831 1961 addito
844 1949 859 1972 ,
889 1919 1069 1960 videatur
1092 1918 1330 1976 sanbiiſjimo
1356 1920 1492 1978 gratiae
1522 1920 1671 1976 Christi
1687 1918 1876 1976 defensori
1892 1913 2128 1979 designando
2146 1916 2417 1976 conftcratum5

485 1977 603 2036 vulgo
634 1980 762 2020 aanor
793 1979 979 2020 chronici
1005 1978 1208 2020 Pitboeani
1227 1978 1302 2033 sub
1331 1979 1400 2021 boc
1430 1979 1581 2022 nomine
1615 1981 1773 2021 Tironis
1814 1981 1994 2042 Prosperi
2014 1976 2117 2037 solet
2157 1980 2284 2023 notari
2314 1995 2329 2036 3
2369 1977 2442 2019 ne

485 2055 567 2080 cum
598 2036 721 2080 altero
750 2038 937 2097 Prospero
965 2037 1150 2094 'confundi
1173 2050 1359 2098 putetur.
2117 2063 2134 2072 ··

543 2101 605 2139 At
635 2114 726 2139 vero
757 2099 800 2140 in
829 2099 898 2140 boc
926 2099 1093 2140 maxime
1120 2097 1248 2157 lapsus
1277 2100 1332 2155 est
1361 2099 1562 2154 Pithoeus,
1592 2102 1693 2157 quod
1714 2101 1899 2159 praestitit
1916 2128 1931 2151 ‚
1959 2114 2045 2140 cum
2081 2099 2136 2139 de‘
2167 2095 2416 2150 Praedestina-

481 2159 597 2200 tianis
627 2161 750 2200 aequm
780 2158 857 2213 est.
887 2158 984 2254 ΕέῙί
1013 2159 1114 2199 enim
1144 2174 1186 2198 eo
1217 2156 1291 2197 loci
1319 2156 1514 2213 legebatur
1543 2161 1586 2197 in
1615 2158 1753 2198 duobus
1768 2186 1782 2207 ‚
1822 2170 1911 2209 quos
1950 2157 1993 2195 in
2028 2153 2201 2195 manibus
2240 2153 2373 2194 babuit
2400 2160 2415 2206 '‚

481 2217 758 2274 Manuscriptis
790 2233 804 2271 3
837 2218 919 2256 Prae
948 2215 1212 2256 estinatorum
1243 2214 1421 2264 hierem,
1451 2227 1536 2268 quae
1569 2215 1645 2254 AB
1674 2213 2044 2255 AUGUSTINO
2086 2211 2277 2268 accepisse
2317 2212 2416 2254 dici-

482 2290 548 2318 tur
577 2276 765 2326 initium,
795 2274 858 2314 his
889 2272 1140 2327 temporibus
1171 2270 1330 2327 serpere
1361 2271 1501 2312 exorsa
1533 2288 1541 2313 :
1573 2275 1587 2291 ²
1622 2271 1672 2313 &⁴
1701 2273 1743 2311 in
1773 2270 1892 2311 altero
1923 2283 2077 2311 tantum
2106 2270 2239 2310 horum
2265 2282 2336 2328 pro
2357 2270 2414 2311 di-

382 2315 402 2338 ³
483 2333 595 2388 versa
624 2327 783 2373 laeuone
814 2330 1030 2388 appostmm
1051 2329 1217 2385 fuerat,
1255 2331 1331 2372 AB
1372 2330 1718 2372 AUGUSTINI
1757 2329 1946 2370 umus
1988 2329 2160 2370 MALE
2200 2328 2414 2371 1NTEL-

363 2408 367 2413 ·
484 2392 703 2434 LECTIS
735 2404 748 2442 3
778 2389 981 2440 eademque
1009 2389 1058 2426 in*
1085 2389 1277 2439 Chronico
1308 2389 1492 2444 Sigeberti
1519 2387 1751 2431 habebantur
1780 2402 1797 2426 .·
1827 2399 1898 2442 quo
1928 2387 2037 2428 unico
2069 2400 2291 2444 argumento
2315 2388 2413 2443 satis

483 2448 752 2498 evincebatur‚
781 2446 966 2486 auctorem
997 2445 1116 2502 operis
1145 2462 1221 2486 non
1250 2448 1479 2503 Prosper-um
1509 2447 1658 2505 agnosci
1686 2445 1839 2499 debere,
1860 2445 1933 2502 sed
1960 2445 2161 2502 quemdam
2173 2446 2303 2502 sancti
2324 2450 2434 2501 A&v

481 2509 623 2569 gustim’
651 2505 912 2563 adversarium
942 2520 964 2557 ‚·
994 2508 1046 2545 (⁹⁴
1075 2506 1179 2546 omni
1198 2504 1286 2559 fide
1314 2504 1515 2562 indignum
1544 2505 1646 2562 effi,
1676 2506 1743 2561 qui
1771 2506 1941 2563 haeresim
1980 2504 2236 2561 aliquam.„ab
2258 2500 2440 2565 ,Augu-“j

476 2572 578 2626 stino
609 2582 732 2610 ortum
762 2563 935 2622 habuisse
965 2563 1106 2604 dixerit
1138 2580 1147 2606 :
1178 2564 1356 2605 Pitboeus
1384 2577 1511 2606 tamen
1529 2595 1542 2618 ‚
1573 2562 1751 2624 negleiiis
1780 2565 2056 2625 Manuscriptis
2074 2595 2088 2619 ‚
2117 2564 2318 2609 leffionem
2349 2567 2412 2609 Si·-

482 2629 624 2688 geberti
648 2626 848 2685 substituit
880 2641 889 2666 ε
921 2639 1001 2680 quae
1032 2621 1122 2665 licet
1151 2625 1278 2666 minus
1306 2625 1384 2665 odii
1408 2624 1585 2682 scriptori
1614 2623 1788 2667 conciliet
1806 2656 1819 2679 ,
1858 2639 1986 2668 tamen
2026 2640 2093 2667 nec
2122 2625 2204 2684 ipsa
2233 2642 2256 2667 a
2278 2626 2412 2682 sanHo

311 2701 383 2741 pap.
404 2708 449 2737 ²9·
484 2688 666 2747 Prospero
693 2686 848 2746 prodire
878 2681 1069 2725 ullatenus
1094 2684 1246 2744 potuit·
1281 2684 1393 2724 Unde
1422 2686 1538 2726 etiam
1568 2686 1808 2738 Sirmondus,
1837 2687 1938 2740 cujus
1968 2687 2151 2727 intererat
2179 2685 2327 2728 Pitboei
2338 2697 2411 2746 pa-

485 2749 685 2791 trocinium
707 2745 919 2805 suscipero,
949 2757 993 2786 ut
1023 2745 1101 2793 ejus
1130 2759 1240 2799 quem
1273 2744 1437 2800 Haerests
1466 2745 1818 2799 Praedestinatianae
1848 2747 1979 2802 testem
1992 2745 2218 2805 primarium
2238 2745 2411 2806 affumpf

479 2810 606 2865 serat,
627 2806 750 2863 fidem
772 2805 1020 2861 sartatec‘iam
1050 2816 1243 2856 tueretur,
1273 2803 1470 2844 Pitboeum
1500 2805 1570 2846 bac
1598 2806 1639 2846 in
1669 2822 1710 2847 re
1736 2802 1900 2864 'culpare
1938 2807 2080 2847 coafius
2096 2834 2110 2858 ,
2149 2797 2431 2871 confhffusque¹⁸

314 2896 464 2930 Lab’Bibl
487 2869 562 2925 est,
591 2866 637 2908 ab
666 2863 737 2908 illo
768 2866 816 2914 in,
842 2864 1030 2907 Chronico
1053 2863 1122 2919 suo
1147 2863 1261 2918 scribi
1290 2862 1456 2919 debutffe
1476 2893 1489 2916 ,
1527 2864 1593 2907 Ab
1624 2864 1845 2921 Augustino
1875 2880 1890 2903 .·
1930 2877 1974 2906 ut
2011 2865 2142 2923 postea
2167 2881 2193 2909 a
2222 2863 2404 2921 Philippo

318 2919 632 2976 „0v.‘÷0.1.7-2Labbeo
663 2925 806 2967 editum
836 2923 1014 2978 habetur,
1043 2925 1084 2964 in
1115 2920 1354 2964 Bibliotheca
1384 2939 1487 2963 nova
1517 2923 1865 2983 Manuscriptorum
1895 2940 1910 2964 .·
1940 2937 1978 2965 et
1999 2939 2015 2967 t
2043 2921 2115 2965 ille
2144 2924 2163 2980 (
2190 2921 2287 2980 quod
2328 2937 2403 2962 non

316 2978 473 3047 {Jgffi‘jf‘
481 2986 600 3043 facile
629 2986 781 3038 credat,
811 2984 890 3042 nisi
919 2985 987 3040 qui
1016 2980 1153 3041 legerit
1181 2986 1198 3035 )
1227 2982 1373 3025 dubitet
1402 2983 1523 3025 adhuc
1553 2984 1738 3039 numquid
1764 2982 1845 3026 tale
1884 2984 2102 3027 Chronicon
2133 2995 2205 3039 pro
2245 2980 2405 3040 Prospe-

307 3040 421 3093 ,ςεῖιμ
491 3048 593 3087 riano
624 3062 698 3087 non
721 3046 783 3103 fit
812 3043 1105 3104 agnoscendum.
1163 3092 1165 3094 q
2101 3095 2103 3099 ι

313 3097 390 3162 Eget.
406 3104 474 3165 2⁰6}
548 3108 629 3147 Nec
659 3106 794 3160 desunt
825 3092 1137 3162 quibocsoperis
1165 3102 1417 3162 Prosperiano
1445 3104 1591 3145 nomini
1611 3103 1851 3163 suppofitum
1875 3101 2037 3163 putent,
2065 3108 2110 3142 u‘t
2139 3100 2228 3142 inde
2245 3113 2329 3143 tum
2347 3101 2404 3160 ip·

312 3144 420 3213 ζιαῖᾆὲ.
437 3158 548 3221 zise,
577 3179 658 3206 tum
681 3165 833 3218 sane'lus
864 3164 1100 3221 Augustinus
1128 3164 1170 3205 in
1200 3176 1455 3222 contemptum
1486 3164 1535 3206 (Τ
1574 3164 1764 3206 invidiam
1803 3165 1981 3214 venirent
2001 3192 2012 3203 .
2051 3163 2156 3220 Qae
2195 3161 2404 3212 conjectura

314 3224 373 3257 η’
389 3224 453 3252 5¹9·
491 3241 556 3267 nec
577 3222 715 3279 solidis
732 3223 1017 3277 fundamentis,
1047 3238 1114 3264 nec
1138 3222 1418 3282 probationibus
1446 3223 1581 3266 debitis
1610 3224 1730 3266 inniti
1768 3216 1920 3264 videtur
1940 3252 1952 3264 .
1993 3221 2222 3263 Hincmarus
2259 3220 2359 3262 enim
2388 3248 2403 3272 ‚

492 3299 601 3340 quem
632 3282 834 3337 observant
862 3281 911 3323 de
938 3282 1005 3323 hoc
1035 3282 1223 3325 Chronico
1254 3282 1434 3340 tacuiſje,
1463 3296 1531 3324 aut
1559 3279 1660 3324 illud
1681 3278 1846 3338 fortaſj'e‘
1873 3298 1948 3322 non
1978 3295 2141 3322 noverat
2159 3311 2173 3334 ,
2209 3278 2277 3322 aut
2303 3292 2404 3321 certe

492 3360 533 3385 eo
564 3343 622 3384 uti
651 3339 737 3383 aliis
766 3341 814 3383 de
843 3340 975 3398 cauffis
1005 3339 1152 3383 noluit.
1183 3343 1309 3400 Igitur
1338 3343 1455 3399 magis
1477 3354 1643 3401 pronum
1671 3341 1725 3396 est
1754 3340 1899 3382 credere
1919 3371 1932 3395 ,
1970 3354 2036 3382 aut
2067 3338 2216 3382 illud‘a
2244 3339 2432 3398 Prosper-I

494 3419 534 3445 ro
564 3402 724 3457 quodam
747 3400 872 3455 sanfli
901 3399 1081 3460 Prosperi
1106 3403 1243 3459 gratiae
1274 3402 1435 3443 vindicis
1465 3399 1596 3443 aemulo
1627 3398 1888 3442 concinnatum
1917 3417 1939 3454 ;
1971 3413 2062 3453 aut,
2091 3416 2174 3442 cum
2201 3399 2244 3441 in
2267 3399 2403 3459 primis

496 3459 766 3522 exemplaribus
795 3459 961 3516 cujusvis
989 3462 1146 3504 auctoris
1160 3462 1326 3503 -nomine
1354 3474 1519 3515 careret,
1548 3460 1765 3520 impositum
1792 3461 1830 3502 ei
1851 3461 1984 3519 postea
2005 3460 2129 3518 fuiffie
2158 3475 2291 3502 nomen
2309 3458 2404 3553 esan·
2423 3474 2433 3480 ⁴

2341 3529 2359 3551 ,1

301 2188 375 2227 Pap.
396 2195 446 2223 29.

536 3632 552 3651 a
573 3622 619 3653 Sic
638 3621 662 3652 le
686 3622 740 3652 itur
759 3620 847 3652 etiam
870 3621 901 3654 in
924 3621 1125 3662 Manuscripto
1145 3622 1247 3654 codice
1268 3630 1412 3652 annorum
1432 3621 1507 3651 forte
1528 3628 1596 3655 500.
1614 3619 1664 3659 qui
1683 3618 1775 3649 fuerat
1795 3619 1837 3652 V.
1858 3619 1895 3650 C‚
1914 3619 2032 3652 Claudii
2062 3621 2120 3657 Joli
2150 3619 2351 3653 Praecenxorin
2372 3617 2405 3647 δε

497 3661 643 3690 canonici
692 3662 795 3692 cclefiae
816 3663 1056 3703 Metropolitanae
1077 3661 1239 3692 l'arifienfis
1258 3672 1267 3692 :
1290 3662 1386 3700 postea
1406 3671 1476 3692 vero
1495 3670 1531 3691 ex
1551 3664 1612 3694 ejus
1632 3659 1712 3690 dono
1732 3659 1825 3690 fafius
1846 3659 1887 3690 est
1908 3660 2092 3693 Venerabilis
2120 3659 2252 3700 Capituli
2278 3657 2404 3702 eiusdem

497 3700 644 3731 Ecclesiae.
666 3700 702 3730 In
723 3701 781 3732 hoe
798 3703 877 3732 enim
899 3713 917 3734 a
936 3703 1030 3742 prima
1051 3712 1141 3732 manu
1162 3703 1298 3736 habetur,
1319 3702 1356 3731 ab
1376 3701 1526 3741 Augustino
1546 3709 1555 3730 :
1575 3709 1593 3729 a
1610 3698 1759 3738 posteriori
1781 3710 1865 3735 vero,
1886 3698 1917 3730 δε
1938 3701 2079 3733 ειηᾶεῐο
2099 3701 2254 3731 recentiori
2273 3697 2407 3729 substau-

497 3747 561 3770 tum
582 3738 637 3771 est,
657 3738 694 3781 ab
714 3742 860 3779 Augustini
880 3743 963 3772 libris
983 3741 1059 3772 male
1079 3742 1252 3773 intellefiis.
1271 3741 1399 3779 Idipsum
1419 3751 1537 3781 quoque
1557 3739 1635 3780 qual-i
1654 3749 1708 3778 pro
1727 3740 1908 3771 correflione
1930 3749 2063 3772 notatum
2085 3741 2116 3771 in
2139 3744 2200 3770 m‘ar
2223 3739 2269 3770 ine
2279 3737 2408 3771 Ms.san-

497 3778 537 3824 ᾃί
552 3776 691 3849 ἕὲῗὶοῐιε
712 3788 834 3847 persnxsms
855 3781 908 3812 vifi
929 3792 938 3812 :
957 3783 992 3815 δε
1013 3781 1145 3812 fimiliter
1167 3792 1183 3812 a
1205 3791 1293 3812 manu
1315 3781 1469 3813 recentiori
1490 3778 1674 3811 substitutum
1695 3782 1728 3810 in
1749 3779 1861 3812 Codice
1878 3780 2050 3820 oyselliano
2071 3787 2157 3811 notat
2177 3750 2228 3811 Ρὲ.
2251 3776 2380 3811 Labbeus
2397 3796 2409 3814 2

499 3828 530 3850 m
577 3827 585 3849 ι
617 3839 626 3848 .
647 3825 718 3849 nov.
794 3839 802 3847 .
2106 3831 2113 3835 .
2319 3829 2321 3832 .
