2652 4126
448 306 500 344 nae
518 320 642 357 opere,
667 307 721 344 sed
741 305 927 353 magisterio
955 301 1070 338 stimmi
1100 300 1276 337 eruditoris
1300 305 1382 338 acci-

265 359 425 401 1.Cor.3.7.
450 361 557 406 piant,
583 357 651 398 Qui
673 369 774 405 neque
793 354 849 399 qui
864 353 980 399 planat
1003 375 1012 391 ‚
1039 360 1140 394 neque
1159 349 1216 394 qui
1236 350 1324 395 rigat
1335 349 1380 392 est

447 407 582 454 aliquid
589 422 599 446 i
618 407 677 450 sed
701 405 757 450 qui
780 405 1005 436 incrementum
1030 399 1094 432 dat
1118 399 1210 433 Deus
1230 424 1238 433 .
1273 403 1377 437 Omni

448 457 485 495 hi
514 470 534 491 a
558 455 679 503 pusillo
691 452 840 499 usquead
849 461 998 494 magnum
1024 454 1039 470 ⁸
1064 447 1249 493 cognoscunt
1260 450 1378 486 Deum:

259 490 367 549 mensa
378 520 427 551 dat
448 513 525 555 quia
546 518 583 543 ut
603 508 750 544 venirent
767 502 806 538 ad
824 498 1023 542 Christum,
1048 513 1066 536 a
1086 504 1179 535 Patre
1206 500 1378 537 audierunt

255 557 343 589 tretia
353 559 425 600 sape.
447 571 545 606 atque
563 557 770 595 didicerunt,
797 546 813 572 b
833 563 951 587 omnes
971 549 1276 593 eduffiaberrore,
1302 551 1379 587 diri·

254 596 338 631 ³⁶&
354 601 428 632 vesse
445 619 568 653 guntur
589 608 622 639 in
644 607 731 641 viam
750 604 847 648 vitae,
871 599 1028 637 omnibus
1038 600 1140 636 corde
1151 612 1301 643 mutato,
1325 614 1377 636 re·

349 639 367 671 b
445 659 494 691 &a
515 655 622 702 sapere
642 658 675 690 δι
688 653 775 688 reeta
794 650 880 686 velle
900 649 1066 695 donatur,
1089 650 1375 693 omnibustimor‚

349 728 366 747 a:
442 718 510 754 quo
529 709 561 740 in
584 704 743 740 mandatis
763 704 827 738 Dei
847 706 860 722 ⁶
889 700 1101 742 erudiantur,
1126 700 1294 736 inseritur.
1321 704 1375 736 Fit

317 798 321 802 Ι
346 759 364 786 d
440 760 472 791 in
493 755 620 791 deserto
641 756 712 796 via,
739 749 755 774 ‘³
772 756 806 789 &
828 762 913 788 terra
939 751 1026 787 arida
1053 749 1242 787 fluminibus
1267 753 1376 796 irriga-

262 797 421 835 1s‘²¹'43·¹9
439 816 512 843 tur:
542 815 577 839 ut
595 807 652 851 qui
673 806 764 851 prius
786 801 824 838 ad
846 800 1076 837 confitendum
1097 803 1234 843 Deum,
1260 813 1298 835 os
1308 813 1373 836 non

436 852 646 901 aperiebant,
673 857 706 889 &
727 851 927 890 velut'tnuta
946 862 1043 899 atque
1063 849 1297 887 irrationabilia
1308 854 1373 886 ani-

435 904 529 940 malia
549 906 583 940 in
603 902 765 939 feritatem
786 901 1156 939 trafierantbestiarum3
1181 901 1373 937 divinorum

340 963 355 983 e
435 953 648 1002 eloquiorum
660 952 830 990 fontibuse
851 952 1022 995 mundati,
1048 951 1243 988 benedicant
1264 954 1295 986 δι
1308 950 1373 987 lau-

433 1004 513 1040 dent
535 1006 648 1041 Deum
660 1030 672 1049 ‚
698 1013 881 1040 enarrantes
900 1006 1038 1039 virtutes
1056 1006 1090 1038 &
1102 1000 1261 1037 mirabilia
1281 1001 1372 1037 mise—

433 1054 587 1091 ricordiae
608 1056 696 1100 eim,
723 1058 780 1101 qui
802 1053 902 1100 elegit
921 1066 1000 1096 eos,
1026 1056 1060 1089 δε
1078 1055 1111 1087 in
1130 1051 1219 1087 filios
1236 1050 1372 1098 adopta-

432 1106 504 1147 vit,
529 1117 566 1140 ac
584 1108 665 1140 novi
685 1104 887 1141 Testamenti
909 1104 985 1140 fecit
1005 1101 1162 1138 heredes.
1188 1103 1220 1136 Si
1238 1111 1370 1144 autem,

430 1165 467 1189 ut
487 1153 855 1203 Apostolusloquitur,
881 1151 1018 1186 hominis
1037 1150 1255 1193 confirmatum
1275 1150 1369 1192 testa-

428 1215 569 1237 mentum
591 1216 680 1236 nemo
691 1203 817 1249 spernit
840 1211 896 1235 aut
900 1200 1163 1247 superordinat,
1187 1201 1363 1248 quomodo

428 1252 501 1289 fieri
524 1253 654 1300 potest,
679 1264 717 1289 ut
736 1251 853 1290 exulla
864 1262 976 1300 parte,
1002 1250 1114 1287 divina
1127 1251 1297 1297 promiffio
1318 1263 1367 1286 re·

427 1303 595 1340 solvatur?

477 1356 593 1389 Manet
615 1353 748 1400 prorsus
767 1357 802 1390 &
819 1351 970 1399 quotidie
990 1351 1149 1399 impletur
1158 1350 1251 1400 quod
1263 1348 1366 1387 Abra-

426 1401 479 1447 hae
499 1405 669 1440 Dominus
688 1403 755 1439 fine
775 1403 971 1440 conditione
1000 1402 1172 1451 promisit,
1199 1401 1265 1437 fine
1294 1400 1366 1447 lege

324 1470 345 1501 s
426 1453 580 1491 donavit.
609 1457 698 1501 Qia
717 1453 772 1490 etfi
793 1454 929 1501 quidam
949 1452 1069 1501 quibus
1092 1451 1160 1489 haec
1180 1449 1195 1473 f
1213 1451 1366 1498 praedica·

243 1512 385 1551 Rom.3.3.
426 1516 458 1540 ta
486 1504 580 1548 sunt,
606 1516 672 1540 non
699 1504 931 1546 crediderunt,
956 1501 1166 1536 incredulitas
1195 1512 1298 1534 eorum
1321 1500 1365 1543 fi·

426 1554 495 1586 dem
518 1553 583 1588 Dei
602 1566 661 1587 non
689 1553 889 1590 evacuavit.
917 1551 975 1596 Est
999 1552 1083 1586 enim
1115 1552 1207 1586 Deus
1235 1562 1362 1593 verax,

427 1603 528 1637 omnis
547 1614 656 1638 autem
686 1605 773 1639 homo
802 1605 960 1640 mendax.
988 1607 1033 1640 Et
1058 1603 1104 1639 illi
1135 1602 1273 1650 quidem
1304 1604 1363 1649 qui

424 1655 538 1690 audito
558 1655 726 1702 evangelio
735 1656 871 1692 credere
880 1654 1061 1692 noluerunt
1072 1681 1084 1698 ‚
1109 1651 1361 1690 inexcusabilio-

423 1718 472 1741 res
491 1704 567 1740 faeti
591 1706 685 1749 sunt,
710 1719 809 1753 quam
828 1706 850 1742 fi
868 1705 999 1742 nullum
1020 1707 1222 1751 praeconium
1246 1705 1360 1738 verita-

422 1759 464 1790 tis
484 1754 660 1793 audissent.-
688 1756 739 1792 std
759 1768 887 1792 certum
909 1754 977 1797 est,
1002 1768 1058 1790 eos
1076 1753 1164 1802 apud
1195 1752 1360 1800 praescien-

421 1810 501 1843 tiam
524 1809 586 1842 Dei
609 1806 754 1844 Abrahae
774 1807 862 1843 filios
883 1818 950 1841 non
971 1803 1082 1846 fuisse,
1109 1803 1359 1839 necinillorum

244 1877 396 1912 Gen-2631
420 1854 506 1895 sorte
527 1869 737 1901 numeratos,
762 1857 804 1894 de
824 1855 945 1905 quibus
963 1856 1094 1892 dictum
1123 1853 1191 1898 est,
1218 1852 1360 1886 Benedi-

246 1926 293 1952 34·
420 1917 531 1941 centur
549 1908 581 1941 in
601 1907 721 1952 semine
741 1916 795 1940 tuo
816 1919 921 1940 omnes
940 1906 1045 1940 tribus
1065 1914 1178 1938 terrae.
1205 1904 1360 1940 Creditu-

235 1957 314 1995 JONJ
326 1964 404 1994 ¹34-
418 1974 474 1997 ros
492 1963 581 1998 enim
603 1958 754 2006 promifit
773 1962 833 2007 qui
853 1958 961 1999 dixit,
989 1956 1032 1989 Et
1050 1966 1110 1988 mm
1132 1953 1255 1987 docebit
1265 1952 1359 1998 lmus·

419 2009 553 2056 quisque
575 2009 716 2056 fratrem
739 2008 862 2054 suum,
889 2008 1021 2048 decens,
1059 2003 1216 2050 Cognosce
1248 2001 1360 2038 Domi-

419 2072 511 2094 num:
540 2059 615 2106 quia
635 2069 738 2092 omnes
757 2056 962 2104 cognoscent,
990 2067 1039 2088 me
1068 2067 1088 2088 a
1105 2053 1224 2100 pufillo
1252 2064 1360 2087 eorum

418 2110 513 2157 usque
530 2111 576 2144 ad
596 2120 769 2155 magnum.
796 2106 1078 2145 Reconciliandos
1105 2104 1275 2152 promifit‚
1300 2107 1359 2149 qui

239 2154 364 2187 Ibfdffl·
418 2162 526 2202 dixit,
553 2159 721 2203 Propinas
734 2170 785 2191 ero
805 2155 1062 2201 &iniquitatibus
1074 2166 1201 2195 eorum,
1226 2154 1269 2185 (Ὺ
1285 2164 1360 2197 pec-

319 2206 339 2235 g
419 2221 563 2244 catorum
584 2219 690 2240 eorum
711 2214 826 2240 memor
855 2218 915 2238 non
942 2215 1014 2236 ero.
1041 2202 1250 2238 Obedituros
1279 2213 1356 2245 pro-

418 2261 502 2298 mifit
522 2261 579 2307 qui
597 2257 706 2299 dixit,
734 2255 829 2287 Dabo
850 2253 919 2286 iltis
940 2252 1033 2284 viam
1054 2250 1192 2283 alteram
1206 2274 1215 2289 ‚
1243 2250 1286 2281 (9'
1304 2258 1355 2280 tor

417 2302 532 2350 aliud,
558 2316 593 2340 ut
612 2306 750 2339 timeant
770 2315 817 2335 me
843 2313 945 2335 ornnes
975 2301 1064 2333 dees.
1090 2298 1356 2335 Perseveraturos

240 2354 399 2389 [bid-5740·
419 2358 569 2407 promisit
591 2359 647 2406 qui
669 2356 774 2396 dixit,
800 2353 961 2386 Timorem
983 2361 1083 2383 meum
1097 2350 1181 2382 aaoo
1192 2361 1225 2381 m
1245 2360 1298 2382 cor
1309 2360 1355 2380 eo-

240 2404 292 2428 Μ·
418 2421 490 2444 rum
504 2435 514 2450 ‚
541 2419 581 2439 ne
599 2404 770 2451 dtscedant
791 2415 810 2434 a
831 2413 899 2442 me;
927 2399 970 2433 Θ
990 2397 1133 2439 visitabo
1150 2411 1220 2440 eos,
1250 2408 1284 2430 ut
1303 2398 1356 2430 bo-

241 2473 306 2509 1s‚„·‚
330 2480 379 2508 45·
420 2471 475 2494 nos
497 2468 548 2490 eos
561 2455 703 2500 facicm.
730 2450 926 2491 Postremo,
952 2461 1069 2484 omnes
1090 2448 1154 2484 fine
1165 2448 1358 2494 cujusquam

243 2513 329 2550 ²3-<9·
345 2515 400 2551 leq.
419 2518 612 2555 exceptione
632 2500 649 2525 ¹¹
676 2500 821 2552 promisit
840 2503 897 2548 qui
920 2498 1025 2549 dixit,
1051 2498 1116 2530 Per
1142 2498 1359 2542 memetipsum

416 2562 512 2603 juro,
541 2552 598 2593 nili
619 2564 701 2587 exiet
726 2551 766 2585 de
787 2562 839 2584 ore
860 2560 925 2582 meo
939 2547 1070 2591 justitia
1083 2573 1093 2587 ‚
1120 2545 1277 2579 &verba
1290 2557 1357 2578 mea

422 2621 483 2645 non
511 2613 729 2642 avertemur,·
754 2599 834 2647 quia
862 2598 941 2631 mibt
963 2594 1112 2641 fleeietur
1139 2607 1229 2629 omne
1251 2607 1358 2641 genu,

422 2657 464 2691 (J
484 2654 687 2698 confitebitur
705 2651 804 2685 omnis
825 2650 940 2696 lingua
963 2648 1049 2680 Deo.
1078 2650 1143 2683 Hic
1171 2646 1194 2682 fi
1213 2646 1360 2682 dicamus

422 2699 488 2746 non
510 2708 580 2742 fieri
602 2705 693 2751 quod
716 2706 805 2739 Deus
828 2703 944 2746 juravit
966 2696 1024 2734 esse
1045 2696 1252 2739 faciendum,
1279 2696 1359 2732 falfi·

422 2771 522 2796 tatem
545 2760 620 2792 Deo
640 2759 654 2797 (
674 2753 764 2800 quod
787 2751 887 2792 abfit,
913 2751 927 2790 >
945 2753 977 2783 &
990 2748 1195 2783 mendacium
1206 2745 1359 2782 adscribi-

423 2821 498 2846 mus
517 2809 662 2842 veritati.
689 2805 718 2839 Si
741 2814 873 2842 autem,
898 2810 935 2834 ut
956 2803 1056 2845 pietas
1076 2796 1220 2844 fidusque
1233 2795 1358 2843 persua-

425 2858 527 2900 dent,
554 2858 616 2892 Dei
634 2853 729 2889 verba
742 2864 810 2888 non
821 2850 997 2891 excidunt,
1023 2853 1054 2884 δι
1068 2848 1256 2883 fitomnino
1265 2846 1357 2892 quod

425 2908 554 2944 statuit:
579 2904 756 2954 quomodo
775 2901 869 2937 nobis
890 2902 1009 2936 veracis
1031 2896 1361 2945 promiffionisfirmi—

427 2970 473 2995 tas
493 2955 683 3004 apparebit,
710 2966 786 2990 cum
807 2951 909 2988 multa
930 2948 1039 2984 adhuc
1061 2948 1239 2984 hominum
1258 2945 1361 2983 miliia

428 3009 595 3043 daemoniis
625 3005 783 3045 serviant,
808 3006 841 3038 &
871 2999 974 3036 idolis
997 3011 1081 3046 genu
1110 2999 1262 3035 flectant?
1289 2995 1359 3033 Nifi

260 3065 403 3102 Scriptura
429 3056 618 3101 hujusmodi
638 3056 895 3090 denuntiationes
914 3053 978 3086 Dei
1002 3050 1179 3085 secundum
1206 3048 1296 3084 illam
1315 3050 1361 3081 in-

254 3106 381 3145 qumtur
433 3102 704 3142 commutabilem
725 3103 890 3138 scientiam
905 3101 1230 3140 editasnoverimus,
1256 3101 1362 3143 inqua

258 3146 296 3175 de
316 3153 394 3178 ’ΜΝ
433 3170 448 3191 a
474 3157 515 3192 ud
540 3155 633 3190 illum
659 3166 716 3189 iam
738 3149 926 3187 univerfitas
937 3147 1077 3183 humana
1088 3148 1223 3184 discreta
1235 3147 1302 3189 est,
1327 3151 1361 3182 δε

262 3186 398 3256 {132¹}oe
435 3206 498 3240 sive
518 3206 558 3239 de
578 3205 697 3246 bonis,
722 3202 787 3237 five
805 3202 846 3236 de
877 3198 968 3234 malis
998 3197 1175 3243 loquatur,
1202 3201 1245 3233 ita
1269 3202 1364 3233 unius

438 3266 533 3301 partis
552 3258 720 3296 meminit,
746 3251 831 3299 quafi
852 3253 1017 3284 neminem
1036 3246 1211 3284 hominum
1232 3258 1363 3296 praeter-

440 3309 565 3340 mittat.
592 3308 679 3340 Nam
700 3314 775 3339 cum
793 3302 874 3337 dicit
905 3297 1108 3345 Apostolus,
1134 3297 1247 3333 Vetera
1277 3307 1364 3329 tran-

254 3346 418 3380 -²·C⁰''·5·²⁷
431 3353 577 3397 fierunt,
604 3365 669 3386 ecce
685 3350 857 3397 faciasunt
869 3360 973 3383 omma
985 3360 1073 3382 nova
1085 3361 1099 3389 ;
1125 3347 1285 3396 numquid
1296 3361 1363 3384 non

254 1112 352 1150 Gal.3.
365 1122 397 1150 15

234 2276 337 2314 Jerem.
353 2281 398 2310 32.

236 2314 287 2351 [ec.
310 2323 377 2343 Lxx.

245 2670 311 2703 Vide
321 2672 402 2700 Rom.

249 2720 293 2746 Μ.
314 2720 346 2741 11.

478 3462 495 3481 a
516 3452 571 3481 Mi.
594 3452 648 3486 Jol.
671 3450 846 3490 cognoscent.

478 3492 497 3520 b
518 3491 644 3526 Quidam
665 3501 708 3520 vir
729 3490 830 3520 defixis
849 3488 1002 3529 suspicatus
1023 3487 1061 3517 est
1076 3485 1248 3527 legendum,
1270 3495 1362 3515 omnes

439 3531 542 3563 edob'lt,
563 3529 599 3560 ab
620 3542 705 3560 errore
726 3532 908 3570 diriguntur-

482 3581 496 3600 c
521 3571 584 3599 ΜΠ.
604 3571 708 3601 Camb.
730 3571 757 3601 62
781 3570 825 3606 jol
856 3568 1062 3606 custodiantur,
1084 3566 1113 3597 &
1135 3565 1210 3596 roz-sse
1230 3564 1361 3605 quidem.

480 3610 497 3639 d
523 3611 576 3639 Ms.
598 3611 642 3646 Jol
675 3612 712 3642 Φ·
734 3620 792 3639 tota
814 3611 916 3638 arida.

482 3659 497 3677 e
521 3649 577 3682 ΜΓ.
600 3651 655 3685 JoL
677 3652 830 3679 inundati.
860 3649 971 3678 Deinde
993 3646 1076 3678 Editi
1094 3666 1103 3681 ,
1130 3645 1298 3675 benedicunt
1325 3643 1364 3674 (9·

443 3688 580 3756 {fudam-
603 3690 657 3719 Ms.
679 3691 734 3726 Jol.
755 3689 784 3719 ἃ
805 3699 892 3728 opera
914 3689 1038 3722 Leonis,
1059 3687 1223 3716 benedicant
1244 3689 1281 3715 (9⁶
1302 3683 1363 3712 lau-

464 3737 572 3799 eztivis.
601 3768 706 3800 camb.
723 3767 869 3807 praedifia:
889 3766 919 3797 δε
939 3766 1014 3797 infra
1031 3785 1041 3801 2
1069 3764 1254 3796 incredulitas
1274 3773 1368 3794 tamen

446 3818 538 3839 eorum
546 3831 556 3840 .
722 3823 723 3826 ’

486 3859 505 3888 g
528 3848 583 3881 Ms.
603 3849 659 3884 Jol.
681 3848 775 3883 addit,
797 3844 940 3876 omnibus.

650 211 762 272 DE
828 219 1320 269 vocATmNE
1378 220 1728 267 OMNIUM
1785 220 2182 268 GENTIUM

1440 315 1554 338 omnes
1573 300 1726 337 homines
1741 300 1877 336 videtur
1892 300 2004 338 dixiss'e
2012 314 2206 343 renovatos3
2230 315 2284 343 aut
2294 318 2372 343 cum

1440 353 1520 388 dicit
1532 379 1543 395 ,
1569 351 1654 393 qu'a
1676 350 1709 383 in
1726 349 1795 395 ipso
1815 350 2002 397 complacuit
2011 363 2131 386 omnem
2137 353 2371 400 plenitudinem
2387 363 2547 404 c010ffi2.19

1440 401 1609 443 habitare,
1637 399 1679 433 (9³
1696 409 1756 445 per
1774 399 1874 444 ipsum
1892 401 2095 436 reconciliari
2113 403 2218 438 omnia
2236 405 2271 438 in
2291 405 2368 451 ipfii3

1438 449 1449 474 i
1467 452 1628 498 numquid
1648 462 1715 485 non
1733 453 1780 485 ita
1796 449 1965 498 loquitur,
1991 452 2078 500 quafi
2098 457 2261 492 neminem
2286 456 2367 495 velit

1440 501 1602 538 exsortem
1622 500 1719 544 hujus
1739 500 2012 538 reconciliationis
2038 503 2199 551 intelligi?
2223 515 2279 542 aut
2293 518 2372 545 cum

1439 554 1505 594 ait,
1531 548 1717 593 Novtffimis
1736 549 1804 590 estis
1824 549 1937 584 diebus
1955 551 2080 586 locutus
2100 551 2145 594 est
2162 552 2252 588 nobis
2262 554 2298 588 in
2318 555 2373 590 Fi·
2391 562 2527 596 fleam..

1439 601 1505 641 lio,
1532 612 1624 646 quem
1642 598 1804 641 constituit
1831 598 1976 635 heredem
2003 603 2250 650 universorum;
2277 617 2373 644 num-

1436 650 1517 697 quid
1536 650 1624 687 ali'ud
1643 649 1734 686 sonat
1754 649 1857 686 forma
1868 649 2050 696 sententiae,
2075 666 2174 701 quarn
2186 667 2299 691 omnes
2308 655 2372 694 ho—

1437 705 1538 737 mines
1557 704 1588 735 in
1607 699 1734 736 Christi
1754 697 1935 737 hereditate
1963 715 1981 739 a
2010 707 2104 740 Patre
2133 703 2192 741 effe
2223 706 2371 746 transcri—

1437 762 1511 799 ptos
1523 776 1535 794 ‚
1556 750 1735 787 secundum
1749 748 1956 798 prophetiam
1967 754 2077 790 David
2089 780 2102 798 ,
2119 755 2281 798 dicentis,
2307 755 2372 791 Po-
2387 761 2528 801 Psat.2.8.

1430 800 1518 842 stulu
1540 812 1561 833 a
1580 811 1647 841 me,
1673 799 1716 832 (θ’
1736 799 1821 833 dabo
1839 798 1902 833 tibi
1913 810 2026 846 gentes
2045 802 2258 838 hereditatem
2269 814 2371 850 tuam,

1435 852 1477 884 δ’
1493 848 1698 896 poffeffionem
1718 857 1805 882 tuam
1825 851 1973 885 terminos
1990 861 2102 890 terraer
2125 852 2296 893 Dicenteik
2313 868 2370 894 au.

1434 914 1502 937 tem
1521 903 1697 942 Domino,
1724 899 1749 932 S
1751 898 1765 932 i
1781 897 1949 933 exaltatus
1971 901 2065 947 fuero
2084 916 2107 936 a
2125 915 2234 948 terra,
2260 906 2370 940 omnia

2451 446 2465 476 ί

1434 949 1564 985 trabam
1585 950 1629 983 ad
1646 960 1715 990 me;
1741 962 1851 985 nonne
1877 952 2106 990 universorum
2132 955 2262 992 videtur
2290 969 2368 1004 pro-

1431 999 1517 1038 missa
1538 999 1731 1037 converfio?
1756 1011 1811 1037 aut
1831 1012 1908 1036 cum
1925 1001 1967 1037 de
1984 1003 2126 1040 Ecclesia
2145 1004 2367 1053 prophetatur

1431 1056 1465 1089 &
1484 1052 1628 1095 dicitur,
1651 1049 1763 1083 Omnis
1773 1048 1880 1083 vallis
1889 1051 2086 1096 replebitur,
2112 1053 2266 1088 &omnis
2278 1067 2366 1090 mons

1431 1102 1475 1135 (9⁶
1492 1100 1585 1136 collis
1606 1099 1853 1140 humiliabitur,
1877 1101 1921 1135 (9·
1940 1112 2032 1135 erunt
2049 1112 2162 1148 prava
2181 1103 2215 1137 in
2225 1105 2362 1149 diretta,

1428 1151 1471 1186 Θ
1490 1150 1604 1198 aspera
1622 1149 1656 1184 in
1686 1149 1763 1183 vias
1781 1148 1927 1195 plana55
1951 1154 2115 1201 numquid
2145 1154 2229 1192 ullus
2246 1154 2364 1192 vhomi.

1427 1216 1506 1240 num
1531 1201 1662 1238 videtur
1681 1197 1834 1242 omilim,
1861 1204 1994 1248 quinon
2005 1203 2200 1249 fignificatus
2209 1205 2246 1242 fit
2257 1205 2364 1244 Chri-

1427 1252 1480 1289 sto
1497 1250 1556 1288 ess'e
1576 1251 1785 1288 subdendus?
1812 1250 1905 1295 Quid
1924 1265 2000 1289 cum
2018 1253 2161 1299 dicitur,
2187 1256 2232 1289 Et
2249 1257 2363 1290 veniet

1427 1302 1528 1336 omnis
1544 1313 1618 1335 caro
1638 1300 1672 1336 in
1693 1298 1853 1347 conspefilu
1876 1311 1962 1345 meo,
1987 1313 2022 1335 ut
2039 1303 2219 1339 adorentin
2229 1305 2361 1352 Jerusa-
2379 1318 2541 1357 1s'„‚⁶⁶‚18,

1426 1352 1487 1386 lem
1499 1378 1509 1395 ,
1536 1350 1615 1385 dicit
1633 1350 1818 1386 Dominus?
1843 1362 1899 1387 aut
1918 1351 2021 1397 illud,
2048 1354 2092 1386 Et
2114 1355 2176 1388 erit
2194 1355 2228 1389 in
2247 1355 2362 1390 diebus
2373 1359 2540 1396 joanas.

1425 1401 1516 1445 illis,
1541 1399 1706 1446 effundam
1726 1400 1766 1434 de
1784 1399 1914 1446 Spiritu
1942 1414 2007 1435 meo
2018 1404 2117 1449 snper
2147 1416 2268 1438 omnem
2291 1418 2363 1440 car·
2379 1398 2542 1438 mumq-

1427 1464 1495 1487 mm
1508 1456 1527 1486 ,2
1552 1463 1608 1488 aut
1627 1450 1733 1494 illud,
1758 1450 1897 1484 Allevat
1921 1452 2082 1487 Dominus
2098 1466 2203 1488 omnes
2221 1467 2276 1499 qut
2296 1468 2363 1489 cor.

1426 1512 1544 1545 ruunt,
1572 1501 1615 1535 (9¹
1634 1500 1732 1546 erigit
1758 1512 1861 1534 omnes
1887 1502 1998 1547 elrjos:
2027 1505 2189 1553 numquid
2219 1518 2287 1542 non
2316 1509 2363 1545 ita

1424 1556 1676 1603 pronuntiatum
1695 1550 1741 1587 est
1757 1551 1846 1599 quasi
1863 1550 1903 1589 ab
1924 1553 1993 1591 hoc
2011 1557 2075 1592 Dei
2095 1568 2232 1593 munere
2263 1568 2378 1594 nemo

1423 1604 1581 1642 discretus
1598 1602 1658 1639 fit?
2364 1647 2369 1649 ‘

1472 1653 1583 1691 Habet
1602 1665 1684 1700 ergo
1710 1651 1856 1701 populus
1883 1657 1949 1692 Dei
1976 1655 2220 1705 plenitudinem
2249 1657 2359 1696 suam:
2379 1679 2535 1714 Plenitudo

1421 1709 1455 1742 δι
1475 1707 1625 1754 quamvis
1646 1715 1762 1750 magna
1783 1715 1855 1751 pars
1875 1703 2051 1743 hominum
2064 1707 2212 1745 fiilvantis
2223 1712 2359 1755 gratiam
2378 1721 2537 1752 &univer-

1421 1768 1478 1793 aut
1498 1753 1632 1803 repellat
1649 1765 1705 1790 aut
1725 1753 1884 1801 negligat,
1909 1758 1942 1791 in
1961 1756 2072 1793 eleetis
2091 1769 2199 1795 tamen
2221 1763 2255 1795 &
2276 1772 2354 1807 prae·
2376 1760 2443 1792 ficas
2461 1762 2518 1792 ele·

1419 1807 1506 1843 scitis
1518 1832 1527 1848 ‚
1554 1816 1651 1852 atque
1668 1802 1710 1841 ab
1729 1807 1883 1841 omnium
1899 1807 2095 1852 generaliter
2120 1808 2264 1845 discretis
2291 1808 2361 1858 spe·
2378 1800 2511 1833 fimum·

1421 1857 1508 1893 cialis
1531 1855 1678 1903 quaedam
1689 1853 1838 1891 censetur
1850 1856 2056 1901 univerfitas,
2081 1859 2168 1895 utde
2178 1870 2362 1896 totomun-

1420 1909 1467 1944 do
1487 1919 1575 1943 totus
1593 1905 1739 1942 mundus
1759 1904 1938 1950 liberatus,
1963 1912 1997 1944 &
2017 1908 2058 1945 de
2075 1909 2231 1946 omnibus
2249 1908 2362 1946 homi-

1420 1957 1518 1994 nibus
1537 1968 1653 1992 omnes
1681 1954 1833 1992 homines
1864 1957 2038 1994 videantur
2068 1958 2232 2007 assumpti.
2269 1962 2363 1997 Sicut
2417 1992 2420 1993 ν

1421 2011 1520 2044 etiam
1542 2019 1620 2043 cum
1638 2006 1679 2041 de
1707 2009 1815 2054 impiis
1847 2007 1954 2043 sermo
1983 2008 2053 2052 est,
2080 2013 2124 2046 ita
2153 2010 2364 2047 locutionem

1421 2058 1512 2095 suam
1530 2058 1663 2093 divinus
1684 2055 1776 2092 stilus
1793 2057 1948 2099 ordinat,
1973 2070 2011 2094 ut
2030 2071 2066 2094 ea
2085 2072 2159 2105 quae
2168 2059 2363 2105 ‹ie-quadam

1422 2120 1514 2155 parte
1534 2107 1712 2146 dicuntur,
1738 2105 1778 2139 ad
1800 2117 1916 2139 omnes
1936 2104 2092 2141 homines
2120 2110 2286 2152 pertinere
2313 2108 2364 2141 vi-

1419 2158 1576 2191 deantur:
1605 2151 1707 2187 veluti
1718 2151 1764 2185 est
1779 2151 1862 2187 illud
1883 2153 1974 2198 quod
1983 2157 2030 2188 ait
2047 2156 2191 2195 Ioannes
2202 2154 2362 2204 Baptista,

1415 2203 1485 2243 Qyi
1504 2206 1544 2233 de
1561 2200 1636 2233 caelo
1655 2207 1771 2240 vemt,
1792 2199 1891 2245 super
1921 2212 2025 2235 omnes
2056 2203 2122 2244 est:
2148 2208 2236 2251 guod
2265 2204 2361 2238 vidit
2370 2199 2538 2237 Joaen,3.32·

1416 2251 1460 2285 (J
1477 2248 1613 2284 audivit
1635 2247 1823 2291 testificatur
1837 2274 1847 2291 ,
1874 2249 1917 2282 &⁶
1937 2249 2150 2291 testimonium
2179 2256 2250 2297 ejus
2269 2265 2361 2288 nemo

1417 2299 1557 2346 accipit.
1583 2303 1654 2336 Aut
1674 2298 1757 2334 illud
1780 2299 1962 2345 Apostoli,
1986 2301 2103 2335 Omnes
2122 2314 2194 2349 quae
2208 2303 2265 2347 sua
2275 2316 2359 2349 quae-

1418 2360 1495 2384 runt
1506 2375 1516 2392 ‚
1543 2361 1601 2382 '¹⁰⁷¹
1620 2360 1689 2395 ΨΜ
1704 2347 1727 2389 J
1730 2346 1780 2392 esu
1802 2350 1942 2391 Christi.
1969 2354 2042 2388 Aut
2060 2352 2143 2389 illud
2163 2354 2258 2402 quod
2276 2353 2359 2391 Pffii-
2378 2355 2486 2398 PhIIJp.
2509 2367 2539 2389 ι.

1418 2414 1490 2438 mus
1511 2399 1689 2438 Davidicus
1710 2401 1821 2442 canit,
1846 2398 2005 2434 Dominus
2031 2401 2071 2435 de
2097 2401 2173 2438 caelo
2196 2403 2360 2450 prospexit
2377 2407 2424 2426 ²¹·

1413 2453 1508 2496 Juper
1522 2451 1610 2493 filios
1631 2448 1793 2482 hominum
1806 2475 1816 2491 ,
1843 2458 1879 2482 ut
1899 2447 2020 2483 videat
2031 2449 2066 2491 fi
2087 2451 2130 2494 est
2149 2453 2337 2498 intelligens
2349 2477 2361 2496 ,
2377 2436 2537 2475 Ps‘¹'¹3‘3'

1422 2509 1478 2533 aut
1498 2510 1665 2544 requirens
1677 2498 1785 2530 Deum
1799 2521 1808 2530 .
1835 2499 1950 2530 Omnes
1961 2498 2219 2534 declinaverunt
2229 2528 2241 2545 ,
2258 2501 2360 2543 simul
2371 2475 2479 2520 (yseq‘

1421 2550 1548 2581 inutiles
1569 2545 1651 2590 fasti
1667 2545 1772 2591 sunt,
1799 2557 1859 2578 non
1880 2545 1925 2586 est
1944 2547 2002 2592 qui
2015 2548 2126 2594 faciat
2136 2550 2271 2595 bonum,
2297 2564 2361 2586 nm

1420 2596 1462 2639 esi
1482 2596 1576 2642 usque
1595 2596 1641 2629 ad
1659 2607 1754 2629 unum
1767 2621 1775 2629 .
1802 2598 1865 2632 His
1884 2600 1988 2644 igitur
2005 2602 2039 2635 δι
2058 2598 2361 2648 aliisdocumentis,

1419 2661 1492 2697 quae
1513 2644 1642 2695 possunt
1662 2645 1702 2682 ab
1720 2647 1959 2695 inquirentibus
1980 2651 2205 2690 nurnerofiora
2233 2653 2361 2701 profer-

1421 2713 1446 2735 ri
1459 2725 1470 2742 ,
1497 2710 1564 2733 non
1594 2695 1694 2733 dubie
1721 2696 1965 2735 demonstratur
1983 2725 1996 2742 ,
2031 2703 2201 2740 interdum
2231 2707 2264 2739 δι
2295 2716 2361 2751 pro

1422 2760 1511 2796 parte
1531 2760 1621 2784 terrae
1640 2760 1775 2783 omnem
1796 2759 1940 2792 terram,
1966 2754 2001 2785 &
2029 2764 2091 2797 pro
2119 2764 2211 2800 parte
2241 2754 2359 2790 mundi

1419 2810 1530 2834 totum
1551 2797 1734 2839 mundum,
1759 2801 1792 2832 δι
1822 2810 1885 2844 pro
1906 2810 1998 2846 parte
2028 2799 2210 2840 hominum
2239 2815 2356 2839 omnes

1420 2848 1572 2884 homines
1592 2849 1773 2882 nominari.
1802 2850 1961 2894 Qorum
1980 2861 2088 2887 tamen
2124 2853 2356 2889 discretionem

1421 2898 1618 2946 plerumque
1636 2899 1801 2944 Scriptura
1817 2894 1827 2918 ¹
1848 2903 1917 2934 cito
1932 2904 2058 2947 aperit,
2084 2914 2121 2938 ut
2131 2901 2235 2937 sensus
2244 2900 2354 2948 legen-
2441 2910 2452 2942 1

1421 2953 1462 2985 tis
1480 2948 1520 2984 ab
1537 2945 1752 2984 universitatis
1773 2947 2016 2996 appellatione,
2041 2951 2080 2987 ad
2091 2961 2213 2998 partem
2223 2956 2362 2999 quaein·‘
2373 2952 2530 2991 1·C⁰r·1·23

1423 2998 1597 3039 telliuenda
1617 2996 1663 3033 est
1682 2997 1892 3034 transferatur
1904 3027 1912 3035 .
1939 3003 2029 3036 Sicut
2048 2999 2095 3035 est
2113 3000 2195 3036 illud
2207 3000 2356 3049 Aposto-

1423 3051 1444 3085 li
1474 3049 1632 3090 dicentis,
1668 3046 1888 3082 Praedicamus
1907 3048 2012 3094 Jesum
2041 3047 2204 3091 Christum
2230 3051 2355 3095 crucifi-

1423 3110 1520 3140 xum,
1540 3097 1665 3138 Judaeis
1686 3096 1814 3141 quidem
1828 3097 2042 3143 scandalum,
2063 3099 2214 3144 gentibus
2242 3111 2355 3136 autem

1416 3149 1614 3191 stultitiam,
1640 3145 1717 3193 ipsis
1737 3159 1816 3181 vero
1836 3147 1959 3181 voeatis
1971 3147 2096 3188 Judaeis
2115 3158 2214 3196 atque
2233 3151 2355 3185 Graecis

1425 3198 1587 3239 Christum
1606 3197 1670 3231 Dei
1691 3196 1846 3230 virtutem
1866 3195 1909 3229 (J
1927 3197 1995 3230 Dei
1999 3197 2216 3244 sapientiam.
2245 3205 2355 3238 Num·

1425 3249 1506 3297 quid
1525 3248 1634 3295 ipsism
1652 3246 1696 3282 est
1716 3244 1870 3282 Christus
1890 3250 1993 3284 virtus
2010 3248 2130 3295 quibus
2149 3251 2355 3295 scandalum,
2422 3276 2451 3298 m

1424 3311 1478 3336 aut
1501 3298 1573 3346 ipsis
1601 3297 1751 3343 sapientia
1779 3295 1899 3342 quibus
1926 3296 2082 3335 stultitia?
2107 3301 2168 3336 Sed
2197 3305 2356 3348 quoniam

1424 3349 1559 3398 quidam
1583 3352 1600 3369 ¹²
1624 3358 1664 3381 ex
1685 3345 1756 3393 ipfis
1780 3345 2036 3391 justificabantur
2047 3349 2133 3394 fide,
2158 3351 2292 3399 quidam
2303 3365 2357 3389 au·
2433 3357 2454 3377 ¹²

2238 3413 2307 3438 tem

2377 1079 2541 1118 Joan.¹1.31

2380 1120 2483 1158 Ila.4o.
2494 1131 2524 1157 4.

1461 3447 1481 3477 h
1503 3445 1592 3476 Forte
1613 3442 1795 3478 addendum,
1812 3444 1866 3482 stoi
1887 3445 2074 3484 obſscuturos.

1465 3488 1472 3515 i
1496 3488 1530 3515 In
1562 3483 1686 3519 Ms.101
1729 3485 1803 3514 deest
1835 3486 1882 3514 iiic
1910 3489 2071 3526 numquid.
2099 3487 2164 3519 Post
2193 3498 2358 3532 pauca—pro

1424 3526 1553 3565 exfhrtem
1566 3545 1573 3552 .
1591 3524 1766 3554 camberon.
1792 3525 1847 3554 Mi.
1868 3535 2017 3556 extorrem.

1463 3576 1479 3595 κ
1501 3565 1548 3594 Sic
1564 3564 1635 3610 'Mffi
1655 3564 1760 3594 Camb.
1782 3564 1812 3594 δε
1831 3565 1887 3600 Jol.
1909 3566 1939 3596 ὅ(
1961 3568 2030 3599 edit·
2054 3567 2182 3600 Leonis.
2203 3570 2281 3602 Alii.
2299 3568 2356 3600 Di·

1425 3615 1503 3635 cente
1523 3615 1614 3633 enlm.

1463 3644 1471 3674 l
1494 3647 1529 3675 In
1565 3643 1614 3673 Ms
1640 3643 1760 3679 Jolienfi
1782 3654 1843 3675 non
1865 3645 1903 3675 est
1926 3656 1983 3677 vox
2005 3647 2083 3684 haec,
2103 3649 2176 3678 cito.

1453 3695 1494 3731 *tn
1517 3683 1645 3714 Verbum
1667 3684 1877 3715 substantivum
1899 3686 1934 3724 eli
1955 3686 2085 3718 addimus
2106 3688 2274 3726 exeditione
2284 3689 2359 3720 Leo-

1431 3735 1492 3755 nis·
1822 3740 1826 3746 ⁴

1471 3773 1489 3794 n
1511 3763 1558 3793 sic
1580 3762 1644 3792 ΜΠ.
1666 3763 1769 3794 Canib.
1792 3763 1823 3795 &
1844 3765 1899 3801 Jol.
1921 3764 1952 3796 δε
1972 3766 2043 3797 edit.
2064 3767 2187 3798 Leonis.
2209 3767 2289 3798 Editi
2307 3778 2360 3799 no-

1428 3803 1479 3876 ίὶτί
1498 3823 1505 3838 ,
1534 3815 1566 3832 ex
1588 3804 1686 3843 eisdem
1705 3804 1927 3843 justificabuntur
1941 3805 2000 3844 fide
2019 3808 2137 3848 quidam
2156 3827 2165 3837 .
2186 3827 2193 3835 -
2216 3829 2222 3837 .
2243 3807 2361 3840 obdura·

1452 3853 1551 3875 untur.
