2652 4126
636 217 967 284 INCERTl
1023 229 1409 280 AucToR1s
1464 217 1842 277 CARMEN.

284 316 380 380 585
422 347 457 378 ,,
496 311 619 365 Non
658 309 764 382 plus
797 314 1008 380 accepit,
1044 327 1195 379 quam
1231 307 1454 378 peffimus
1479 328 1507 370 -3
1546 328 1678 379 aequa
1713 315 1919 365 creantis

418 418 454 448 ‚‚
494 380 727 437 Mensura
763 380 853 438 est,
890 399 990 439 uno
1022 385 1108 448 qui
1145 378 1330 435 lumine
1367 378 1575 432 luminat
1611 398 1806 438 omnes,

417 449 515 504 Sed
555 450 796 509 mundum
831 446 1022 518 ingreffi
1059 453 1200 505 variis
1237 465 1393 500 rerum
1430 445 1674 518 speciebus

416 516 728 590 Su‘sqipimur,
763 535 1079 586 mente-mque
1114 516 1299 573 adeunt
1337 537 1651 588 quaecumque
1688 518 1937 590 videntur,

421 588 613 658 Iudicio
647 585 884 642 censenda
922 588 1138 642 hominis
1175 609 1185 640 :
1225 585 1349 641 stant
1384 587 1604 657 undique
1643 585 1809 641 formae

282 678 379 728 590
420 662 714 719 Innumerae,
749 656 1042 727 possuntque
1078 675 1249 711 omnes
1286 654 1553 726 spestando
1588 657 1810 731 probari.

415 727 654 797 Qiaedam
690 734 843 786 etiam
878 726 1068 798 patulas
1105 733 1287 780 intrant
1323 726 1494 796 stipata
1530 745 1616 797 per
1651 747 1813 785 aures,

413 797 616 858 Error-es
653 812 873 853 veterum
910 795 1202 854 studiorum,
1238 802 1288 851 &
1326 814 1449 850 vana
1488 812 1744 866 parentum

411 866 699 934 Dogmata,
733 887 847 924 cum
883 863 1251 938 quodamsuco
1286 863 1577 920 ostentantia
1615 873 1740 919 veri.

411 936 538 988 Haec
573 936 826 998 modulata
863 934 982 990 sono
1017 941 1245 989 veniunt,
1280 933 1380 986 haec
1417 941 1442 977 ss
1477 934 1612 987 laevia
1650 938 1813 990 tacC'tua

277 1025 375 1075 595
414 1008 543 1061 Haec
579 1005 772 1059 blandis
807 1007 904 1060 late
939 1003 1213 1064 funduntur
1248 1001 1503 1062 odoribus,
1538 1002 1620 1057 illa

411 1074 696 1130 Conciliant
734 1085 888 1132 varias
924 1082 975 1129 in
1010 1075 1148 1128 mille
1185 1072 1430 1143 saporibus
1464 1067 1615 1127 escas.

408 1146 614 1214 Magno
629 1166 767 1215 ,vergo
802 1147 901 1202 haec
938 1146 1132 1200 homini
1169 1140 1276 1197 sunt
1314 1139 1631 1198 discernenda
1669 1142 1874 1213 periclo:

407 1217 494 1268 Ne
529 1221 745 1276 nimium
767 1215 998 1288 ⁴trepidus
1035 1211 1226 1268 nullum
1265 1213 1498 1283 procedat
1535 1219 1586 1268 in
1624 1232 1816 1286 aequor3

409 1285 527 1338 Neu
564 1304 720 1353 vagus
749 1285 918 1349 effusis
951 1282 1053 1337 fine
1089 1284 1199 1350 lege
1235 1279 1414 1336 feratur
1450 1282 1678 1341 habenis.

272 1359 368 1409 600
403 1355 493 1411 Est
527 1360 710 1408 etenim
748 1350 942 1408 sanetus
976 1372 1138 1406 rerum
1174 1348 1304 1410 usus,
1341 1370 1489 1421 quem
1527 1352 1812 1407 cohibentes
1868 1362 1872 1367 '

404 1427 543 1478 Intra
576 1424 785 1484 modum
822 1429 1040 1478 numeri,
1075 1428 1126 1476 δι
1162 1437 1475 1475 momentum
1514 1421 1745 1491 ponderis
1781 1429 1918 1493 aequi,

408 1496 503 1547 Pro
538 1493 728 1547 cund'cis
763 1490 850 1549 soli
887 1495 1121 1546 Domino
1156 1490 1422 1546 reddemus
1458 1491 1723 1545 honorem..

404 1565 592 1618 Omnia
628 1581 732 1630 quae
766 1560 884 1617 fecit
923 1561 1053 1615 bona
1091 1560 1266 1625 valde,
1302 1577 1354 1614 ut
1392 1581 1494 1617 non
1532 1568 1766 1619 vitiorum

408 1634 692 1694 Incentiva2
727 1628 810 1687 sed
845 1646 901 1684 ut
937 1628 1129 1701 superas
1165 1650 1450 1703 caperemus
1486 1637 1539 1685 in
1575 1631 1699 1688 illis,

268 1705 365 1767 605
407 1704 516 1757 Hic
553 1701 801 1756 decertato
835 1707 1035 1757 virtutis
1069 1720 1254 1768 agone,
1288 1719 1517 1756 coronas«

401 1772 492 1823 An
529 1770 621 1824 tibi
656 1770 861 1832 caelestes
885 1769 995 1826 illi,
1030 1789 1153 1840 quos
1192 1768 1394 1839 protulit
1431 1768 1588 1833 orbiS‚

403 1839 622 1909 Fertque
658 1837 775 1894 viri,
808 1858 910 1898 non
949 1839 1049 1894 haec
1085 1838 1265 1893 eadem
1300 1835 1525 1892 tolerasse
1563 1836 1819 1902 videntur,

400 1909 523 1977 Qae
558 1915 772 1979 patimur
807 1915 830 1962 ἓ·
863 1920 1029 1961 motus
1064 1913 1244 1965 animi,
1279 1903 1581 1976 affectusque
1618 1907 1845 1972 rebelles,

396 1978 470 2030 Et
506 1977 833 2040 circumieC’tis
870 1982 992 2032 vitia
1026 1983 1368 2045 oppugnantia
1402 1976 1593 2029 castris?

262 2051 365 2096 610
398 2043 498 2098 Sed
536 2044 902 2109 gladifflverbi,
940 2042 1160 2111 fideique
1196 2044 1412 2100 umbone
1443 2051 1635 2114 potenti

398 2112 683 2164 Vincebant
717 2129 858 2169 arcus
881 2110 1228 2175 tenebrarum,
1264 2121 1316 2171 ὅζ
1351 2112 1532 2182 spicula
1570 2120 1768 2168 mortis:

396 2181 633 2254 Cumque
670 2197 797 2248 opus
835 2179 933 2232 hoc
967 2178 1147 2239 mundi
1184 2199 1426 2246 magnum
1462 2182 1786 2251 pulcrumque
1825 2183 2048 2241 viderent
2060 2204 2079 2251 3

396 2251 524 2303 Non
562 2267 719 2303 mare,
755 2268 857 2302 non
893 2247 1087 2309 caelum,
1122 2266 1222 2300 non
1262 2255 1456 2315 ignem,
1490 2266 1574 2302 aut
1611 2250 1766 2305 sidera
1802 2253 1921 2317 caeli,

397 2321 521 2389 Qae.
554 2336 762 2372 numero
797 2315 1014 2382 subiecta
1046 2315 1160 2374 fibi,
1199 2315 1397 2387 visuque
1432 2319 1690 2378 tenebant,

263 2398 362 2457 6ι5
402 2386 824 2457 Suspexere.‚2deos
858 2409 872 2441 z
907 2406 1063 2443 unum
1099 2393 1290 2442 ratione.
1322 2389 1580 2454 magistra2

399 2458 682 2509 AuCtorem
715 2464 768 2515 δε
804 2458 1093 2517 Dominum
1129 2475 1320 2515 rerum,
1352 2474 1453 2508 non
1490 2454 1623 2523 sadra
1658 2457 1900 2510 colentes.

401 2527 481 2577 At
516 2537 571 2574 tu
607 2523 821 2576 nobilius
856 2530 943 2592 qui
979 2521 1170 2575 fastum
1208 2537 1261 2572 te.
1296 2521 1550 2586 voluisses,

397 2589 668 2659 Numquid
691 2590 1015 2656 infla-ngelico
1051 2586 1181 2647 satus
1214 2587 1389 2639 ordine
1424 2606 1525 2640 non
1561 2599 1855 2659 querereris?

399 2662 541 2715 Nam
576 2678 689 2713 cum
727 2656 811 2718 ille
846 2653 1037 2712 excelso
1072 2655 1293 2720 dejectus
1332 2654 1535 2710 Lucifer
1568 2679 1658 2714 axe

268 2739 368 2786 620
401 2729 726 2791 Conciderit²
756 2732 1004 2797 fueritque
1039 2725 1125 2777 illo
1163 2743 1272 2792 pars
1307 2732 1448 2778 tertia
1486 2726 1623 2794 pulso

401 2799 697 2860 Astrorumx
761 2814 882 2850 uaero
917 2802 968 2846 in
1005 2810 1219 2862 quanam
1256 2809 1372 2848 tunc
1408 2812 1545 2865 parte
1579 2795 1776 2856 fuisses?

399 2869 550 2921 Clara
589 2868 697 2920 Dei
829 2882 919 2932 per
954 2863 1191 2925 bonitatis
1225 2868 1396 2929 imago
1432 2885 1679 2932 maneres,

401 2941 494 2992 An
529 2936 679 2997 castra
713 2934 910 2989 invidiae
945 2931 1207 3004 sequereris
1239 2938 1288 2986 &
1325 2941 1523 3000 agmina
1559 2938 1758 2993 nod'tis?

469 3008 572 3060 SED
608 3025 707 3075 quo
744 3020 793 3066 te
831 3022 1037 3075 praeceps
1074 3008 1199 3071 rapit
1236 3002 1391 3058 orbita
1431 3008 1448 3054 ?
1488 3006 1594 3058 Vis
1618 3006 1775 3063 bonus
1809 3010 1910 3063 effe

268 3085 363 3144 625
407 3073 609 3145 Absque
645 3074 808 3127 labore
844 3090 937 3128 tuo
967 3077 986 3126 ?
1024 3072 1207 3126 Credis.
1242 3072 1336 3126 hoc
1373 3073 1551 3128 cedere
1583 3074 1750 3145 posse,

406 3148 458 3198 Si
493 3146 583 3197 tibi
619 3143 1084 3216 mutentur'natalia
1119 3141 1301 3207 sidera,
1336 3162 1547 3213 quorum

408 3215 488 3267 Te
527 3232 733 3283 pravum
768 3210 988 3271 decursus
1023 3217 1125 3279 agit
1164 3217 1183 3261 ?
1218 3212 1356 3280 Qud
1395 3233 1519 3267 vana
1558 3215 1733 3271 vetusti

404 3280 630 3350 Perfugia
666 3289 837 3346 erroris
875 3281 1125 3341 Chaldaeis
1163 3287 1329 3349 quaeris
1366 3288 1417 3336 in
1452 3284 1618 3338 astris?

402 3353 643 3421 Qamvis
677 3352 890 3410 sollicitis
924 3353 1071 3410 adeas
1106 3349 1306 3405 caelestia
1341 3356 1496 3417 curis,

191 3467 203 3485 ,.
273 3428 373 3489 630
410 3423 481 3474 Et
517 3427 709 3488 penitus
743 3419 931 3475 cauffas
963 3440 1124 3477 rerum
1159 3418 1376 3474 scruteris
1408 3436 1630 3489 apertas;

402 3491 527 3542 Non
562 3497 723 3543 renuis
756 3511 902 3558 mage
936 3490 1071 3544 nosse
1109 3491 1311 3557 Deum,
1346 3509 1496 3559 quam
1533 3497 1713 3560 cuique
1745 3491 2018 3563 elemento,

407 3559 657 3618 Naturam
691 3559 911 3626 dederit,
947 3579 1043 3630 qua
1079 3577 1290 3628 pontum,
1324 3559 1431 3627 lege
1469 3566 1655 3613 moveri

404 3627 622 3694 Jufferit‚
659 3631 744 3681 aut'
777 3635 955 3687 teneris
989 3649 1136 3698 quam
1174 3635 1276 3681 vim
1312 3626 1575 3682 conseverit
1610 3637 1764 3698 aum,

403 3694 719 3767 Sidereosque
755 3704 893 3765 ignes
930 3705 1119 3769 intquae
1155 3714 1408 3753 momenta
1445 3705 1639 3752 crearit.

313 3857 353 3891 ᾗ.
376 3853 469 3900 [594⁴.
506 3854 623 3891 Editio
655 3852 866 3891 colonienfis
899 3840 934 3891 Sc
969 3858 1164 3893 recentiores
1183 3880 1195 3898 ,
1219 3853 1324 3888 lenia.

2206 3220 2316 3242 >CCC-³12»

1915 3780 1996 3833 635
2031 3775 2116 3835 Qui
