2652 4126
0 3788 11 3858 mnmw
0 3775 2 3777 ·

522 144 628 201 ΒΕ
672 141 868 203 VtTA
910 155 1613 213 CONTEMPLATIVA,
1655 143 1897 205 LtssER
1941 147 2010 205 ΙΙ.
2146 173 2217 227 27

501 242 867 277 CAPUT
940 243 1018 277 XII.

303 338 393 382 Qid
416 339 525 386 facere
551 338 689 374 debeant
716 338 825 373 clerici
851 366 863 384 ,
899 351 1031 386 quorum
1057 338 1230 384 infirmitas

513 401 575 425 non
588 388 689 436 potest
702 390 767 435 sua
785 399 1013 425 contemneret.

349 490 403 528 Lli
430 503 540 529 autem
559 515 570 532 ‚
594 490 654 537 qui
680 499 749 525 tam
778 490 903 527 infirmi
923 490 997 528 sunt
1015 515 1025 534 ‚
1050 503 1089 529 ut
1115 489 1229 541 posses·

373 541 516 580 {ionibus
531 539 602 577 ‘suis
628 542 814 576 renuntiare
852 553 920 577 non
957 542 1079 589 poffint
1098 568 1109 586 ,
1144 541 1167 578 fi
1191 555 1228 579 ea

300 603 377 639 quae
402 593 567 640 accepturi
601 600 692 626 erant
719 614 731 632 ,
764 590 976 638 dispensatori
1003 592 1191 642 relinquant
1216 618 1228 636 ,

301 640 389 678 nihil
406 638 603 680 habentibus
620 639 818 677 conferenda
838 666 847 683 ,
884 640 951 678 fine
968 653 1104 690 peccato
1133 644 1230 691 poffi-

301 692 384 728 dent
409 691 463 730 sua
487 706 496 728 =
523 693 601 738 quia
626 694 660 726 &
687 690 747 737 ipsi
775 691 1028 739 quodammodo
1054 692 1108 730 sua
1135 693 1230 730 relin-

302 752 413 790 quunt
430 767 442 786 ,
476 741 610 788 quando
637 742 783 788 propriis
810 745 956 778 contenti
984 741 1079 779 rebus
1097 769 1109 786 ,
1144 742 1230 780 nihil

302 803 420 828 eorum
449 803 522 839 quae
551 789 687 833 labori,
714 789 767 826 vel
794 791 905 828 ordini
930 791 990 828 suo
1014 792 1130 830 deberi
1145 793 1230 830 arbi-

293 851 449 884 santur,
474 844 668 888 accipiunt.
695 841 802 887 Quod
821 841 844 877 fi
862 852 980 890 putant
1006 843 1083 879 ideo
1109 848 1124 867 ⁸
1148 847 1231 881 acci·

296 893 337 940 pi
354 889 476 928 debere
492 903 608 929 eorum
624 903 699 939 quae
715 890 936 929 conferuntur
954 892 1106 930 Eeclefiae
1115 919 1128 936 ,
1154 906 1231 942 por-

299 943 448 985 tionem,
474 954 516 979 ne
533 954 602 979 eam
621 941 793 978 videantur
811 940 974 988 abjicere,
999 942 1030 980 {e
1045 955 1127 980 vero
1157 957 1226 981 non

299 989 388 1038 pone
426 991 480 1029 sua
514 991 700 1039 relinquere
729 1017 740 1034 ,
785 992 878 1039 quod
918 994 965 1029 eis
999 992 1151 1031 deforme
1187 994 1227 1031 fit

297 1043 385 1077 inter
411 1042 506 1087 suos,
532 1054 691 1090 pauperes
716 1041 811 1078 reddi
839 1056 849 1080 3
884 1045 1039 1080 noverint
1075 1043 1133 1080 ess'e
1170 1045 1226 1081 de-

297 1090 442 1178 fopmius
461 1118 475 1139 ,
508 1090 697 1142 polleffores
725 1092 768 1130 de
794 1090 1012 1143 eleemosynis
1045 1105 1229 1144 pauperum

295 1153 404 1190 paci.

427 1245 868 1284 'CAPUT
941 1245 1038 1283 XIII.

296 1345 378 1387 916ae
395 1342 468 1386 fine
488 1344 618 1392 gaudia
646 1357 732 1380 vera
749 1372 763 1391 ‚
787 1342 848 1378 vel
874 1356 964 1380 verae
992 1343 1125 1380 divitiae
1148 1359 1158 1380 τ
1184 1345 1229 1381 θ

346 1394 430 1442 quid
447 1394 667 1442 impedimenti
685 1395 824 1443 afferant
841 1393 926 1430 bona
939 1395 1112 1443 presentia
1137 1408 1227 1431 ama-

347 1444 479 1480 toribus
491 1444 700 1490 futurorum.

299 1558 331 1583 ι.
459 1548 513 1584 Eu
530 1559 630 1596 quam
649 1545 813 1588 subtiliter
829 1560 888 1584 nos
907 1547 963 1584 ille
979 1547 1169 1595 decipiendi
1183 1561 1233 1586 ar-

483 1597 564 1636 tifex
585 1597 690 1642 fallit,
714 1611 835 1647 quanta
852 1602 997 1638 cecitate
1022 1599 1140 1636 oculos
1171 1613 1234 1636 no-

292 1645 369 1684 strae
388 1651 509 1685 mentis
525 1646 666 1686 obducit
676 1675 686 1691 ,
713 1662 754 1686 ne
764 1649 986 1686 discernamus
997 1649 1157 1696 gaudendi
1167 1653 1234 1686 avi-

293 1697 354 1740 di,
379 1697 467 1734 unde
483 1697 596 1745 justius
615 1699 837 1747 gaudeamus;
859 1710 916 1736 aut
934 1711 976 1735 ne
992 1702 1161 1747 cupientes
1180 1713 1235 1736 au-

293 1749 367 1794 geri
386 1747 531 1792 divitiis,
555 1753 769 1794 noverimus,
793 1762 875 1798 quas
892 1749 1013 1798 quibus
1033 1754 1236 1798 incompara-

290 1795 407 1834 biliter
423 1798 647 1846 praeferamus.
675 1803 766 1838 Nam
784 1801 926 1848 gaudere
943 1801 1079 1848 quidem
1108 1799 1236 1837 bonum

293 1845 368 1895 est,-
391 1847 446 1884 sed
464 1852 522 1897 qui
541 1850 683 1897 gaudet,
708 1851 732 1887 fi
751 1862 821 1888 non
837 1851 913 1887 inde
933 1851 1072 1898 gaudeat
1082 1851 1169 1888 unde
1178 1851 1236 1887 de-

290 1894 374 1941 bet,
399 1910 469 1934 non
490 1899 599 1948 potest
616 1899 743 1937 bonum
770 1898 830 1936 eise
847 1901 941 1948 quod
966 1901 1104 1949 gaudet.
1130 1903 1236 1948 Siqui-

293 1946 372 1984 dem
389 1948 512 1995 gaudet
526 1953 562 1986 &
583 1961 720 1998 raptor,
745 1963 826 1987 cum
854 1950 1033 1988 defiderata
1059 1954 1204 1999 rapuerit
1222 1964 1237 1991 ‚-

293 1997 416 2043 gaudet
433 2001 469 2035 δε
485 1998 654 2044 ebriosus,
687 2013 765 2038 cum
791 1996 810 2023 ι’
836 2012 1002 2049 exoptatae
1029 2001 1237 2039 occafionem

292 2049 481 2092 potationis
497 2051 679 2084 invenerim
703 2049 823 2093 gaudet
851 2054 886 2085 δε
915 2051 1066 2094 adulter,
1090 2065 1167 2089 cum
1195 2051 1237 2089 ad

292 2091 548 2131 delectationem
566 2094 696 2131 fluendi
714 2099 865 2142 corporis
885 2104 1056 2144 concupiti
1079 2113 1236 2145 pervene-

291 2146 360 2183 tit:
386 2141 442 2180 sed
458 2155 540 2182 cum
556 2142 595 2180 fit
611 2144 752 2191 gaudere
771 2144 902 2181 bonum
913 2171 925 2188 ,
952 2147 994 2182 de
1005 2145 1058 2182 his
1066 2158 1165 2193 atque
1174 2147 1239 2183 hu·

292 2193 439 2242 iusmodi
455 2193 597 2242 gaudere
614 2194 737 2242 grande
754 2194 802 2231 est
821 2194 963 2232 malum.
990 2198 1117 2232 Haec&
1139 2195 1192 2232 his
1202 2196 1240 2233 fi-

292 2243 387 2283 milia
405 2242 502 2288 sunt,
526 2245 615 2281 unde
632 2245 773 2292 gaudere
793 2258 854 2282 nos
877 2245 950 2282 vult
969 2245 1134 2290 mundus,
1159 2259 1240 2283 cum

292 2294 358 2331 suis
374 2293 578 2334 amatoribus
595 2299 611 2322 ἒ
629 2298 816 2343 periturus.
843 2295 929 2332 Haec
950 2295 1026 2333 sunt
1044 2308 1120 2343 quae
1140 2310 1240 2345 repu-

292 2344 387 2390 diare
402 2342 563 2382 debemus
575 2368 588 2386 ,
612 2355 650 2381 ut
659 2345 703 2381 de
722 2343 809 2382 bona
828 2345 1048 2388 continentia,
1073 2347 1116 2382 de
1126 2346 1240 2383 fincti-

293 2403 539 2436 tatemsmlm2
563 2394 606 2431 de
623 2394 842 2442 acquisitione
862 2398 1046 2439 virtutum,
1071 2396 1113 2433 de
1143 2397 1240 2434 dono

295 2443 388 2528 Dedd
413 2443 448 2476 δε
464 2440 506 2475 de
529 2444 748 2501 pronifioue
773 2444 879 2482 flaturi
907 2449 1002 2493 regni
1029 2445 1240 2489 ineffabiliter

320 2504 338 2529 a
387 2501 519 2527 eamus.
724 2515 729 2519 ,

296 2502 322 2539 g
338 2553 382 2581 1²-
410 2541 521 2579 Ditari
538 2552 677 2589 quoque
693 2539 818 2581 dirimis
831 2547 964 2591 'gi-ande
978 2544 1195 2578 estvbonum:
1219 2537 1239 2563 ἃ

296 2589 355 2628 sed
373 2590 452 2628 inde
470 2589 566 2627 dimri
587 2591 675 2628 unde
694 2603 762 2628 non
781 2593 919 2633 debeas,
948 2602 1015 2626 non
1041 2589 1089 2626 est
1111 2589 1241 2627 haben-

1291 243 1384 287 pios,
1410 239 1600 287 humilitas,
1625 240 2117 289 quaehumilcs,mansuetudo,
2141 259 2215 293 quae

1288 291 1495 336 mansuetos,
1519 296 1726 334 innocentia.
1752 305 1827 342 quae
1845 296 2053 336 innocentes,
2079 299 2218 341 puritas,

1289 354 1363 387 quae
1393 355 1514 389 puros,
1541 342 1736 391 prudentia,
1761 356 1835 391 quae
1861 343 2060 391 prudentes,
2095 354 2220 392 tempe-

1291 395 1413 434 rantia,
1437 401 1509 441 quae
1535 405 1776 439 temperantes,
1800 397 1836 430 &
1863 392 2023 438 charitas,
2057 405 2132 443 quae
2158 406 2220 430 nos

1290 440 1368 478 ficit
1383 445 1462 479 Deo
1481 447 1514 479 &
1536 442 1727 479 hominibus
1746 456 1840 480 caros
1857 448 1896 486 8,
1922 447 2083 482 virtutum
2101 455 2220 491 poten·

1286 501 1354 533 tes,
1382 491 1479 528 seculi
1503 503 1774 539 contemptores,
1808 507 1844 530 ac
1871 492 2039 531 bonorum
2065 497 2219 532 omnium

1284 541 1474 579 sectatores.
1500 545 1582 580 Haec
1600 542 1672 579 sunt
1691 555 1760 579 non
1771 547 1921 582 omnium
1932 570 1944 588 ,
1968 545 2022 582 sed
2033 544 2220 583 sanetorum

1287 591 1400 628 finctae
1412 596 1568 631 virtutess
1596 605 1662 629 non
1672 593 1816 630 divitum
1833 593 2072 642 superborum,
2091 594 2144 632 sed
2153 594 2219 631 hu·

1288 641 1420 678 milium
1449 656 1633 691 pauperum
1661 642 1848 682 facultates;
1880 647 2119 692 patrimonium
2146 657 2220 682 cor·

1290 692 1382 728 dium
1394 719 1406 736 ,
1431 693 1554 730 divitiae
1565 692 1834 741 incorruptibiles
1846 706 1980 731 morum
1991 720 2001 737 ,
2020 694 2141 743 quibus
2150 707 2220 732 non

1289 741 1455 779 abundant
1476 739 1518 786 ¹²,
1545 743 1603 779 nifi
1623 746 1679 791 qui
1702 743 1766 780 illis
1785 743 1966 781 carnalibus
1982 757 2024 781 ex
2043 746 2145 783 corde
2170 758 2220 781 re-
2291 742 2315 777 ΙΙ

1290 796 1437 829 nuntiat.
1465 796 1551 838 Quae
1570 797 1721 840 quamvis
1740 795 1774 828 &
1794 794 1859 841 ipsa
1879 795 1940 830 fint
1965 794 2074 838 bona,
2099 806 2219 843 utpote

1288 855 1306 878 a
1325 840 1418 878 bono
1440 846 1518 879 Deo
1536 854 1641 879 creata
1651 856 1665 883 ,-
1690 854 1797 880 tamen
1815 847 1891 890 quia
1909 844 1983 880 sunt
1999 844 2094 882 bonis
2114 843 2220 882 maliss

1288 904 1355 940 que
1373 895 1584 935 communia,
1609 892 1739 929 student
1758 906 1793 929 ea
1811 893 1990 941 spirituales
2000 898 2062 931 viri
2072 906 2221 932 contem-

1288 955 1389 985 nere,
1414 954 1485 990 quo
1506 944 1628 989 poffint
1646 943 1686 979 ad
1705 942 1760 978 illa
1777 943 2076 991 incomparabiliter
2102 944 2221 982 melios

1287 1005 1342 1035 ra,
1368 1004 1442 1039 quae
1464 990 1538 1028 sunt
1558 991 1725 1028 bonorum
1743 995 1897 1029 omnium
1919 998 2078 1042 propria,
2105 1007 2219 1042 perve-

1291 1046 1382 1079 nite:
1409 1045 1566 1089 quoniam
1585 1054 1653 1077 non
1673 1042 1721 1078 est
1741 1042 1803 1078 tale
1822 1042 1950 1080 bonum
1978 1045 2071 1090 quod
2097 1043 2222 1080 habent

1293 1097 1327 1130 &
1347 1091 1442 1135 mali,
1467 1092 1565 1140 quale
1583 1091 1665 1130 illud
1687 1091 1754 1135 est,
1778 1093 1870 1140 quod
1887 1105 1955 1130 non
1982 1092 2108 1130 habent
2128 1091 2137 1115 ³
2164 1093 2222 1130 nifi
2306 1105 2318 1136 1

1292 1142 1372 1180 boni
1385 1168 1393 1177 .

1343 1206 1374 1241 3.
1401 1193 1589 1240 Corporale
1600 1192 1729 1230 bonum
1738 1193 1875 1240 quando
1890 1192 2012 1231 habent
2022 1197 2126 1241 iniqui
2139 1218 2150 1238 ,
2176 1197 2225 1241 ip·

1288 1243 1400 1281 sorum
1418 1243 1464 1279 est
1485 1248 1656 1291 praemium
1677 1241 1718 1286 k,
1744 1244 1879 1290 quando
1895 1242 2020 1280 habent
2038 1244 2132 1288 justi,
2158 1254 2226 1279 non
2298 1262 2319 1293 k

1289 1294 1337 1331 est
1356 1306 1473 1330 eorum
1494 1297 1667 1341 praemium
1681 1293 1732 1329 sed
1745 1293 1927 1340 temporale
1944 1293 2095 1331 solatium
2107 1321 2114 1328 .
2141 1297 2227 1330 Item

1289 1344 1370 1382 boni
1391 1343 1580 1389 temporalis
1599 1345 1725 1380 amiffio
1745 1344 1783 1381 fit
1802 1347 1995 1380 exercitium
2009 1344 2081 1386 iusti
2094 1370 2106 1387 ,
2131 1347 2227 1380 &in-

1290 1395 1364 1442 justi
1387 1394 1608 1441 supplicium:
1634 1393 1864 1441 quia&iustus
1874 1393 2226 1431 defidcriocaelestium

1290 1457 1427 1494 captus,
1452 1448 1565 1481 omnia
1586 1445 1777 1492 temporalia
1794 1444 1859 1481 five
1877 1443 2016 1484 habeat,
2041 1443 2105 1480 five
2134 1446 2228 1479 amit·

1291 1506 1361 1538 tat,
1387 1498 1529 1532 omnino
1548 1507 1616 1530 non
1635 1496 1749 1532 sentit3
1775 1498 1808 1530 &
1830 1497 1960 1541 iniquus
1969 1495 2062 1540 quod
2081 1506 2162 1530 cum
2171 1489 2227 1529 de·

1293 1546 1470 1583 le&atione
1488 1542 1499 1566 ¹
1519 1544 1637 1587 habet,
1663 1545 1726 1581 fine
1744 1544 1862 1581 dolore
1890 1557 1958 1580 non
1989 1544 2115 1591 perdit.
2142 1547 2227 1580 Pro·
2246 1545 2254 1550 ‘
2310 1542 2322 1573 ί

1294 1607 1369 1645 pter
1388 1595 1457 1633 hoc
1475 1598 1577 1642 igitur
1593 1599 1659 1638 eis,
1684 1598 1743 1643 qui
1761 1594 1905 1631 militant
1933 1597 2012 1631 Deo
2028 1619 2040 1637 ,
2067 1593 2229 1640 fugiendae

1298 1647 1371 1683 sunt
1390 1654 1433 1681 ex
1452 1657 1530 1683 toto
1547 1646 1652 1684 corde
1670 1645 1819 1687 divitiae,
1843 1657 1922 1691 quas
1939 1648 1996 1691 qui
2032 1642 2153 1680 habere
2171 1654 2231 1677 vo·

1297 1696 1392 1738 lunt,
1417 1695 1485 1731 fine
1506 1695 1618 1730 labore
1645 1707 1713 1729 non
1744 1706 1921 1741 quaerunt,
1946 1694 2011 1729 fine
2036 1692 2232 1730 difficultate

1298 1759 1366 1783 non
1385 1748 1582 1785 inveniunt,
1609 1743 1676 1779 fine
1694 1755 1771 1779 cura
1792 1755 1858 1778 non
1881 1742 2029 1786 servant,
2054 1742 2119 1778 fine
2137 1744 2233 1778 anxia

1297 1796 1521 1833 dele-statione
1540 1806 1607 1829 non
1628 1792 1815 1842 possident,
1843 1792 1907 1828 fine
1925 1792 2045 1828 dolore
2062 1803 2131 1827 non
2159 1802 2234 1838 per-

1296 1847 1401 1884 dunt.
1428 1844 1616 1894 Apostolus
1634 1855 1744 1880 autem
1763 1842 1892 1880 Christi
1913 1841 2072 1878 militibus
2089 1841 2231 1877 mdicit:
2298 1869 2330 1890 m

1297 1897 1373 1931 Volo
1392 1906 1455 1928 vos
1464 1893 1538 1936 fine
1541 1892 1763 1939 sollicitudine
1773 1893 1854 1937 effe3
1879 1898 1914 1930 δε
1927 1919 1937 1935 ,
1962 1891 2078 1926 Radix
2095 1890 2233 1924 omnium
2253 1911 2279 1930 1,
2294 1902 2359 1931 ρον,
2383 1907 2410 1935 7,-

1297 1946 1455 1981 malorum
1474 1943 1518 1987 est
1526 1944 1698 1978 avaritiat
1721 1954 1817 1988 quam
1836 1942 1970 1987 quidam
1990 1950 2175 1987 appetentes
2184 1950 2232 1972 er·
2251 1950 2299 1979 32—

1298 2005 1464 2031 raverunt
1484 2008 1504 2027 a
1520 1994 1607 2038 fide,
1633 1991 1677 2026 Θ
1695 1992 1900 2038 inseruerunt
1911 1990 1949 2036 se
1970 1990 2134 2023 doloribus
2153 1987 2234 2022 mul-

1298 2046 1360 2083 tis.
1386 2050 1440 2084 Ac
1456 2045 1499 2082 fic
1516 2044 1629 2082 census
1644 2048 1663 2066 ¹²
1683 2041 1740 2078 iste
1759 2053 1907 2078 terrenus
1928 2044 1994 2084 eis,
2020 2053 2038 2076 a
2057 2039 2176 2087 quibus
2187 2041 2234 2075 vi·
2254 2061 2358 2092 1.Tim.
2378 2063 2408 2091 6.

1298 2097 1379 2138 tiose
1396 2096 1570 2143 diligitur,
1595 2105 1662 2129 non
1688 2092 1735 2129 est
1762 2091 1974 2140 voluptatum
2000 2093 2156 2133 materia,
2180 2089 2236 2125 sed
2254 2111 2301 2132 ιο,

1299 2148 1478 2182 dolorum.
1507 2149 1725 2192 Quapropter
1744 2143 1878 2189 expedit
1899 2140 2066 2178 facultates
2084 2139 2235 2177 Ecclefiae
2308 2151 2331 2172 n

1301 2200 1318 2219 ⁰
1339 2194 1496 2241 poffideri
1508 2217 1520 2234 ,
1546 2203 1584 2226 ut
1603 2193 1681 2226 inde
1699 2195 1836 2233 vivant,
1860 2194 1919 2236 qui
1938 2202 2006 2225 non
2023 2190 2156 2233 seculo,
2181 2203 2236 2226 cu-

1300 2246 1352 2291 jus
1369 2242 1486 2289 gaudia
1506 2241 1646 2287 fugitiva
1665 2239 1862 2288 repudiant,
1887 2239 1940 2279 sed
1957 2243 2037 2282 Deo
2055 2239 2237 2284 Pserviunt,
2308 2269 2331 2300 P

1299 2296 1393 2339 cuius
1409 2290 1586 2333 ineffabilia
1603 2289 1692 2328 bona
1709 2289 1893 2327 defiderant
1903 2317 1911 2330 ,

1502 2390 2033 2430 cArUTxN

1298 2461 1456 2529 Quum·
1473 2482 1706 2530 intelligatur,
1730 2482 1816 2530 quod
1833 2482 1915 2519 dicit
1943 2483 2136 2533 Apostolus,
2160 2493 2233 2539 Qi

1401 2538 1438 2573 in
1455 2533 1595 2572 sacrario
1613 2545 1916 2623 opqssqttggzmquae
1928 2537 1970 2574 de
1979 2536 2127 2585 ,sacrario

297 2641 341 2679 da
369 2639 524 2684 facultas,
547 2638 602 2678 sed
629 2640 815 2678 detestanda
845 2640 1011 2678 calamitas
1027 2654 1045 2676 .·
1063 2639 1165 2677 Nihil
1196 2639 1242 2676 est
1296 2654 1303 2658 ·

298 2692 386 2728 enim
404 2690 644 2734 calamitosius,
672 2689 823 2739 nihilque
843 2690 1107 2738 miseriuseoqui
1118 2693 1240 2738 iniquis

299 2739 569 2789 acquisitionibus
586 2741 726 2786 crescit,
751 2753 853 2788 quem
879 2740 1090 2790 locupletem
1112 2740 1240 2777 fraudes

300 2790 426 2828 faciunt
442 2804 481 2829 ac
499 2795 641 2840 rapina.
667 2790 738 2828 Ille
753 2790 849 2827 nobis
869 2790 944 2827 sunt
962 2789 1140 2828 ambiendae
1156 2791 1240 2828 divi-

302 2843 378 2884 tiae,
405 2853 479 2887 quae
496 2853 559 2878 nos
574 2843 730 2879 ,ornares¹
749 2841 869 2890 poffint
891 2843 1016 2889 pariter
1029 2845 1064 2877 δι
1087 2844 1239 2884 munire,

302 2902 389 2939 quas·
402 2903 464 2927 nec
480 2894 654 2936 ,acquirere
673 2887 840 2938 poss'umus
858 2893 976 2935 inviti,
999 2903 1061 2927 nec
1079 2891 1239 2940 perdere,

303 2949 380 2988 quaa
398 2951 461 2975 nos
477 2951 592 2975 contra
613 2938 1061 2989 hostilesimpetusarmant‚
1086 2941 1240 2979 amundo

303 2989 554 3032 disterminant,
579 2991 659 3026 Deo
677 2992 929 3036 commendant,
953 2992 1060 3029 ditant
1078 2988 1095 3014 f
1119 2995 1241 3029 animas

306 3039 432 3077 nostras
449 3051 546 3087 atque
557 3038 761 3084 nobilitant,
782 3039 953 3079 nobiscum
964 3041 1062 3087 sunt,
1086 3045 1172 3080 intra
1181 3053 1242 3078 nos

304 3089 401 3128 sunt.
427 3092 567 3127 Divitiae
577 3088 697 3127 nostrae
706 3091 874 3129 credendae
884 3091 958 3128 sunt
967 3092 1124 3141 pudicitia
1135 3118 1146 3135 ‚
1171 3106 1244 3140 quae

311 3152 375 3177 nos
402 3140 574 3234 §udilgosf
609 3139 751 3194 justitia,
776 3153 849 3190 quae
873 3142 997 3189 justos,
1020 3146 1145 3192 pietas,
1169 3155 1244 3191 quae

437 3215 445 3224 .
505 3201 539 3223 ro
550 3198 644 3236 pera.

346 3297 365 3319 a
385 3287 443 3319 Ms.
465 3287 542 3329 Reg.
561 3298 598 3319 ne
614 3300 668 3321 ea.
688 3289 747 3321 Ms.
766 3289 869 3322 Camb.
892 3291 956 3322 Ideo
967 3298 1066 3337 perte:
1084 3291 1177 3333 accipi
1197 3291 1245 3321 de·

309 3327 372 3359 bere
391 3338 487 3358 earum
526 3339 566 3359 ue
585 3330 764 3369 conseruntur
784 3329 909 3369 Ecclesia
923 3339 1084 3372 pomonam
1098 3352 1110 3369 ,
1139 3343 1174 3362 ne
1194 3342 1244 3362 eas

308 3369 468 3399 videamur
487 3379 506 3396 a
521 3368 627 3407 ficere.
1104 3384 1108 3391 ¹

350 3408 370 3439 b
391 3407 450 3439 Ms.
471 3417 566 3445 unus,
583 3418 763 3451 exoptatam·

348 3458 367 3479 c
388 3448 446 3479 Mt.
468 3456 560 3484 unus,
580 3451 739 3489 perituros.

348 3488 368 3519 d
389 3487 458 3520 Mn.
476 3488 564 3519 Colb.
585 3489 660 3525 duo,
679 3491 729 3528 led
754 3499 809 3520 non
836 3490 902 3521 inde
928 3490 1021 3522 diurn·
1046 3492 1131 3523 unde'
1147 3490 1247 3523 debea-

309 3539 391 3560 mus.
413 3527 470 3559 Ms.
490 3528 580 3564 alter,
591 3530 646 3569 sed
666 3540 720 3561 non
739 3530 831 3561 dicari
849 3533 924 3562 unde
943 3532 1065 3567 doben„

350 3578 367 3599 e
389 3568 450 3599 ΜΓ.
469 3577 564 3605 unus,
578 3570 707 3609 pollunt-

349 3608 366 3639 f
383 3608 450 3640 ΜΠ.
472 3615 531 3640 tres
548 3609 637 3640 Colb.
658 3610 771 3641 animos
790 3610 908 3650 nostro:-

351 3658 373 3689 g
394 3647 460 3679 ΜΠ.
480 3656 555 3685 tres,
576 3651 715 3681 vitiorum
734 3651 903 3691 impotentes
920 3671 931 3688 ,
950 3651 1050 3690 seculi
1079 3659 1249 3690 contempto—

311 3699 357 3720 us
368 3708 376 3717 ·
400 3687 458 3719 ΜΓ.
480 3689 569 3724 alter,
590 3690 724 3721 viciorum
743 3691 908 3732 impotentis
918 3691 1026 3731 seculi*
1037 3701 1248 3732 contemptores.

352 3728 496 3782 &Edid’
517 3730 568 3761 nii
587 3729 639 3762 illi
657 3730 711 3771 qus·
728 3729 811 3764 mis.
829 3729 898 3764 Mis.
916 3739 1046 3773 quatuor
1071 3734 1217 3766 omittunt
1235 3751 1246 3769 ,

1402 2691 1435 2726 E
1452 2680 1569 2725 talibus
1587 2687 1697 2725 dicere
1715 2686 1852 2725 videtur
1865 2686 2046 2738 Apostolus
2071 2703 2081 2725 =
2115 2688 2183 2732 Qu·
2199 2688 2235 2725 in
2255 2702 2281 2726 1.
2291 2696 2357 2732 cor,
2379 2705 2408 2733 9.

1421 2737 1568 2784 sacrario
1597 2743 1774 2783 operantur
1791 2763 1802 2782 ,
1839 2750 1910 2784 quae
1928 2738 1977 2783 dej
1991 2738 2137 2785 sacrario
2155 2739 2234 2786 sum
2255 2744 2304 2774 ¹3·

1303 2788 1404 2823 edunt
1430 2803 1439 2824 ε
1468 2787 1511 2823 (9⁸
1530 2787 1591 2835 qui
1618 2786 1739 2821 altario
1766 2787 1951 2834 defendunt
1971 2814 1981 2832 ‚
2008 2793 2028 2820 ‘1
2051 2801 2121 2823 cum
2147 2789 2234 2824 alta.

1302 2837 1351 2872 rio
1377 2838 1580 2885 participant
1598 2863 1607 2872 .
1641 2840 1715 2885 Qii
1743 2837 1804 2874 nifi
1828 2836 1897 2875 hoc
1925 2838 1968 2876 de
1996 2845 2235 2887 contemptori-

1302 2888 1362 2927 bus
1379 2888 1573 2927 facultatum
1593 2887 1722 2924 suamm
1744 2887 1846 2925 vellet
1865 2888 2030 2936 intelligi,
2054 2902 2235 2939 numquam

1304 2941 1431 2977 secutus
1458 2940 1651 2986 adjungeret
1675 2951 1685 2973 ε
1712 2937 1761 2970 Ita
1782 2938 1826 2971 δ’
1844 2938 1935 2973 Deus
1956 2938 2130 2973 ordinavit
2148 2939 2200 2974 his
2223 2965 2235 2984 ,
2291 2975 2297 2981 ,

1303 2989 1358 3037 qui
1380 2989 1598 3035 Evangelium
1619 2985 1839 3031 annuntiant,
1863 2986 1905 3021 de
1924 2987 2112 3034 Evangelio
2137 2988 2239 3024 vive·
2252 2972 2325 3006 lb‘d·
2347 2980 2394 3011 ¹4·

1304 3051 1356 3076 re.
1378 3043 1438 3083 ,De
1465 3038 1651 3087 Evangelio
1677 3041 1794 3074 vivunt
1812 3063 1823 3079 ,
1858 3041 1916 3085 qui
1938 3035 2031 3075 ‘nihil
2058 3043 2237 3088 proprium

1303 3089 1426 3127 habere
1445 3090 1588 3135 volunt,
1610 3090 1669 3136 qui
1690 3101 1751 3124 nec
1768 3086 1892 3125 habent
1911 3113 1923 3131 ,
1948 3100 2007 3124 nec
2035 3087 2154 3126 habere
2180 3092 2237 3130 ali-

1305 3141 1389 3190 quid
1408 3140 1646 3192 concupiscunt
1670 3151 1681 3176 3
1706 3151 1775 3175 non
1795 3138 1937 3226 t{uorum
1955 3162 1967 3182 ,
2002 3136 2058 3176 sed
2085 3151 2236 3179 commu-

1872 3201 1893 3234 2¹
2091 3201 2188 3227 nium

1302 3292 1368 3323 illi.
1394 3290 1451 3321 ΜΓ.
1473 3289 1559 3321 Colb.
1579 3298 1674 3326 unus,
1694 3300 1753 3329 que
1772 3298 1828 3318 non
1848 3286 1919 3318 aliis
1937 3290 2061 3324 dantur,
2082 3289 2137 3327 nifi
2152 3293 2216 3330 qui.

1344 3333 1354 3362 i
1377 3330 1444 3362 Mis.
1464 3330 1543 3366 duo,
1562 3331 1672 3368 iniqui.
1694 3330 1747 3360 ms.
1766 3329 1855 3363 alter,
1875 3330 1951 3369 quod
1969 3329 2075 3361 habene
2093 3329 2175 3362 boni.

1344 3383 1363 3403 κ
1384 3371 1442 3401 Ms.
1462 3380 1555 3406 unus,
1574 3369 1685 3411 qundo
1704 3378 1814 3399 autem.
1837 3375 1900 3400 tum
1920 3369 1979 3401 ΜΩ
1996 3370 2071 3401 alter
2089 3369 2230 3402 carethae

1306 3422 1396 3447 voce,
1417 3421 1528 3441 eorum.

1345 3453 1357 3483 1
1377 3450 1446 3482 ΜΠ.
1468 3450 1594 3490 septem,
1615 3449 1731 3483 babuit.

1346 3502 1379 3523 m
1400 3490 1459 3524 ΜΓ.
1483 3499 1574 3527 unus,
1598 3493 1690 3523 dfxl'to

1347 3543 1369 3564 n
1392 3530 1448 3561 Mt,
1470 3540 1562 3566 unus,
1583 3532 1680 3572 census
1699 3528 1869 3567 estimatus,
1885 3527 1937 3567 ἔβα
1954 3536 2095 3560 terrenm.

1345 3583 1365 3603 ο
1386 3569 1452 3602 Mis.
1473 3578 1617 3609 quatuor,
1634 3569 1780 3612 poffidere.

1348 3623 1367 3652 p
1390 3610 1454 3641 ΜΠ.
1476 3618 1623 3649 quatuor,
1641 3610 1817 3648 deserviunt.

1349 3661 1370 3692 q
1390 3650 1460 3681 Mss.
1486 3659 1560 3686 tres,
1581 3661 1645 3681 cum
1672 3648 1780 3680 altario
1799 3649 2035 3690 participamur.
2063 3648 2122 3682 Ms.
2146 3648 2205 3683 duo
2220 3669 2232 3688 2

1304 3701 1368 3723 cum
1387 3692 1479 3723 altari
1493 3693 1726 3733 participemur.
