2652 4126
511 202 591 246 ΕΤ
633 190 898 252 HisssToss.
930 196 1225 253 ‘SEM1PEL.
1267 210 1481 253 LUCEM
1526 209 1890 256 AFFERUNT.

0 287 15 310 =·1
73 300 161 330 cm„
179 308 205 329 ¹,
220 307 246 330 ι,
261 283 338 317 ticis
361 284 571 321 canticorum
594 300 602 321 :
637 289 856 334 Unguentum
883 288 1022 326 effusum
1057 301 1184 326 nomen

263 340 360 368 tuum
383 357 391 367 .
428 333 496 374 Ad,
522 335 730 383 Apostolum
768 351 888 375 revoca
924 342 1147 377 intentionem
1174 355 1182 374 ε

264 405 292 425 ,‚
315 378 477 426 Christi,
501 387 612 433 inquit
629 410 642 428 ,
667 385 776 424 bonus
800 388 889 425 odor
912 389 1024 426 sumus
1051 393 1084 425 in
1108 402 1183 425 om-
1209 384 1212 389 '

265 455 292 475 „
318 434 351 473 ni
378 430 458 468 loco
477 458 489 475 ,
522 438 555 471 δι
583 437 616 470 in
643 434 697 474 his
730 442 788 485 qui
816 437 913 474 salvis
937 438 1021 475 fiunt
1041 464 1053 481 ‚
1088 444 1121 476 δε
1148 443 1181 475 in

265 505 292 523 ,‚
318 479 371 517 his
396 486 453 531 qui
477 494 619 531 pereunt
646 500 655 520 ε
688 486 761 524 aliis
786 487 896 526 sumus
921 488 1011 524 odor
1046 492 1123 524 vitae
1148 493 1181 524 in

265 554 294 574 „
319 533 447 575 vitam,
471 532 543 569 aliis
568 533 657 570 odor
682 540 804 573 mortis
828 540 862 572 in
890 549 1056 575 mortem:
1083 543 1115 575 ἃ
1142 538 1183 574 ad

265 604 292 623 „
316 579 388 630 haec
446 586 496 623 uis
522 582 694 623 idoneus?
726 586 947 623 Occafionem
979 587 1077 624 nobis
1103 600 1184 635 prae-

263 627 321 667 bet
351 643 422 678 prae
436 644 493 668 ens
518 631 623 670 leffio
658 633 758 672 sanffl
785 637 959 682 Evangelii
999 637 1041 674 de
1075 638 1183 674 odore

264 677 331 717 isto
355 683 401 718 ita
426 679 521 729 loqui
541 707 553 724 ,
586 693 624 719 ut
649 688 682 720 &
708 698 725 720 a
750 684 848 723 nobis
874 685 1074 723 sufficienter
1098 687 1184 724 dica-

263 739 342 772 tur,
366 734 400 768 &
428 744 446 766 a
473 730 571 769 vobis
597 733 778 781 diligenter
802 735 953 773 audiatur
971 761 983 777 ‚
1010 736 1183 784 Apostolo

262 777 337 827 ipso
362 782 411 816 ita
433 779 588 824 dicente,
614 785 658 819 Et
684 781 799 823 adhaec
824 788 898 831 quis
922 784 1062 823 idoneus
1083 787 1095 821 ἓ
1121 789 1183 822 Er-

259 841 308 876 go
333 838 372 865 ut
398 829 476 866 inde
499 845 562 868 nos
585 845 750 870 conemur
776 834 893 880 loqui,
917 835 1082 882 numquid
1109 837 1181 872 ido·

256 881 314 923 vnei
340 877 451 917 sumus
469 905 482 923 ,
515 892 571 918 aut
598 895 660 918 vos
685 884 801 920 audire
826 884 899 921 haec
924 883 1039 922 idonei
1065 884 1141 921 estis
1167 886 1180 920 ?

261 931 339 966 Nos
372 929 509 978 quidem
534 931 649 976 idonei
675 946 744 970 non
779 933 890 971 sumus
917 947 926 969 τ
959 933 1014 970 sed
1039 934 1180 972 idoneus

261 976 310 1015 est
336 978 393 1016 ille
419 984 500 1029 qui,
528 994 586 1029 per
612 995 674 1018 nos
692 983 851 1031 dignetur
869 983 981 1021 dicere
1006 984 1099 1031 quod
1121 997 1182 1020 vo·

261 1027 313 1065 bis
340 1029 445 1078 profit
469 1031 602 1067 audire.
629 1035 719 1068 Ecce
745 1033 934 1081 Apostolus
960 1032 1067 1070 bonus
1092 1034 1181 1070 odor

260 1077 335 1120 est,
360 1079 442 1119 ficut
466 1081 551 1117 dicit
577 1081 666 1129 ipses
693 1082 746 1118 sed
773 1082 840 1130 ipsc
867 1081 974 1119 bonus
999 1083 1087 1119 odor
1113 1084 1183 1120 aliis

260 1126 310 1165 est
335 1128 423 1165 odor
441 1132 518 1167 vitae
545 1134 578 1166 in
601 1135 727 1175 vitam,
753 1132 825 1168 aliis
849 1141 960 1168 autem
987 1133 1076 1169 odor
1095 1147 1184 1169 mor—

259 1181 303 1216 tis
337 1183 372 1215 in
399 1191 572 1219 mortem)
597 1192 710 1217 tamen
736 1180 844 1218 bonus
870 1181 978 1217 odor.
1007 1182 1184 1230 Numquid

262 1233 358 1266 enim
371 1233 440 1272 ait,
467 1231 554 1267 Aliis
568 1230 679 1267 sumus
690 1230 798 1267 bonus
809 1230 899 1266 odor
909 1231 948 1266 ad
960 1235 1063 1267 vitam
1076 1258 1087 1274 ,
1112 1233 1185 1269 aliis

257 1279 368 1319 malus
394 1280 482 1316 odor
507 1281 547 1317 ad
567 1282 738 1318 mortem?
763 1284 896 1318 Bonum
919 1281 1061 1317 odorem
1088 1280 1118 1318 st:
1137 1282 1186 1318 di·

259 1333 340 1372 xit,
365 1343 435 1366 non
461 1331 610 1369 malum3
637 1335 671 1368 ἃ
698 1329 855 1368 eumdem
883 1329 1009 1366 bonum
1036 1331 1181 1368 odorem

259 1381 334 1421 aliis
359 1379 399 1416 ad
426 1383 530 1417 vitam
557 1380 668 1422 dixit,
692 1380 765 1416 aliis
791 1380 830 1416 ad
859 1390 1005 1418 mortem
1022 1405 1031 1414 .
1057 1382 1182 1418 Felices

260 1434 320 1479 qui
347 1428 442 1466 bono
466 1430 575 1467 odore
602 1434 742 1466 vivunt:
769 1429 850 1476 quid
875 1441 987 1469 autem
1016 1428 1180 1468 infelicius

259 1481 326 1518 illis
352 1483 410 1528 qui
440 1478 533 1519 bono
558 1479 665 1515 odore
693 1481 908 1516 moriuntur?

311 1532 357 1567 Et
382 1533 478 1578 quis,
503 1533 550 1566 ait
575 1529 695 1577 aliquis
714 1554 726 1572 ,
752 1542 851 1577 quem
879 1529 987 1566 bonus
1013 1530 1103 1567 odor
1130 1545 1186 1567 oc·

259 1578 365 1616 cidit?
389 1582 472 1616 Hoc
491 1579 539 1615 est
564 1579 656 1627 quod
675 1583 721 1615 ait
742 1579 930 1628 Apostolus
945 1605 956 1621 ‚
983 1581 1028 1615 Et
1053 1581 1094 1617 ad
1115 1580 1187 1617 haee

260 1633 338 1678 quis
365 1628 504 1666 idoneus
529 1631 542 1666 ἓ
577 1628 770 1675 Quomodo
795 1643 831 1668 ca
866 1629 945 1666 sacit
971 1632 1065 1669 Deus
1092 1634 1186 1667 miris

258 1679 395 1722 modis,
421 1691 457 1715 ut
477 1677 572 1716 bono
597 1679 705 1715 odore
732 1684 765 1715 δι
785 1678 865 1715 boni
894 1683 1031 1721 vitant,
1057 1685 1090 1716 δι
1114 1693 1181 1716 ma·

259 1729 283 1765 li
312 1732 503 1766 moriantur
521 1754 533 1772 ,
567 1729 747 1776 quomodo
773 1729 811 1765 fit
833 1754 844 1771 ,
870 1740 1032 1777 quantum
1059 1733 1183 1766 Domi-

258 1792 320 1815 nus
347 1777 505 1827 inspirare
531 1778 686 1823 dignatur
706 1805 716 1821 ,
750 1783 765 1822 (
790 1792 866 1815 nam
893 1778 1024 1815 fortass'e
1065 1780 1109 1816 ibi
1138 1780 1183 1815 la-

257 1840 327 1878 teat
362 1829 465 1866 altior
491 1829 678 1865 intellec³ms
705 1854 715 1871 ,
750 1832 808 1876 qui
836 1842 853 1865 a
890 1842 943 1864 me
977 1842 1045 1865 non
1072 1829 1184 1883 potest

257 1882 446 1927 penetrari:
466 1879 482 1920 )
506 1890 620 1917 tamen
645 1892 717 1927 quo
742 1878 844 1927 usque
871 1890 1045 1927 penetrare
1073 1883 1182 1927 potui,

256 1927 357 1967 vobis
379 1924 451 1968 'non
477 1927 576 1966 debet
602 1927 758 1975 denegari
779 1955 787 1963 .
821 1928 961 1965 Paulum
987 1928 1181 1976 apostolum

256 1977 341 2026 hene
367 1989 521 2025 agentem
542 2004 554 2021 ‚
580 1977 863 2017 beneviventem
883 2003 894 2021 ,
921 1978 1080 2022 justitiam
1108 1992 1183 2014 ver-

254 2026 303 2067 bo
329 2027 567 2077 praedicantem
587 2053 600 2071 ‚
634 2041 739 2077 opere
764 2027 1053 2070 demonstrantem
1074 2054 1086 2072 ,
1120 2028 1182 2065 do-

256 2079 390 2116 &orem
417 2077 631 2120 mirabilem,
657 2078 793 2115 fidelem
819 2077 1078 2126 dispensatorem
1099 2103 1112 2120 ,
1137 2079 1182 2115 fia-

228 2126 231 2127 ⁷
254 2139 311 2164 ma
337 2125 574 2174 usquequaque
608 2125 839 2164 disseminabat
866 2142 874 2163 =
900 2127 1037 2175 quidam
1064 2128 1180 2175 dilige-

255 2175 338 2212 bant
356 2201 369 2219 ,
392 2175 531 2223 quidam
561 2173 757 2209 invidebant
777 2200 786 2208 .
823 2178 914 2213 Nam
943 2176 1009 2221 ipse
1034 2178 1184 2221 quodam

256 2225 340 2262 loco
363 2227 409 2262 ait
435 2223 476 2264 de
502 2222 700 2272 quibusdam
722 2247 734 2265 ,
767 2221 863 2270 quod
888 2235 959 2257 non
982 2222 1070 2260 caste
1095 2248 1106 2265 ‚
1132 2224 1187 2259 sed

63 2286 320 2322 p1,;J‚„17‚per
355 2273 517 2312 invidiam
552 2271 735 2317 Christum
769 2274 1004 2308 annuntiarent
1025 2284 1038 2305 .·
1073 2271 1189 2308 existi-

69 2332 134 2363 ενι.
259 2331 389 2360 mantes
408 2346 420 2364 ,
445 2324 554 2369 inquit
570 2346 582 2364 ‚
607 2319 865 2358 tribulationem
893 2319 1046 2358 sust-itare
1073 2325 1190 2358 vincu-

259 2373 302 2410 lis
329 2374 412 2410 meis
433 2398 441 2406 .
476 2370 538 2407 Sed
564 2370 648 2419 quid
672 2374 719 2407 ait
740 2373 752 2407 Ξ
785 2373 862 2407 Sive
889 2370 1062 2407 occafione
1084 2394 1096 2412 ,
1121 2370 1189 2408 five

260 2425 403 2459 veritate
429 2418 590 2458 Christus
615 2423 832 2457 annuntietur
852 2448 863 2458 ,
888 2422 1101 2456 Annuntiant
1127 2423 1186 2466 qui

261 2486 318 2509 me
343 2482 482 2512 amant,
504 2473 700 2508 annuntiant
716 2473 786 2517 ,qui
812 2468 900 2505 mihi
928 2468 1108 2504 invident:
1135 2469 1185 2503 illi

261 2522 358 2559 bono
384 2519 492 2557 odore
519 2523 642 2556 vivunt
663 2543 676 2562 ‚
709 2520 745 2555 δε
772 2518 823 2554 illi
852 2517 946 2555 bono
981 2516 1090 2553 odore
1117 2529 1189 2552 mo·

263 2576 398 2609 riuntur
424 2584 435 2608 ι
469 2581 580 2607 tamen
608 2567 754 2616 utrisque
782 2566 1035 2615 praedicamibus
1063 2579 1190 2602 nomen

264 2620 399 2663 Christi
432 2623 649 2657 annuntietur
686 2644 697 2660 ,
731 2617 840 2653 odore
875 2622 1011 2666 optimo
1047 2616 1190 2655 mundus

265 2671 469 2720 impleatur.
497 2668 626 2706 Amasti
651 2667 733 2704 bene
752 2678 927 2713 agentem,
955 2665 1068 2703 vixisti
1095 2665 1190 2702 bono

266 2722 404 2758 odore:
431 2718 582 2756 invidisti
610 2717 693 2755 benc
718 2720 826 2764 agenti
851 2741 863 2758 ,
891 2727 1045 2753 mortuus
1071 2729 1105 2752 es
1132 2715 1191 2752 bo-

267 2785 315 2809 no
339 2769 466 2806 odore.
494 2767 676 2817 Numquid
701 2771 779 2815 quia
806 2770 894 2802 mori
923 2765 1086 2808 voluisti,
1113 2766 1193 2802 ideo

267 2821 415 2858 odorem
441 2819 538 2862 illum
565 2818 695 2856 malum
719 2814 780 2853 ess'e
805 2815 936 2854 fecisti?
961 2816 1049 2853 Noli
1065 2816 1197 2852 invide-

269 2885 326 2918 te,
352 2876 387 2909 δι
413 2883 483 2908 non
507 2880 541 2906 te
566 2867 701 2907 occidet
727 2866 838 2903 bonus
863 2865 972 2903 odor.

0 799 17 935 ᾖ
71 812 245 842 2.Cor.2.16.

320 3044 375 3077 Ex
402 3038 537 3086 ejusdem
566 3035 724 3073 Tradatu
750 3041 927 3072 LXXXVII.
949 3039 981 3072 in
990 3041 1147 3080 joannem

368 3088 584 3132 evangelium
594 3112 606 3130 ,
615 3096 683 3132 cap.
700 3097 752 3132 15.
767 3084 851 3129 vers.
868 3097 920 3130 17.
932 3098 962 3121 n.
978 3097 1005 3120 1.
1016 3086 1059 3122 θ’
1069 3097 1102 3121 2.

387 3174 451 3210 AEc
474 3171 585 3208 mando
610 3169 703 3207 vobis
727 3178 764 3206 ut
787 3169 930 3213 diligatis
950 3171 1088 3206 invicem
1105 3195 1114 3204 .
1139 3171 1196 3204 In-

409 3220 562 3267 telligere
587 3219 747 3257 debemus
768 3217 858 3255 hunc
882 3214 943 3255 esic
968 3219 1115 3256 fructum
1133 3231 1192 3254 no-

272 3273 382 3310 strum
407 3271 449 3308 de
475 3282 550 3317 quo
569 3272 638 3312 ait,
665 3273 745 3317 Ego
769 3282 829 3305 vos
855 3268 939 3316 elegi
965 3280 1002 3306 ut
1028 3273 1130 3310 eatis,
1156 3272 1190 3304 ἃ

273 3323 424 3359 ἧ-υᾶυῐῐι
457 3319 599 3357 afferatis
624 3343 637 3361 ,
670 3324 704 3357 ὃ(
730 3319 858 3356 fruetus
883 3318 992 3354 vester
1026 3329 1155 3355 maneat
1179 3344 1189 3353 .

274 3397 302 3416 ,a
327 3374 374 3410 Et
398 3370 493 3419 quod
518 3368 690 3415 adjunxit,
714 3372 765 3406 Ut
789 3367 1032 3416 quodcumque
1057 3371 1191 3417 petieri-

275 3447 305 3467 „
327 3425 371 3457 tis
397 3425 531 3459 Patrem
557 3422 590 3454 in
608 3422 746 3455 nomine
763 3431 863 3461 meo,
887 3418 944 3454 det
969 3417 1086 3455 vobis:
1111 3429 1191 3454 tunc

276 3476 328 3510 uti
355 3469 506 3508 nedabit
530 3467 652 3511 nobis,
677 3468 701 3505 fi
725 3467 905 3516 diligamus
923 3471 1092 3511 invicem,
1116 3480 1193 3505 cum

279 3527 312 3561 ἃ
368 3534 411 3557 oc
438 3524 449 3557 i
475 3519 545 3556 sum
571 3518 638 3567 ipse
663 3518 795 3556 dederit
819 3517 941 3560 nobis,
965 3522 1024 3566 qui
1047 3531 1108 3554 nos
1134 3517 1200 3554 ele-

278 3575 330 3622 git
355 3583 424 3608 non
477 3568 610 3607 abentes
637 3568 809 3611 fructum,
833 3573 912 3616 quia
939 3581 1008 3604 non
1034 3581 1110 3605 eum
1137 3579 1199 3603 nos

281 3622 488 3671 elegeramus
515 3632 525 3657 3
559 3623 592 3656 δε
619 3617 731 3667 posuit
756 3631 817 3660 nos
842 3629 880 3655 ut
905 3617 1053 3655 frustum
1089 3615 1201 3654 affera-

283 3686 383 3715 mus,
400 3669 468 3708 hoc
488 3668 535 3705 est
554 3672 698 3705 invicem
718 3667 912 3714 diligamus:
931 3681 1031 3716 quem
1053 3668 1201 3704 fruetum

286 3722 352 3762 fine
377 3721 441 3766 illo
474 3717 599 3757 habere
624 3731 696 3756 non
717 3716 916 3768 possumus,
940 3717 1022 3755 ficut
1047 3718 1202 3766 palmites

383 3778 416 3829 ξ.
441 3769 603 3816 ‘Prosperi-

1243 289 1350 327 sacere
1369 289 1434 327 fine
1453 294 1523 327 vite
1541 290 1628 330 nihil
1648 291 1799 340 poss'unt.
1825 292 1984 330 Charitas
2009 309 2091 345 ergo
2108 298 2157 334 est
2178 312 2343 347 issimus.

1241 341 1369 376 fruetus
1395 340 1508 377 noster
1535 367 1545 383 ,
1579 352 1681 390 quam
1715 342 1833 378 definit
1860 342 2046 390 Apostolus
2071 371 2083 389 ,
2114 347 2156 382 de

1241 390 1342 426 corde
1370 403 1459 438 puro
1494 397 1528 427 ὅ(
1553 392 1752 428 conscicntia
1778 392 1864 429 buna
1891 405 1903 435 ‚·
1934 396 1967 429 δε
1995 394 2061 430 fide
2088 408 2155 432 non

1241 439 1320 475 fieta
1345 466 1353 475 .
1379 443 1455 476 Hac
1479 440 1650 488 diligimus
1677 445 1822 478 invicem
1852 467 1863 484 ,
1898 440 1962 478 hac
1986 442 2155 491 diligimus

1241 491 1355 526 Deum
1383 516 1391 524 .
1425 492 1544 537 Neque
1570 497 1659 528 enim
1687 505 1764 527 vera
1789 492 1973 528 dii-:ctione
2004 492 2157 539 diligere-

1242 551 1316 574 mus
1342 542 1487 575 invicem
1514 565 1525 580 ,
1560 541 1618 575 nisi
1642 540 1958 588 diligentes'Deum
1985 569 1992 577 .
2028 543 2154 590 Diligit

1242 591 1333 623 enim
1352 588 1573 637 unusquisque
1594 593 1792 637 proximum
1812 602 1984 638 tamquam
2001 591 2157 640 seipsum,

1242 637 1264 672 fi
1289 639 1401 685 diligit
1427 641 1540 675 Deum
1568 653 1576 673 ε
1613 652 1690 675 nam
1715 639 1738 675 fi
1762 653 1831 675 non
1857 640 1970 687 diligit
2003 644 2123 678 Deum
2146 666 2157 685 ‚

1242 700 1310 722 non
1337 687 1450 733 diligit
1474 688 1632 736 seipsum.
1659 692 1699 725 In
1725 688 1779 725 his
1803 694 1893 726 enim
1916 690 2047 727 duobus
2074 705 2156 740 prae-

1235 740 1346 784 -ceptis
1372 735 1546 773 charitatis
1564 763 1576 780 ‚
1601 748 1673 774 tota
1698 742 1771 775 Lex
1796 739 1920 787 pendet
1943 744 1978 776 δε
2005 739 2156 790 Prophe·
2173 751 2283 782 Mateh.
2300 759 2349 787 ²23

1240 797 1281 821 tae
1300 813 1307 820 .
1335 789 1404 822 Hic
1428 786 1475 822 est
1502 786 1629 824 fructus
1653 787 1767 824 noster
1784 816 1792 824 .
1828 792 1883 825 De
1907 790 2019 826 fruetu
2046 794 2156 840 itaque
2172 802 2220 821 ao.

1238 834 1337 871 nobis
1362 837 1543 878 mandam,
1568 844 1641 874 Haec
1665 840 1796 880 mando,
1822 843 1951 886 inquit,
1977 838 2092 882 vobis,
2117 850 2156 876 ut
2170 831 2331 868 cam-²²²

1237 886 1375 928 diligatis
1390 890 1528 922 invicem
1540 914 1547 921 .
1566 887 1665 923 Unde
1683 893 1717 923 δι’
1736 887 1907 935 apostolus
1925 889 2155 932 Paulus,curn

1238 945 1357 970 contra
1384 947 1487 982 opera
1513 940 1622 972 carnis
1657 938 1895 974 commendare
1921 939 2067 975 fruetum
2093 939 2156 987 spi·

1240 987 1322 1020 ritus
1348 984 1474 1027 vellet,
1498 998 1515 1020 a
1541 989 1650 1032 capite
1674 985 1744 1021 hoc
1765 986 1895 1034 posuit,
1920 990 2083 1031 FruCkus,
2109 992 2158 1024 in-

1240 1037 1315 1081 quit
1342 1058 1354 1075 ,
1386 1032 1519 1082 spiritus
1545 1033 1690 1071 charitas
1713 1035 1762 1071 cst
1787 1049 1797 1070 ε
1832 1049 1869 1072 ac
1895 1036 2012 1072 deinde
2047 1048 2155 1074 cetera

1242 1095 1413 1130 tamquam
1438 1097 1481 1120 ex
1509 1083 1575 1119 isto
1592 1088 1700 1132 capite
1725 1095 1846 1121 exorta
1864 1090 1897 1121 &
1924 1085 2058 1134 religata
2077 1099 2161 1122 con·

1243 1139 1353 1173 texit,
1377 1146 1451 1180 quae
1477 1133 1549 1169 sunt
1574 1135 1730 1181 gaudium
1750 1159 1763 1177 ,
1789 1148 1853 1182 pax
1883 1135 2117 1183 longanimitas
2144 1161 2157 1178 ‚

1245 1182 1431 1229 benignitas
1449 1208 1459 1223 ,
1484 1182 1637 1226 bonitas,
1664 1184 1745 1219 fides
1764 1209 1775 1225 ‚
1802 1183 2021 1221 mansuetudo
2050 1189 2160 1221 conti-

1244 1236 1371 1269 nentia.
1398 1235 1489 1279 Quia
1514 1244 1625 1269 autem
1651 1233 1734 1270 bene
1759 1233 1880 1280 gaudet
1904 1259 1916 1277 ‚
1941 1238 2000 1282 qui
2027 1233 2162 1271 bonum

1245 1295 1313 1317 non
1339 1281 1452 1329 diligit
1477 1282 1564 1318 unde
1588 1284 1708 1330 gaudet
1734 1285 1746 1318 ?
1779 1287 1864 1328 Quis
1890 1297 2005 1332 pacem
2041 1296 2157 1322 veram

1241 1331 1300 1367 nifi
1326 1345 1402 1368 cum
1430 1332 1493 1367 illo
1513 1331 1623 1378 potest
1649 1331 1771 1368 habere
1796 1346 1895 1381 quem
1925 1338 2088 1370 veraciter
2107 1334 2156 1370 di·

1242 1381 1340 1427 ligit?
1366 1384 1454 1426 Quis
1474 1380 1520 1417 est
1548 1382 1749 1430 longanimis
1777 1386 1809 1418 in
1830 1382 1924 1419 bono
1950 1383 2159 1431 perseveran-

1244 1442 1296 1466 ter
1323 1430 1513 1472 manendo,
1540 1430 1598 1466 nisi
1625 1432 1751 1469 ferveat
1776 1431 1971 1480 diligendo?
1998 1437 2085 1479 Quis
2110 1432 2158 1468 est

1245 1480 1428 1529 benignus,
1454 1480 1512 1516 nifi
1537 1480 1654 1529 diligat
1679 1486 1732 1518 cui
1757 1483 1964 1530 opitulatur?
1992 1487 2079 1529 Quis
2099 1481 2163 1519 bo-

1245 1532 1306 1566 nus
1325 1556 1336 1573 ‚
1362 1529 1420 1566 nifi
1447 1530 1617 1577 diligendo
1642 1530 1807 1569 efficiatur
1831 1533 1844 1567 ἓ
1870 1536 1958 1578 Quis
1983 1531 2160 1569 salubriter

1246 1580 1353 1616 fidelis
1373 1605 1385 1623 ,
1410 1580 1469 1616 nifi
1495 1593 1530 1616 ea
1558 1580 1623 1616 fide
1649 1595 1721 1629 quae
1749 1594 1809 1629 per
1833 1582 2054 1618 dileetionem
2080 1595 2160 1629 ope-

1246 1631 1370 1666 ratur?
1397 1633 1483 1676 Quis
1510 1631 1637 1666 utiliter
1663 1631 1848 1667 mansuetus
1867 1656 1879 1674 ‚
1904 1636 1958 1668 cui
1984 1645 2052 1667 non
2078 1631 2161 1667 dile·

1241 1682 1311 1715 &io
1332 1680 1548 1715 moderetur?
1574 1684 1660 1725 Quis
1678 1680 1719 1717 ab
1745 1694 1787 1716 eo
1807 1685 1959 1717 continet
1983 1681 2072 1717 unde
2090 1693 2162 1717 tur·

1243 1741 1363 1776 parur,
1389 1729 1447 1766 nisi
1467 1729 1584 1774 diligat
1606 1730 1693 1766 unde
1712 1729 1934 1765 honestatur?
1952 1733 2083 1766 Merito
2103 1734 2163 1765 ita·

1243 1791 1308 1826 que
1335 1777 1489 1825 magister
1516 1777 1623 1814 bonus
1649 1779 1868 1814 dilectionem
1896 1779 1938 1815 fic
1964 1780 2044 1825 saepe
2069 1791 2164 1814 com—

1244 1828 1378 1864 mendat
1405 1852 1418 1870 ,
1451 1838 1624 1875 tamquam
1651 1826 1718 1864 sola
1745 1828 1966 1876 praecipienda
1993 1827 2030 1863 fit
2057 1852 2070 1869 ,
2097 1827 2162 1863 fine

1242 1891 1305 1926 qua
1341 1891 1409 1913 non
1437 1875 1570 1924 possunt
1597 1877 1784 1925 pra’cedere
1820 1889 1930 1914 cetera
1966 1876 2054 1913 bona
2080 1903 2092 1919 ,
2127 1881 2164 1913 δε

1242 1942 1315 1974 quae
1342 1939 1410 1962 non
1439 1925 1548 1974 potest
1575 1925 1692 1963 haberi
1718 1926 1784 1962 fine
1802 1930 1920 1963 ceteris
1946 1925 2066 1968 bonis,
2091 1930 2165 1974 qui-

1242 1977 1302 2013 bus
1329 1976 1440 2013 homo
1465 1975 1610 2012 efficitur
1635 1976 1761 2013 bonus.

1291 2033 1360 2065 Pro
1384 2024 1447 2062 hac
1471 2038 1583 2062 autem
1608 2025 1790 2062 dileetione
1807 2030 1971 2075 patienter
1994 2025 2180 2063 debemus·'

1238 2081 1338 2114 etiam
1366 2075 1482 2113 mundi
1507 2075 1584 2112 odia
1610 2075 1769 2112 sustinere
1787 2104 1796 2111 .
1829 2075 1964 2113 Necess‘e
1989 2076 2037 2113 est
2062 2078 2169 2111 enim·

1241 2140 1279 2164 ut
1307 2140 1368 2164 nos
1394 2125 1508 2162 oderit
1527 2151 1538 2168 ,
1563 2129 1621 2174 qui
1648 2129 1754 2162 cernit
1782 2127 1873 2162 nolle
1900 2126 1994 2173 quod
2018 2126 2132 2172 diligit
2155 2145 2166 2154 -

1243 2176 1306 2214 Sed
1340 2177 1526 2223 plurimum
1553 2188 1616 2212 nos
1651 2175 1692 2211 de
1718 2175 1824 2223 seipso
1852 2179 2022 2212 Dominus
2048 2173 2159 2211 consov
2333 2208 2350 2235 8

1245 2226 1357 2264 latur,
1382 2227 1440 2269 qui
1466 2236 1545 2258 cum
1572 2223 1727 2265 dixiffet,
1752 2232 1824 2260 Haec
1852 2227 1962 2260 mando
1989 2223 2103 2265 vobis,
2134 2209 2331 2259 u·J⁰'''¹‘¹5⁸¹
2355 2228 2362 2235 ”

1246 2273 1384 2316 diligatis
1408 2274 1568 2308 invicem3
1593 2271 1742 2316 adjecit,
1765 2283 1866 2319 atque
1893 2276 1961 2315 ait,
1983 2272 2008 2318 β
2035 2274 2173 2308 mundus

1247 2335 1307 2358 ’ως
1334 2322 1404 2361 ,οάίε
1419 2345 1432 2362 ,
1452 2320 1568 2364 scitote
1596 2325 1743 2366 quoniam
1767 2334 1814 2356 me
1835 2328 1973 2365 priorem
1994 2321 2086 2357 vobis
2104 2323 2173 2357 odio

1245 2370 1374 2407 habuit.
1400 2374 1475 2405 Cur
1504 2381 1588 2414 ergo
1618 2369 1652 2403 ie
1668 2369 1860 2404 membrum
1882 2369 1976 2417 supra
2003 2373 2168 2405 verticem

1246 2418 1415 2454 extollit?
1441 2417 1586 2454 Recusts
1611 2416 1672 2452 effe
1698 2421 1736 2452 in
1759 2429 1910 2464 corpore>
1935 2443 1947 2459 ,
1972 2417 1995 2453 fi
2021 2431 2088 2453 non
2117 2422 2167 2454 vis

1247 2468 1365 2503 odium
1393 2465 1506 2501 mundi
1536 2465 1692 2501 sustinere
1713 2479 1790 2502 cum
1822 2471 1947 2514 capite.
1974 2470 2008 2503 si
2023 2469 2060 2503 dc·
2080 2480 2171 2504 mun·
2185 2471 2256 2502 vers.
2273 2481 2323 2511 59.

1247 2519 1303 2558 do,
1330 2519 1436 2563 inquit
1458 2540 1469 2556 ‚
1493 2513 1563 2559 effct
1589 2518 1615 2551 is
1643 2517 1776 2551 mundus
1803 2519 1883 2560 quod
1906 2516 1999 2559 suum
2024 2527 2095 2553 erat
2121 2519 2168 2554 di·
2186 2512 2360 2552 ²⁸0⁰r·5·¹9

1247 2568 1356 2610 ligem
1375 2593 1383 2600 .
1420 2563 1590 2601 Universae
1618 2568 1734 2612 utique
1760 2564 1831 2601 hoc
1865 2565 1949 2602 dicit
1976 2565 2130 2603 Ecclefiae
2155 2593 2169 2611 ‚

1248 2628 1351 2663 quam
1378 2614 1576 2663 plerumque
1602 2617 1702 2650 etiam
1738 2615 1840 2662 ipsam
1876 2614 1991 2652 mundi
2027 2619 2167 2652 nomine

1250 2664 1417 2714 appeliat:
1443 2663 1525 2700 ficut
1543 2662 1591 2699 est
1617 2663 1718 2700 illud:
1746 2667 1839 2700 Deus
1858 2676 1928 2701 erat
1947 2668 1980 2701 in
2000 2664 2169 2709 Christo,

1251 2714 1417 2762 mundum
1440 2713 1659 2750 reconcilians
1678 2713 1754 2751 fibi.
1781 2718 1937 2763 Itemque
1957 2714 2058 2754 illud.
2085 2718 2167 2752 Non
2182 2716 2302 2757 Joan.3.
2319 2728 2366 2757 ¹7·

1253 2768 1346 2801 venit
1373 2763 1461 2800 filius
1487 2761 1637 2800 hominis
1671 2774 1713 2814 ut!
1734 2763 1858 2810 judicet
1884 2763 2049 2806 mundum
2072 2790 2081 2804 .
2116 2763 2171 2800 sed

1256 2826 1293 2851 ut
1320 2813 1464 2850 salvetur
1490 2812 1633 2848 mundus
1659 2826 1719 2861 per
1745 2812 1874 2861 ipsum.
1901 2816 1946 2851 Et
1973 2817 2006 2850 in
2033 2813 2172 2862 Episto-
2191 2819 2216 2838 ¹·
2233 2809 2316 2844 Joan.
2336 2818 2364 2838 ²·

1258 2866 1288 2901 la
1307 2863 1359 2900 sua
1384 2866 1525 2905 Ioannes
1543 2865 1610 2904 ait,
1635 2862 1853 2900 Advocatum
1873 2862 2038 2900 habemus
2053 2863 2098 2899 ad
2110 2868 2176 2900 *Pa*
2192 2851 2262 2880 ιφ
2276 2857 2304 2878 ²'

1257 2926 1345 2951 trem
1375 2913 1482 2955 Iesum
1511 2911 1690 2949 Christum
1718 2911 1840 2958 justum
1858 2938 1870 2955 ,
1896 2917 1929 2950 δε
1955 2912 2023 2960 ipse
2056 2916 2174 2961 propi-

1256 2967 1362 3001 tiator
1389 2961 1436 2998 est
1465 2973 1681 3009 peccatorum
1711 2961 1931 3002 nostrorum‚·
1954 2975 2023 2998 non
2041 2972 2179 2998 tantum

1257 3013 1477 3053 nostrorum,
1503 3011 1556 3053 sed
1573 3014 1673 3048 etiam
1703 3014 1805 3048 totius
1822 3011 1957 3048 mundi.
1984 3013 2095 3048 Totus
2122 3025 2180 3046 ere

1257 3076 1304 3111 go
1334 3062 1477 3099 mundus
1499 3061 1645 3101 Ecclesia
1661 3061 1734 3103 est,
1758 3066 1792 3098 δε
1818 3073 1912 3098 totus
1935 3061 2080 3097 mundus
2098 3059 2182 3096 odie

1259 3113 1460 3150 Ecclesiam.
1486 3110 1636 3149 Mundus
1661 3114 1762 3159 igitur
1789 3111 1863 3147 odit
1891 3110 2054 3147 mundum
2075 3135 2086 3152 ,
2112 3112 2173 3145 ini-

1256 3167 1364 3200 micus
1394 3160 1650 3199 reconciliatum
1667 3186 1679 3204 ,
1703 3161 1885 3198 damnatus.
1903 3161 2063 3198 salvatum
2086 3184 2098 3202 ,
2125 3162 2182 3195 inm

1252 3217 1411 3261 quinatus
1437 3210 1666 3251 mundatuma

1271 3348 1360 3358 —a—-

1270 3398 1329 3455 ‘Ex
1353 3417 1456 3452 eodem
1473 3413 1629 3450 Tmelatu
1649 3419 1824 3450 LXXXVH.
1846 3416 1879 3449 in
1887 3416 2022 3461 Joanm's
2040 3396 2157 3456 Evanss
2176 3434 2178 3437 -

1379 3465 1525 3509 genum,
1546 3473 1615 3509 cap.
1640 3474 1693 3507 15.
1719 3462 1803 3508 vers.
1827 3475 1885 3509 ¹7·
1903 3475 1986 3500 num
2009 3474 2041 3509 4.
2168 3461 2172 3465 ’

1320 3569 1337 3602 Ι
1360 3573 1526 3612 quaeratur
1562 3577 1571 3598 ε
1605 3561 1785 3610 quomodo
1817 3559 1850 3598 se
1878 3561 1994 3609 diligat
2033 3562 2186 3600 mundus-

1262 3569 1317 3655 S
1346 3612 1547 3662 perditionis
1564 3637 1577 3654 ,
1610 3614 1670 3658 qui
1698 3611 1772 3647 odit
1800 3611 1965 3648 mundum
1993 3613 2176 3649 redemtio·

1261 3663 1472 3710 nis:,diligit
1503 3661 1534 3698 se
1560 3665 1678 3708 utique
1703 3660 1779 3697 falsa
1798 3660 1980 3697 dilectione
1990 3686 2003 3704 ,
2032 3674 2098 3698 non
2120 3675 2175 3699 ve-

1264 3728 1318 3752 ra.
1343 3712 1491 3752 Proinde
1516 3711 1598 3750 salso
1625 3709 1804 3798 st·di}¹iqit,
1834 3715 1873 3748 &s
1889 3723 1966 3750 vere
1984 3711 2078 3748 odit.
2105 3713 2187 3758 Qui

1820 3772 1843 3802 a
2038 3772 2131 3799 enim
