2652 4126
442 206 549 260 288
870 203 1304 261 SANCT1

439 295 629 345 composita
647 306 718 335 arte
737 297 938 335 assentamur
959 307 1058 344 atque
1078 295 1296 334 blandimur3
1324 296 1380 333 sed

438 350 507 385 Dei
525 351 712 385 amantium
733 361 771 383 ac
790 346 1029 393 religiosorum
1058 350 1252 382 animorum
1275 350 1380 383 virtu-

438 408 605 440 tem,vera
617 401 806 434 narratione
817 395 1054 443 repraesentarc
1068 396 1380 442 studemusQuam-

436 446 560 485 obrem
571 446 735 484 tacebitur
745 459 848 493 genus
862 471 873 488 ,
893 459 954 482 nec
967 458 1143 494 parentum
1156 447 1296 483 illustris
1305 449 1379 495 glo-

437 501 487 534 ria
497 524 509 541 ‚
536 500 662 543 negotii
683 496 814 543 aliquid
834 497 974 533 disturo
993 497 1158 545 praebebit
1176 525 1184 533 .
1212 501 1354 546 Quippe
1365 523 1377 540 ,

264 554 290 576 ι.
299 544 421 585 Cor-215·
437 561 510 585 caro
520 550 563 584 θ’
566 546 694 590 sanguis
704 558 832 590 regnum
845 551 906 584 Dei
915 558 972 584 non
979 546 1168 593 poffidebunt
1177 573 1189 590 ‚
1216 561 1277 583 nec
1295 549 1377 584 coeli

241 597 273 615 ‘⁹'
286 594 334 624 50·
438 600 707 634 civesaterrenis
726 610 764 633 ae
786 597 894 634 saeculi
917 601 1151 645 praerogativis
1164 597 1375 635 honoraturi

437 647 561 684 sumus:
572 647 627 684 sed
638 647 737 696 plane
748 647 849 687 secus;
859 647 1038 685 obscuram
1051 659 1232 697 parentum
1244 653 1350 685 vitam
1362 662 1372 686 ε

437 709 526 734 artes
538 697 766 736 mechanicam
795 702 998 747 paupertatis
1009 698 1154 747 denique
1163 699 1372 747 appellatum

438 747 624 796 probrums
634 747 707 785 haec
718 752 836 796 utique
849 753 934 784 inter
945 749 1149 785 laudandum
1161 763 1374 786 commemo·

248 792 420 839 Hamillus
437 797 592 836 rabimus
602 824 611 833 .
637 802 728 836 Nam
741 801 832 845 juxta
843 800 1067 846 Evangelium
1078 799 1232 836 nostrum
1246 826 1257 843 ,
1268 799 1374 838 chri-

235 831 421 903 ssffi'sssgflg'*
439 847 537 886 stiani
548 875 560 892 ‚
570 853 603 885 in
614 846 807 885 humilitate
816 849 964 897 gloriam
975 849 1103 886 habent
1113 878 1121 885 .
1140 853 1223 886 Sane
1233 850 1373 900 quidem

235 883 401 947 Εηςὲςηῖᾼ.
414 895 421 902 ”
439 910 663 939 externorum
674 903 828 943 encomia
838 911 1002 937 contuens
1012 925 1024 943 ,
1038 904 1186 937 maxime
1195 904 1375 950 vitupero:

235 962 300 984 rum
310 953 421 993 impro-
438 950 534 999 quod
544 963 601 989 eos
616 950 783 988 laudaturi
795 963 882 999 quos
891 949 950 987 fibi
963 951 1204 999 proposuerint
1215 955 1249 988 in
1267 953 1374 988 laudis

233 993 352 1037 batalex
362 994 420 1039 ¹²3⁰·
437 1011 678 1048 argumentum
707 1011 866 1049 tanquam
884 999 974 1037 nihil
995 1003 1164 1049 peculiare
1191 1002 1374 1040 dicendum

231 1033 320 1110 {³3:11¹
329 1044 418 1069 mam*
435 1051 595 1099 supperat
615 1077 627 1094 ,
661 1051 704 1087 ad
736 1053 909 1096 Majorum
931 1051 1050 1088 frustra
1081 1052 1231 1101 sepulcra
1256 1053 1377 1091 confu-

262 1107 263 1110 ’
306 1093 326 1110 ’”’
435 1105 552 1150 giam,
578 1116 617 1138 ac
637 1102 805 1139 desunffis
824 1106 859 1139 in
877 1101 999 1140 cassum
1012 1108 1187 1151 negotium
1199 1103 1374 1153 facessants

434 1152 659 1199 mortuosque
670 1156 860 1189 viventium
881 1165 1085 1191 ornamento
1108 1153 1283 1191 asciscant:
1302 1158 1376 1203 qui-

435 1200 497 1240 bus
510 1205 578 1238 vita
598 1202 734 1239 funetos
744 1206 908 1241 invocant
927 1202 1017 1242 nihil
1030 1203 1110 1240 boni
1123 1218 1161 1241 ac
1171 1206 1323 1253 praeclari
1343 1220 1376 1243 a·

433 1251 505 1300 pud
516 1265 574 1288 eos
585 1263 700 1290 extare
710 1253 912 1305 profitentes
921 1267 1007 1303 quos
1019 1255 1174 1292 laudibus
1184 1255 1355 1293 celebrant
1366 1284 1374 1293 .

432 1306 597 1340 Praeterea
609 1329 621 1347 ‚
643 1315 681 1340 ut
691 1304 832 1353 quidem
842 1316 974 1341 certum
987 1304 1063 1342 esset
1075 1305 1117 1342 fic
1127 1311 1273 1343 omnino
1282 1319 1376 1344 com·

430 1364 587 1399 paratum
612 1352 674 1391 else
694 1380 706 1397 ‚
732 1365 770 1391 ut
790 1359 849 1403 qui
870 1356 970 1392 claris
999 1356 1185 1401 majoribus
1205 1361 1376 1405 procreati

427 1402 507 1440 sunt
519 1430 531 1447 ,
558 1404 619 1452 ipfi
638 1418 777 1453 quoque
794 1405 895 1454 probi
907 1406 1113 1450 existerent,
1138 1421 1176 1444 ac
1189 1412 1350 1444 virtutem
1363 1434 1375 1452 ‚

431 1466 493 1490 ceu
508 1455 652 1502 quadam
672 1466 825 1494 naturam
838 1456 932 1492 velut
944 1456 1153 1494 haereditaria
1172 1458 1374 1495 successione

430 1503 651 1542 transmissam
662 1505 866 1555 susciperent
876 1532 887 1549 ,
913 1505 990 1544 ess‘et
1000 1506 1132 1544 fortasse
1142 1507 1235 1545 haud
1256 1513 1373 1546 incon-

431 1567 558 1602 gruum
569 1553 748 1604 parentum
760 1555 967 1594 meminiffe:
988 1572 1068 1594 curn
1081 1572 1166 1595 vero
1179 1559 1373 1597 studiorum

428 1605 600 1642 diverfitas
610 1606 812 1655 plerumque
831 1611 961 1655 generis
974 1608 1211 1646 succeffionem
1232 1614 1372 1648 mentia—

222 1649 332 1684 Vlffl’ss
348 1662 411 1684 ”0¹²
428 1665 487 1692 tur
506 1671 516 1692 τ
543 1655 750 1705 Philosophi
767 1671 913 1707 namque
925 1659 1015 1696 filius
1027 1685 1038 1702 ‚
1064 1660 1258 1705 luxuriosus
1269 1675 1308 1698 ac
1317 1674 1373 1709 ga-

223 1697 397 1768 32:122?ss
428 1718 496 1742 neo
506 1706 684 1747 evadit5-ae
695 1707 947 1758 Philosophus,
962 1710 1150 1759 voluptarii
1161 1725 1199 1747 ac
1209 1711 1374 1749 libidino-

221 1771 365 1807 oeffiom,
375 1751 410 1804 „{
427 1755 453 1792 fi
474 1756 565 1796 filius
587 1772 596 1793 x
621 1757 742 1794 frustra
761 1758 937 1799 laboratur
958 1761 1191 1808 percensendis
1211 1766 1373 1799 encomio

219 1811 288 1849 quis
311 1811 380 1843 inde
425 1810 567 1853 proavis
578 1821 615 1843 ac
627 1808 812 1853 majoribus
834 1823 845 1847 s
865 1823 943 1846 cum
954 1810 993 1846 sit
1002 1810 1250 1848 ostendendum
1262 1838 1274 1855 ‚
1299 1826 1373 1861 quae

220 1849 372 1887 laudetur.
421 1856 586 1905 cujusque
602 1858 753 1896 facinora
764 1872 801 1895 ac
813 1873 862 1895 res
877 1860 1036 1907 praeclare
1045 1861 1144 1908 gestae
1155 1861 1233 1897 fint.
1263 1863 1372 1908 Quod

422 1904 498 1942 haee
513 1920 598 1943 vero
618 1907 662 1943 fic
671 1907 818 1944 habeant
829 1935 841 1951 ,
867 1909 960 1945 haud
972 1911 1107 1947 aliunde
1126 1911 1283 1959 diligenti
1296 1926 1372 1961 per·

421 1955 646 2003 vestigatione
661 1962 859 1994 noverimus
871 1984 881 2000 ‚
905 1972 1006 2006 quam
1018 1974 1059 1996 ex
1071 1961 1169 1998 sacris
1180 1962 1255 2010 ipfis
1267 1963 1373 2000 Chri-

423 2005 614 2043 stianorum
636 2010 820 2056 Scripturis
839 2021 992 2057 quorum
1003 2012 1188 2063 multiplex
1211 2017 1370 2063 variaque

423 2057 551 2093 utilitas
570 2057 705 2095 existit.

472 2111 600 2145 Scimus
612 2108 711 2157 plane
733 2113 952 2150 Sacerdotem
966 2139 974 2154 ‚
1002 2114 1111 2151 senem
1134 2115 1232 2152 illum
1254 2121 1370 2163 magni

420 2159 583 2195 Samuelis
594 2172 674 2195 cum
694 2161 914 2200 educatorem
927 2175 1001 2201 tum
1016 2166 1217 2214 magistrum
1230 2195 1238 2202 .
1266 2167 1369 2205 Nihil

419 2218 532 2244 tamen
556 2209 624 2257 ipse
639 2224 832 2259 quanquam
857 2218 1010 2263 optimus
1032 2226 1125 2257 erat,
1151 2218 1238 2260 juvit
1257 2218 1367 2252 filios:

419 2257 536 2305 idque,
545 2272 624 2295 curn
637 2261 727 2305 apud
738 2274 915 2306 parentem
928 2262 1038 2307 ipsum
1051 2263 1182 2297 educati
1194 2261 1295 2296 essent
1306 2286 1318 2302 ,
1329 2275 1368 2296 ac

218 2305 398 2339 ΑΞᾸύΝ-ἱ·
416 2309 573 2355 quotidie
586 2307 762 2343 sacerdotii
777 2310 847 2351 jura
857 2322 896 2344 ac
908 2309 995 2355 leges
1017 2309 1173 2345 audirent
1186 2337 1193 2344 .
1221 2310 1372 2347 Rursum

419 2370 506 2392 vero
516 2356 854 2404 Timotheusimpiis
874 2357 1069 2404 parentibus
1081 2359 1192 2394 editus
1200 2355 1272 2394 erat
1298 2374 1308 2393 τ
1334 2361 1374 2395 il-

417 2406 466 2448 le,
479 2410 634 2453 inquam,
646 2404 853 2452 Apostolus,
865 2406 1027 2453 Paulique
1041 2406 1220 2453 generosus
1228 2408 1371 2445 catulus:

418 2455 513 2494 haud
526 2456 585 2492 ille
597 2466 725 2497 tamen,
736 2468 797 2491 ceu
808 2455 976 2503 quandam
991 2467 1146 2493 naturam
1160 2482 1172 2499 ‚
1183 2455 1312 2493 secutus
1322 2457 1371 2495 est

419 2517 598 2556 parentum
614 2508 817 2542 memoriam
831 2520 840 2540 :
852 2509 930 2553 quia
945 2505 1051 2542 libera
1063 2507 1239 2544 voluntate
1248 2520 1370 2544 eorum

423 2557 510 2594 odio
521 2561 733 2605 impietatem
748 2554 876 2592 habens
888 2582 899 2599 ‚
926 2556 967 2592 ad
978 2555 1102 2593 sacram
1113 2561 1248 2606 pietatis
1259 2558 1370 2606 legem

423 2607 602 2656 transfugit
613 2620 627 2647 ,-
653 2606 826 2654 dulcisque
842 2605 972 2643 fruetus
981 2621 1023 2643 ex
1034 2620 1147 2645 amara
1168 2607 1280 2644 radice
1292 2622 1372 2657 pro-

244 2660 405 2702 2.Reg.15·
419 2658 483 2694 diit
511 2671 520 2693 ε
546 2657 722 2693 mulorum
734 2656 856 2704 copula
868 2683 879 2700 ,
889 2670 927 2692 ac
941 2660 1061 2694 ovium
1073 2669 1207 2708 partus.
1235 2662 1287 2694 Sic
1299 2658 1371 2696 Ab-

222 2704 292 2736 &ss
422 2707 529 2745 salom
541 2706 690 2744 modesti
704 2720 742 2743 ac
756 2706 860 2743 sobrii
875 2710 979 2755 patris
991 2732 1003 2751 ,
1015 2707 1127 2745 furens
1139 2710 1289 2754 juvenis;
1314 2723 1372 2746 eo-

421 2771 488 2807 que
500 2761 691 2794 temeritate
702 2770 740 2793 ac
751 2756 886 2793 audacia
896 2768 998 2794 notus
1009 2784 1021 2800 ‚
1044 2772 1116 2807 quo
1127 2770 1221 2807 pater
1230 2757 1370 2807 ‘probris

423 2822 462 2845 ac
474 2811 626 2854 ingenuis
636 2806 791 2843 moribus
809 2806 880 2842 :stu
892 2811 1007 2855 potius
1017 2834 1029 2852 ,
1054 2820 1092 2846 ut
1103 2809 1198 2857 quod
1211 2809 1250 2845 fit
1261 2814 1367 2857 magis

422 2861 595 2894 everitate
610 2882 622 2900 ,
641 2856 813 2894 dicamuss
839 2856 1037 2895 exuberanti
1049 2860 1177 2896 malitia
1190 2870 1366 2907 paternam

422 2908 525 2956 longe
550 2906 705 2956 superans
717 2909 882 2943 virtutem
899 2934 907 2942 .
934 2911 1049 2957 Atque
1059 2909 1144 2946 adeo
1155 2921 1192 2946 ut
1201 2914 1277 2958 quis
1287 2923 1369 2948 con-

422 2961 535 2994 trariis
545 2957 710 3000 eiusmodi
722 2957 876 2994 filiorum
894 2957 936 2994 ad
945 2971 1098 3007 parentes
1108 2959 1264 2997 moribus
1275 2986 1288 3004 ,
1297 2965 1366 2998 ani-

421 3020 518 3044 mum
530 3005 691 3044 adhibere
705 3007 791 3044 velit
802 3033 814 3050 ‚
829 3007 995 3045 studiosos
1007 3023 1045 3046 ac
1062 3013 1145 3047 reffl
1157 3021 1305 3048 amantes
1317 3015 1366 3047 in—

423 3070 585 3094 numeros
597 3057 693 3094 malis
706 3069 893 3106 prognatos
913 3057 1062 3096 offendet
1082 3075 1091 3095 :
1118 3060 1292 3109 malosque
1311 3064 1362 3098 vi-

422 3107 529 3144 ciffim
542 3107 736 3156 parentibus
755 3110 896 3156 optimis
915 3107 1019 3146 satos.
1048 3110 1154 3158 quue
1173 3110 1360 3148 admodum

421 3162 551 3194 merito
560 3153 769 3205 ssiquidem
793 3161 884 3194 enim
905 3170 1022 3196 natura
1032 3185 1044 3202 ‚
1070 3173 1139 3196 non
1150 3173 1264 3197 mores
1274 3186 1285 3202 ‚
1312 3165 1362 3197 vi-

423 3211 510 3243 tium
520 3218 577 3245 aut
597 3211 763 3244 virtutem
782 3207 955 3251 efficeret,
981 3222 1050 3246 non
1061 3212 1127 3256 jam
1140 3209 1211 3246 duo
1229 3209 1329 3247 essent
1348 3237 1360 3254 ,

424 3258 480 3294 scd
491 3258 635 3294 alterum
655 3257 873 3294 uniformiter
894 3259 1090 3305 praevaleret
1102 3285 1109 3293 .

475 3310 620 3345 Dicatur
629 3321 712 3356 ergo
722 3313 839 3345 Petrus
856 3306 1052 3354 filiusJona:
1078 3309 1261 3356 Cuiusnam
1275 3325 1360 3348 vero

425 3357 532 3401 illius,
545 3357 635 3396 nihil
645 3371 720 3403 mea
731 3358 844 3395 refert.
855 3360 932 3404 Ego
942 3372 1088 3408 namque
1098 3373 1115 3395 a
1128 3360 1191 3397 filii
1202 3361 1363 3404 affis,ho-

426 3408 523 3445 nesto
533 3420 727 3456 parentem3
754 3420 856 3457 atque
867 3407 908 3445 ab
918 3412 992 3446 imis
1004 3413 1164 3458 incipiens
1175 3436 1187 3453 ‚
1212 3411 1254 3447 ad
1269 3412 1361 3460 supe-

425 3462 519 3495 riora
527 3459 721 3495 transmitto
730 3458 1093 3497 laudemslucernarum
1104 3460 1294 3509 instar‚quae
1304 3476 1364 3498 no—

428 3511 486 3545 ἂιι
496 3522 514 3545 a
524 3508 598 3544 solo
609 3522 645 3545 ac
657 3513 723 3545 ima
734 3509 857 3551 domo,
867 3511 955 3545 ῐοᾶα
967 3509 1171 3547 illuminant.
1183 3513 1265 3547 Sane
1275 3525 1360 3548 vero

233 3573 299 3610 mi,
316 3575 362 3603 23,
375 3586 409 3610 v·
427 3558 523 3595 Isaias
534 3562 698 3595 vaticinio
707 3563 753 3595 ait
763 3585 774 3601 ‚
793 3557 949 3607 posuisset
966 3565 1100 3596 Patrem
1112 3586 1124 3603 ,
1143 3560 1270 3598 Filium
1278 3562 1359 3608 lapi-

237 3616 284 3646 16.
428 3609 498 3643 dem
508 3609 688 3653 angularem
700 3623 708 3644 :
720 3612 884 3645 nimirum
895 3608 1080 3656 fignificans
1091 3635 1103 3652 ,
1121 3611 1237 3647 mundi
1249 3622 1360 3648 totam

432 3662 691 3703 conceptionem
712 3658 774 3695 illo
783 3659 1003 3696 fundamento
1013 3673 1051 3696 ac
1070 3659 1135 3697 bafi
1155 3664 1270 3697 nixam
1281 3661 1360 3699 else.

433 3708 529 3750 Quin
548 3710 581 3741 &
609 3708 740 3745 rursum
759 3712 963 3757 Unigenitus
985 3735 995 3751 ,
1023 3714 1071 3746 uti
1092 3710 1190 3746 sacris
1211 3714 1361 3759 Evange-

238 3769 352 3802 Mmh,
368 3773 414 3803 15,
432 3755 470 3792 lii
483 3753 579 3791 libris
588 3756 817 3805 conscriptum
826 3759 874 3795 est
886 3785 896 3801 ‚
911 3765 1046 3796 Petrum
1060 3785 1072 3802 ‚
1082 3759 1236 3797 Ecclefiae
1245 3761 1360 3798 funda—

239 3820 271 3839 υ.
283 3810 328 3841 18.
435 3814 589 3844 mentum
599 3804 681 3844 dicit
698 3820 708 3842 ι
734 3812 784 3843 Tu
792 3820 824 3844 es
834 3815 954 3846 Petrus
964 3834 976 3852 ,
993 3811 1037 3847 Ψ
1044 3809 1138 3857 super
1146 3811 1226 3848 hanc
1233 3820 1361 3862 petram

243 2136 268 2156 1.
284 2128 351 2167 Reg.
368 2139 399 2158 2.

219 2177 250 2197 v.
265 2175 307 2203 5²--

241 3328 329 3364 Joan.
342 3337 405 3357 hv.

230 3378 279 3401 ⁴2·

1397 196 1907 260 ASTERsll

1440 294 1594 336 ‘edificabo
1603 295 1774 340 Ecclesiam
1785 307 1909 332 meam.
1937 299 2072 334 Primus
2080 300 2171 333 enirn
2182 295 2301 332 revera
2323 295 2382 335 hic

1438 359 1499 383 ceu
1511 346 1646 393 grandis
1655 345 1794 393 quidam
1807 359 1845 382 ac
1855 345 1958 382 durus
1970 346 2055 396 lapis
2066 373 2077 390 ,
2103 351 2139 383 in
2152 347 2268 383 mundi
2280 345 2380 389 huius

1439 409 1519 432 cava
1530 394 1685 432 demiss'us
1696 395 1745 432 est
1755 421 1767 438 ‚
1787 395 1853 431 five
1863 398 2040 434 convallem
2050 397 2231 443 plorationis
2241 422 2252 439 ,
2261 408 2380 445 quem—
2396 403 2471 442 Psal.
2475 415 2499 443 3.
2509 417 2568 444 v.7‚

1438 446 1625 482 admodum
1638 445 1751 483 David
1767 459 1775 483 3
1796 458 1833 482 ut
1845 444 2062 484 Christianos
2073 460 2193 484 omnes
2201 447 2378 496 super-”edi-

1438 497 1557 532 ficatos
1569 507 1707 543 portans
1720 500 1751 531 in
1765 495 1931 535 sublimes
1951 510 2076 547 nempe
2089 524 2100 540 ,
2119 497 2161 534 ad
2172 497 2239 547 spei
2251 497 2375 534 nostrae

1437 546 1657 583 domicilium
1669 545 1833 583 subvehat
1845 574 1852 582 .
1864 549 2117 585 Fundamentum
2128 549 2214 584 aliud
2223 560 2311 584 nemo
2321 558 2373 594 poss
2393 563 2490 593 1.cor.
2500 574 2527 602 3,
2537 576 2568 596 v.
2621 556 2631 592 ss

1435 596 1493 640 tell
1501 607 1611 642 ponere
1626 622 1638 640 ,
1658 606 1771 642 prater
1780 599 1813 633 id
1823 600 1905 642 quod
1909 597 2043 645 positum
2057 598 2098 641 el}
2108 624 2120 641 ‚
2143 600 2223 644 quod
2232 597 2274 640 esl
2285 598 2374 635 chri·
2392 614 2402 633 1
2414 615 2437 634 1.
2618 594 2630 637 i

1429 646 1494 691 stus
1502 647 1592 693 Jesus
1601 674 1609 682 .
1637 647 1699 683 Sed
1709 652 1743 684 δι
1753 646 1853 683 fimili
1867 661 2005 696 quoque
2027 649 2182 685 Salvator
2191 648 2307 685 noster
2317 661 2373 697 ap-
2608 651 2633 705 J

1433 697 1617 745 pellatione
1627 700 1779 745 primum
1791 697 1884 734 suum
1896 699 2112 746 Discipulum
2121 698 2371 735 honestandum
2388 702 2488 734 Petrus
2503 703 2571 734 fidei
2609 702 2630 730 >⁴

1433 747 1735 789 duxit‚nominans
1745 747 1823 784 fidei
1837 754 1980 785 Petram.
1992 755 2056 786 Per
2066 755 2203 786 Petrum
2215 762 2372 798 ergo‚ve·
2386 752 2494 789 pen-aa
2509 744 2570 774 Do-

1433 811 1510 834 rum
1521 811 1558 833 ac
1570 797 1704 834 fidelem
1717 802 1852 846 pietatis
1861 799 2041 836 doetorem
2051 798 2209 837 effeetum
2223 827 2235 844 ‚
2253 800 2369 836 Eccle·
2387 794 2545 854 meffgussp'

1437 847 1557 884 siarum
1581 847 1706 885 stabilis
1719 849 1910 898 inflexaque
1931 849 2073 887 firmitas
2092 850 2241 887 consistit
2251 878 2259 886 .
2286 849 2370 892 Iusti
2386 834 2527 896 {celetis

1435 912 1546 947 porro
1555 897 1777 936 aedificatione
1788 899 1926 937 radicati
1940 899 2137 949 stamus,qui
2149 899 2191 937 ab
2200 911 2281 937 ortu
2291 900 2370 936 solis
2385 914 2449 935 rum
2478 902 2570 934 firmi-
2618 922 2624 931 ‚

1434 948 1476 986 ad
1486 948 1589 998 usque
1599 950 1753 987 occasum
1778 949 1889 987 sumus
1901 948 2112 988 Christiani.
2140 951 2241 988 Plane
2252 976 2263 994 ,
2289 963 2367 987 cum
2387 953 2430 975 1²³
2461 945 2546 974 Pe‘ffl

1434 1014 1453 1037 a
1463 1011 1530 1036 tem
1535 1014 1619 1050 pore
1629 1004 1898 1038 annunciationis
1909 1002 2132 1051 Evangelicae',
2141 1002 2255 1038 inultae
2265 1004 2372 1037 incre·
2385 984 2515 1057 ἓξὲξ-ᾖξε

1435 1054 1549 1087 verint
1558 1055 1761 1088 tentationes
1773 1077 1784 1094 ‚
1794 1056 2002 1102 tyrannique
2011 1066 2074 1090 nos
2084 1050 2347 1090 innumerabiles
2359 1076 2371 1094 ,
2522 1045 2534 1055 ’

1435 1116 1472 1138 ac
1485 1102 1551 1138 illis
1563 1105 1661 1150 prior
1672 1128 1684 1146 ‚
1705 1101 1860 1139 diabolus
1870 1129 1881 1145 ,
1891 1103 2042 1140 funditus
2051 1102 2246 1146 destruere,'
2271 1113 2371 1150 atque

1434 1166 1453 1189 a
1473 1152 1699 1190 fundamentis
1717 1164 1870 1190 evertere
1889 1157 2002 1191 conati
2023 1154 2084 1190 fint
2104 1168 2113 1189 ε
2147 1154 2372 1190 decurrerunt

1434 1203 1575 1240 flumina
1585 1204 1680 1241 velut
1689 1208 1985 1252 torrentes‚inquit
1995 1204 2134 1241 salubris
2145 1217 2183 1240 ac
2191 1203 2279 1240 sacra
2289 1206 2375 1239 Scri-

1436 1264 1557 1302 pturas
1583 1253 1803 1292 vehementes
1814 1254 2068 1292 diabolicorum
2088 1254 2267 1303 spirituum
2278 1256 2374 1290 venti

1438 1305 1757 1353 irruerunt‚·copioli
1764 1319 1806 1342 ac
1818 1306 1973 1342 immensi
1983 1304 2259 1354 persequentium
2269 1301 2375 1341 Chri-

1436 1354 1562 1392 stianos
1575 1354 1700 1392 imbres
1711 1358 1842 1404 impetu
1854 1356 2070 1393 defluxerunt
2081 1381 2093 1398 ‚
2119 1357 2374 1403 necquicquam

1435 1417 1549 1442 tamen
1561 1405 1684 1442 divino
1695 1409 1866 1455 potentius
1877 1406 1986 1446 visum
1998 1405 2046 1442 est
2058 1409 2248 1442 munimine
2259 1419 2268 1443 3
2279 1404 2374 1453 quod

1434 1460 1599 1498 nimirum
1611 1456 1691 1493 fidei
1703 1456 1882 1494 aedificatio
1891 1457 1988 1494 saeris
2000 1461 2104 1506 primi
2117 1455 2373 1504 Apostolorum

1433 1506 1589 1544 manibus
1599 1509 1753 1544 extructa
1766 1504 1845 1543 esset
1854 1534 1862 1543 .
1880 1510 1964 1544 Haec
1975 1520 2085 1556 porro
2095 1506 2234 1543 dicenda
2244 1504 2348 1543 habui
2360 1530 2374 1548 ,

1433 1557 1480 1594 ob
1499 1557 1585 1595 illud
1608 1571 1712 1595 unum
1727 1557 1871 1594 verbum
1888 1557 2134 1594 benedistionis
2144 1558 2212 1604 ejus
2223 1583 2235 1599 ,
2260 1557 2373 1605 quiE-

1431 1608 1654 1656 vangelistam
1671 1622 1710 1645 ac
1722 1607 1848 1645 {acrum
1860 1621 2050 1657 praeconem
2065 1633 2077 1651 ,
2103 1618 2235 1657 petram
2245 1618 2373 1644 nuncu·

1433 1663 1528 1707 pavit
1541 1687 1550 1695 .
1562 1659 1747 1696 Videamus
1756 1670 1867 1696 autem
1879 1684 1891 1702 ‚
1901 1658 1925 1695 fi
1935 1658 2030 1695 lubet
2041 1684 2052 1700 ,
2064 1671 2129 1706 qua
2139 1663 2256 1695 Petrus
2269 1661 2370 1693 ratio-

1433 1723 1484 1746 nae
1495 1709 1798 1753 aedificaverit,non
1813 1709 1979 1759 lapidibus
1989 1708 2228 1756 lateribusque,
2239 1707 2294 1744 vel
2304 1708 2369 1743 alia

1433 1771 1566 1797 terrena
1577 1764 1716 1798 materia
1726 1786 1740 1804 ‚
1748 1759 1803 1797 sed
1813 1759 2023 1797 sermonibus
2034 1771 2071 1797 ac
2081 1757 2368 1805 astionibus‚quas

1431 1810 1568 1859 spiritus
1577 1809 1936 1848 exercebat.instinetu
1947 1841 1955 1848 .
2348 1812 2350 1814 ’

1481 1866 1573 1898 Cum
1596 1864 1690 1898 Deus
1709 1865 1821 1910 itaque
1840 1875 1878 1898 ac
1897 1862 2052 1899 Salvator
2071 1861 2186 1898 noster
2206 1865 2240 1898 in
2258 1858 2368 1897 coelos
2387 1877 2501 1909 primu,
2514 1877 2570 1910 Pei
2624 1897 2627 1900 ,

1433 1910 1623 1948 ascendisset
1634 1938 1646 1955 ,
1671 1912 1809 1960 quando
1829 1911 2010 1961 Apostolis
2018 1911 2246 1961 specstantibus
2263 1909 2369 1952 nubes
2385 1926 2447 1949 trus
2468 1929 2486 1949 a
2505 1918 2569 1950 Do-

1432 1966 1461 1998 ei
1475 1962 1674 1999 vehiculum
1685 1962 1770 1999 fasta
1781 1961 1829 1999 est
1839 1988 1852 2005 ‚
1877 1962 2000 1999 viriste
2010 1988 2023 2006 ,
2046 1961 2192 2000 docendi
2202 1972 2314 2011 partes
2323 1962 2369 1997 Ε·
2385 1957 2572 2003 miniatem·
2628 1982 2630 1984 -

1435 2014 1582 2062 vangelii
1602 2013 1765 2062 sustepits
1792 2024 1893 2061 atque
1903 2013 2003 2051 sociis
2011 2011 2172 2050 omnibus
2189 2016 2288 2060 prior
2302 2022 2369 2060 pro
2384 1998 2570 2071 fiffssssussa

1433 2064 1599 2113 Episcopi
1612 2077 1650 2100 ac
1661 2063 1833 2113 praepofiti
1845 2077 1986 2101 munere
2006 2077 2046 2100 os
2056 2067 2209 2112 aperiens
2217 2061 2370 2099 audentis
2385 2050 2437 2111 ξω
2456 2048 2569 2116 pgssor'

1429 2118 1533 2152 animi
1545 2115 1784 2151 fortitudinem
1803 2125 1922 2151 contra
1932 2115 2083 2162 populos
2099 2112 2255 2150 adversus
2265 2114 2370 2158 pieta?—
2386 2118 2538 2160 predicat..

1423 2176 1499 2201 ·tem
1513 2165 1661 2202 furentes
1671 2190 1683 2206 ‚
1702 2164 1834 2200 ostendi
1838 2174 1851 2196 t
1863 2175 1873 2198 ι
1891 2174 1930 2195 ac
1939 2161 2067 2207 sapiens
2076 2170 2197 2194 orator
2206 2163 2240 2195 in
2250 2161 2369 2196 medio

1429 2218 1598 2249 Gentium
1606 2225 1646 2245 ac
1664 2210 1792 2244 Israelis
1812 2210 1936 2243 enituit
1954 2222 1963 2243 ε
1990 2211 2157 2246 Gentium
2169 2233 2182 2250 ‚
2207 2212 2344 2256 inquam
2356 2233 2368 2251 ,

1434 2261 1629 2293 acuentium
1643 2257 1771 2303 linguas
1783 2282 1793 2297 ‚
1804 2269 1945 2303 quaeque
1958 2261 2005 2292 ira
2014 2282 2027 2298 ‚
2054 2268 2090 2292 ut
2101 2260 2177 2302 quis
2188 2257 2297 2297 ,lesum
2309 2270 2371 2292 no-

1433 2306 1597 2347 minasset,
1610 2306 1837 2353 implerentur
1847 2331 1855 2339 .
1868 2308 1918 2340 Ita
1928 2303 2002 2341 iane
2011 2315 2050 2341 ut
2060 2305 2154 2353 quod
2165 2318 2183 2341 a
2195 2304 2370 2355 Propheta

1433 2360 1467 2390 in
1478 2359 1624 2391 Domini
1647 2354 1789 2402 persona
1810 2354 1940 2390 dietum
1953 2355 2002 2392 est
2012 2381 2024 2398 ‚
2050 2361 2154 2393 Petro
2163 2368 2302 2404 quoque
2312 2357 2371 2394 ad·
2386 2354 2388 2356 V

1432 2404 1577 2441 modum
1589 2416 1792 2454 congrueret
1813 2418 1822 2439 ε
1841 2407 2119 2443 circumdederunt
2127 2417 2178 2442 me
2186 2418 2278 2443 canes
2287 2407 2370 2444 mul—

1430 2458 1461 2491 ti
1472 2469 1480 2490 :
1501 2458 1593 2491 tauri
1599 2457 1730 2500 pingues
1738 2453 1915 2498 obsederunt
1926 2468 1975 2492 me
1986 2470 1994 2491 ε
2014 2459 2041 2492 is
2049 2467 2163 2493 tamen
2176 2456 2294 2505 spiritu
2305 2457 2371 2494 fer-

1433 2517 1516 2541 vens
1541 2505 1674 2553 altaque
1702 2508 1870 2541 memoria
1900 2505 1986 2542 illud
2012 2506 2056 2542 ad
2081 2506 2191 2556 ipsum
2221 2509 2368 2545 Domini

1431 2555 1628 2592 mandatum
1641 2558 1810 2598 retinens,
1836 2568 1906 2604 quo
1915 2556 1980 2592 fuit
1989 2555 2117 2594 diffisum
2137 2570 2146 2592 ι
2165 2556 2266 2601 Pafte
2273 2565 2368 2603 agnos

1432 2617 1515 2642 meos
1534 2620 1543 2641 :
1564 2605 1650 2646 stans
1662 2609 1697 2641 in
1709 2605 1898 2653 promiscua
1909 2619 1951 2643 ex
1963 2605 2266 2644 innumerabilibus
2274 2609 2368 2644 Gen·

1433 2655 1525 2692 tibus
1537 2655 1757 2693 multitudine
1768 2681 1780 2699 ‚
1789 2655 1976 2694 clamabat:
1995 2660 2065 2694 Viri
2073 2659 2179 2704 Judaei
2187 2660 2229 2696 &¹
2241 2661 2297 2703 qui
2312 2658 2367 2696 ha-

2408 1178 2523 1216 Manb.
2540 1193 2571 1220 7-
2603 1229 2608 1232 Π

2390 1238 2421 1257 v·
2431 1234 2480 1260 ²7·

2406 2439 2566 2480 Pfilnmu'

2385 2490 2476 2520 νας.

2405 2581 2488 2621 Joan.
2516 2590 2532 2610 ι
2539 2590 2566 2612 ῐ.

2383 2632 2413 2651 v.
2423 2631 2449 2652 1.

1429 2705 1543 2743 bituris
1553 2706 1748 2750 Hierusalem
1759 2707 1899 2754 universi
1909 2735 1917 2742 .
1928 2710 1981 2744 Ac
1989 2720 2031 2743 ne
2041 2707 2160 2744 locum'
2169 2719 2282 2746 totum
2295 2707 2367 2746 sub—
2381 2689 2474 2723 θ’·
2482 2699 2550 2728 '⁰¹⁴¹
2565 2708 2579 2722 ”

1423 2759 1602 2794 7ιπίἂεηῑες
1635 2757 1811 2804 longiores
1828 2756 1927 2795 fimus
1947 2783 1959 2800 ‚
1985 2761 2020 2793 in
2039 2762 2204 2795 memoria
2225 2769 2366 2796 revocat

1428 2808 1533 2850 Joelis
1543 2806 1907 2856 oracula‚praedicentis
1918 2807 2035 2856 spiritu
2045 2807 2253 2857 prophetico
2261 2813 2367 2859 Spiri-

1428 2869 1481 2894 tus
1496 2858 1702 2894 adventum:
1722 2868 1796 2893 tum
1808 2857 1923 2894 tranfit
1943 2858 1985 2894 ad
1995 2858 2167 2895 Davidem
2180 2884 2191 2902 ‚
2210 2873 2364 2909 acexpo-

1427 2921 1509 2944 nens
1520 2907 1689 2946 Pialmum
1701 2908 2032 2956 quintumdecimum
2043 2934 2055 2952 ,
2066 2909 2248 2947 confirmat
2258 2907 2363 2947 resur-

1426 2961 1640 2996 restionem:
1661 2958 1771 3006 ficque
1781 2957 1970 2996 sermonem
1981 2959 2219 2996 universumin
2239 2959 2361 2996 verbo·

1426 3022 1505 3046 rum
1517 3008 1677 3057 sapientia
1687 3021 1725 3046 ac
1735 3008 1818 3055 legis
1840 3008 2038 3046 testimonio
2047 3009 2275 3052 concludens,
2300 3009 2362 3046 sta-

1424 3063 1487 3095 tim
1501 3058 1577 3108 post
1590 3058 1619 3094 se
1635 3062 1739 3095 traxit
1749 3058 1942 3098 auditorem
1969 3073 2039 3096 non
2050 3059 2166 3095 decem
2177 3084 2189 3102 ,
2215 3071 2272 3095 aut
2283 3072 2360 3096 cen-

1421 3121 1517 3148 tum3
1542 3109 1598 3146 vel
1608 3112 1708 3145 etiarn
1722 3119 1776 3145 ter
1793 3113 1985 3157 autvequin
2013 3112 2082 3145 uies
2101 3119 2233 3146 tantos:
2259 3114 2358 3158 quin—

1421 3164 1496 3197 imo
1508 3185 1520 3202 ‚
1546 3162 1610 3195 tria
1621 3159 1721 3196 millia
1731 3163 1909 3197 virorum:
1929 3123 2083 3196 Ecglefiae
2094 3170 2222 3196 coetum
2235 3185 2247 3202 ,
2273 3163 2358 3197 inte-

1420 3223 1521 3260 grum
1537 3210 1705 3258 populum
1726 3208 1858 3247 abunde
1869 3208 2048 3247 habentem
2068 3209 2184 3246 hostes
2197 3211 2357 3258 percelle⁴

1420 3274 1480 3304 re,
1505 3259 1654 3307 aquibus
1667 3263 1840 3308 repentina
1863 3259 1948 3295 adeo
1959 3263 2148 3296 mutatione
2165 3259 2292 3296 absciffi
2310 3261 2355 3297 es-

1421 3311 1493 3348 sent
1506 3331 1513 3341 ·
1541 3313 1577 3346 O
1597 3309 1712 3347 Suadae
1729 3309 1858 3347 fervida
1875 3309 2076 3358 accensaque
2095 3310 2317 3346 medicamina
2342 3337 2354 3354 ,

1421 3366 1554 3398 animos
1565 3363 1683 3396 intime
1692 3374 1731 3397 ac
1751 3358 2003 3407 penetrabiliter
2015 3359 2290 3409 perstringentia!
2317 3365 2353 3398 O

1424 3412 1540 3447 divina
1551 3410 1707 3458 sapientia
1718 3435 1730 3453 ,
1741 3408 1925 3446 humanam
1935 3418 2074 3446 omnem
2087 3410 2283 3458 sapientiam
2293 3411 2355 3448 ob·

1425 3461 1556 3498 scurans
1575 3460 1582 3495 !
1609 3460 1706 3505 Quid
1736 3459 1776 3496 ad
1795 3458 1868 3496 haec
1886 3485 1899 3503 ,
1925 3464 1983 3508 qui
2006 3459 2234 3497 Demostheni
2256 3460 2352 3510 supra

1424 3510 1599 3548 Rhetores
1617 3510 1753 3546 defertis
1765 3509 1911 3546 lauream
1933 3524 1943 3545 ε
1962 3513 2089 3557 quique
2100 3514 2271 3547 Socratem
2283 3511 2352 3548 lau-

1424 3561 1510 3598 datis
1530 3563 1617 3596 inter
1637 3558 1870 3608 Philosophos
1889 3561 1902 3595 ἓ
1927 3562 2078 3597 Tantum
2097 3564 2187 3597 enim
2205 3559 2296 3598 abest
2314 3572 2353 3599 ut

1423 3623 1563 3658 magnus
1590 3609 1647 3645 ille
1667 3622 1705 3645 ac
1732 3609 2006 3647 celebratissimus
2031 3623 2098 3659 pro
2132 3614 2282 3648 oratoria
2309 3611 2354 3648 fa-

1422 3661 1548 3698 cultate
1559 3685 1571 3702 ,
1595 3672 1633 3696 ea
1642 3659 1850 3697 auditoribus
1860 3660 2054 3708 persuaserit
2063 3673 2136 3709 quae
2145 3664 2261 3698 animo
2271 3674 2352 3698 con-

1420 3710 1538 3748 stituta
1555 3707 1678 3752 essent,
1703 3720 1740 3745 ut
1756 3713 1858 3746 etiam
1878 3709 1919 3746 ab
1940 3709 2056 3747 iisdem
2079 3710 2162 3747 urbe
2182 3724 2220 3747 ac
2239 3714 2351 3760 patrio

1420 3760 1495 3798 solo
1506 3761 1702 3807 deportatus
1716 3759 1755 3795 fit
1779 3775 1791 3793 :
1816 3765 1967 3797 Socrates
1978 3774 2063 3797 vero
2075 3786 2086 3803 ‚
2111 3761 2263 3809 plurium
2274 3761 2351 3797 illo·

1419 3824 1496 3848 rum
1519 3810 1560 3848 ad
1581 3806 1803 3848 Athenienses
1823 3809 2040 3853 sermonum,
2065 3823 2102 3848 ac
2124 3809 2287 3896 ίέιρὶεηὲἰα
2303 3823 2350 3847 re-

2248 3873 2296 3896 er-

2416 3188 2493 3221 Petri
2508 3187 2557 3220 vis

2375 3228 2529 3262 (ermerus.
