2652 4126
395 313 411 331 a

346 343 382 379 *-
404 353 431 381 3.

307 460 404 500 Flam
411 463 467 499 85·

309 639 379 668 Item
394 635 462 677 13'03·

298 1592 369 1624 bem
380 1592 418 1630 Y.
426 1602 454 1629 4.

501 246 608 296 310

550 324 564 341 ¹
595 322 773 363 Laudent
801 321 919 378 igitur
948 333 1029 362 cum
1061 318 1103 357 in
1124 315 1218 371 fimo
1247 315 1366 361 tubae.

551 383 720 442 Propter
751 377 1118 422 excellentissimam
1135 376 1351 433 Evangelii
1373 378 1413 419 in

492 441 655 484 Christo
687 437 1023 483 declarationem.
1054 438 1105 477 In
1135 451 1282 480 omnem
1304 438 1416 481 enim

488 513 630 539 terram
660 496 892 552 exiit'sonus
921 510 1068 549 eorum,
1098 495 1148 539 Θ·
1176 497 1218 537 in
1238 496 1342 558 fines
1361 513 1416 537 or·

486 558 538 598 bis
566 572 674 599 terrae
704 557 820 602 verba
849 572 997 600 eorum.
1335 603 1337 605 ,

544 618 723 659 Laudent
753 633 836 658 eum
856 618 897 657 in
921 614 1105 673 psalterio
1137 615 1186 659 (θ’
1216 617 1380 660 cithara.

543 678 611 719 De
643 677 905 735 superioribus
937 675 1085 718 scilicet
1127 678 1165 718 8<
1207 676 1408 719 inferiori-

484 736 578 790 bus,
608 752 815 795 tamquam
847 751 940 779 eum
971 737 1039 795 qui
1070 736 1167 778 fecit
1198 737 1335 779 caelum
1368 737 1407 779 &

485 809 636 839 terram
671 814 679 839 :
711 798 754 839 ut
785 795 1172 860 psalterio'caelestia
1200 826 1213 849 ‚
1251 796 1408 838 cithara

483 870 618 899 autern
653 870 812 899 terrena
843 856 1057 899 laudentur
1078 887 1088 898 .
1120 858 1232 913 Quia
1261 870 1407 897 cavum

483 917 579 959 illud
611 917 791 974 lignum,
822 917 941 974 supra
970 916 1075 973 quod
1098 915 1338 958 chordarum
1351 930 1411 957 re-

482 975 599 1020 sultat
631 979 811 1020 extenfio
833 1008 846 1031 ‚
880 978 927 1018 'in
961 976 1150 1033 psalterio
1193 975 1367 1033 superius
1397 1005 1411 1029 ‚

481 1037 522 1078 iri
556 1037 713 1079 cithara
744 1037 916 1080 habetur
946 1036 1134 1078 inferius.

539 1098 718 1138 Laudent
747 1113 831 1138 eum
860 1098 900 1137 r'n
931 1108 1111 1154 tympano
1141 1094 1192 1137 (θ’
1218 1095 1349 1137 choro.

540 1158 655 1198 Dum
676 1156 726 1197 ad
747 1155 1051 1198 fimilitudinem
1066 1154 1279 1210 tympani,
1309 1154 1414 1211 quod

481 1214 530 1256 de
562 1216 662 1256 ficco
693 1216 938 1271 extensoque
970 1214 1016 1256 fit
1058 1215 1166 1260 corio
1185 1243 1199 1266 ,
1238 1212 1288 1254 ad
1318 1214 1413 1258 eon-

479 1275 686 1315 feffionem
719 1275 804 1317 Dei
845 1274 974 1316 sensus
1014 1285 1132 1316 mutae
1173 1274 1303 1316 carnis
1342 1286 1411 1330 ap-

480 1346 648 1386 tentur,
677 1335 716 1375 8(
747 1333 796 1375 ad
828 1333 1002 1390 speciem
1023 1334 1135 1376 chori
1160 1332 1325 1374 societas
1349 1346 1412 1374 ca-

479 1393 668 1435 nentium
703 1396 742 1435 in
775 1395 891 1436 omni
913 1391 1186 1435 modulatione
1207 1388 1226 1414 ¹³
1249 1406 1411 1434 concor·

474 1452 568 1507 det,
599 1466 643 1496 ut
675 1453 781 1495 nihil
811 1452 1020 1497 diversum
1051 1453 1100 1497 de
1131 1467 1179 1501 eo
1210 1452 1273 1495 cui
1303 1453 1412 1495 cani-

473 1526 565 1567 tur,
595 1513 814 1557 sentiatur.

531 1575 708 1616 Laudate
737 1590 822 1616 cum
851 1574 893 1615 in
912 1572 1077 1627 ehordis,
1105 1572 1156 1615 δ’
1185 1588 1345 1631 organo·
1380 1594 1383 1599 ·

535 1633 584 1677 Id
617 1634 696 1687 est,
727 1635 771 1677 in
807 1634 990 1692 quolibet
1010 1632 1276 1675 instrumento
1294 1633 1411 1676 mufi·

474 1711 521 1738 co
537 1725 551 1750 ,
581 1694 687 1752 quod
699 1695 765 1737 vel
777 1695 890 1755 pulsu
900 1693 1030 1753 potest
1040 1693 1177 1737 sonare
1188 1721 1203 1747 ‚
1222 1693 1287 1735 vel
1298 1695 1410 1736 flatu.

513 1825 532 1845 a
551 1813 687 1853 Lugdun.
705 1812 738 1844 δι
759 1813 874 1844 Lovan.
902 1814 952 1844 hie
972 1810 1003 1842 ἃ
1023 1810 1106 1843 versu
1133 1810 1266 1851 sequemi-
1290 1830 1300 1847 ,
1327 1811 1404 1842 Lau·

473 1855 562 1891 dant.
586 1855 678 1889 Duae.
699 1852 730 1887 ἃ
760 1853 869 1885 Colon.
889 1854 1042 1892 laudent.
1070 1850 1153 1892 quod
1176 1861 1229 1891 pro
1251 1852 1295 1882 ius
1323 1860 1403 1883 acce-

473 1895 520 1926 dit
540 1895 577 1925 ad
599 1894 728 1925 Laudare
748 1905 826 1929 eum,
846 1894 926 1934 quod
946 1893 976 1924 in
1000 1891 1166 1933 Augustino
1188 1911 1198 1927 ,
1270 1889 1407 1936 omnibus

473 1934 623 1968 codicibus
643 1934 714 1966 sacri
742 1935 920 1966 psalmorum
951 1941 1046 1965 textus
1075 1932 1198 1962 habetur
1220 1951 1231 1968 ‚
1261 1932 1293 1962 in
1320 1940 1406 1963 omni

474 1976 559 2011 versu
579 1982 669 2018 atque
697 1975 730 2006 in
762 1975 902 2011 omnibus
927 1973 960 2010 S.
983 1973 1168 2014 Hieronymi
1195 1970 1376 2009 editionibus
1393 1993 1406 2009 .,

743 221 793 279 S.
879 223 1470 283 PRospssRi

1555 220 2170 297 AQUITANi

1535 317 1714 359 Laudent
1744 332 1828 360 eum
1858 317 1899 357 in
1928 314 2106 373 cymbalis
2142 317 2233 361 bene
2262 319 2404 374 sonan-

1594 375 1711 421 tibus.

1538 437 1653 478 Dum
1684 436 1944 493 unusquisque
1987 437 2208 479 honoratur
2246 452 2270 480 a
2309 453 2399 496 pro-

1479 497 1615 563 ximo,
1646 510 1727 538 non
1759 511 1783 538 a
1813 496 1852 539 se
1883 496 1968 558 ipso
1991 528 2002 540 .
2035 499 2146 541 Cum
2175 509 2311 540 autern
2342 497 2397 540 di-

1474 567 1598 608 cltur,

2519 162 2557 191 ..θ

2461 345 2499 382 Y·
2509 355 2536 381 5.

1543 615 1716 657 Laudate
1764 631 1847 656 eum
1897 616 1938 658 in
1987 613 2165 672 cymbalis
2205 614 2400 668 jubilatio-
2417 621 2487 655 Item
2501 626 2570 663 ’1.ς.

1585 691 1646 716 ms
1678 691 1687 717 Ξ

1528 735 1757 780 Evidenter
1782 734 2025 789 ostenditur,
2056 751 2130 794 per
2147 737 2286 779 omnia
2304 752 2399 795 ope-

1469 809 1513 837 ra
1544 795 1712 849 mustea,
1743 811 1825 838 non
1848 810 2070 852 corporeos
2092 796 2226 850 sonos,
2256 796 2321 840 sed
2341 797 2400 839 af-

1468 854 1591 896 fee'lus
1623 856 1750 897 animi
1781 855 2027 912 defignatos3
2061 855 2265 914 Siquidem
2287 857 2398 899 nulla

1471 915 1574 956 ratio
1615 915 1749 968 sinat,
1778 927 1823 957 ut
1862 915 2042 971 jubilatio
2082 916 2156 958 effe
2197 916 2313 973 possit
2352 916 2397 957 in

1471 975 1689 1028 cymbalis,
1720 975 1792 1017 nisi
1823 975 1908 1032 ipsa
1948 976 2137 1031 cymbala
2177 975 2225 1018 ad
2265 987 2398 1018 motus

1470 1035 1596 1075 animi
1628 1035 1920 1078 transferantur
1948 1064 1959 1077 .
1990 1035 2100 1078 Cum
2140 1036 2252 1077 enim
2281 1049 2396 1078 mens

1470 1106 1626 1151 coeptas
1668 1095 1751 1137 Dei
1790 1094 1924 1137 laudes
1963 1095 2096 1137 verbis
2144 1109 2226 1137 non
2268 1094 2397 1152 potest

1479 1154 1710 1211 explicare,
1740 1153 1955 1202 admiratio
1986 1154 2067 1210 ejus
2096 1155 2234 1197 fimilis
2265 1154 2310 1197 fit
2340 1155 2396 1211 ju-

1473 1214 1682 1267 bilationi‚
1713 1229 1797 1271 quae
1828 1216 1869 1255 in
1902 1228 1949 1256 eo
1980 1214 2149 1257 miratur
2178 1213 2298 1267 sono,
2327 1215 2397 1271 qui

1472 1274 1592 1315 nullis
1622 1274 1864 1329 syllabarum
1905 1273 2264 1330 comprehenditur
2302 1275 2397 1316 arti-

1472 1334 1591 1375 culis.
1625 1335 1750 1376 Nihil
1780 1347 1876 1392 ergo
1912 1345 2028 1375 extra
2058 1334 2162 1392 ipsos
2201 1332 2353 1376 sanetos
2382 1363 2397 1388 ‚

1473 1393 1614 1448 quibus
1644 1395 1727 1436 laus
1759 1394 1842 1445 Dei
1883 1392 2114 1447 indicitur,
2152 1394 2351 1451 cogitetur
2378 1423 2394 1447 ‚

1473 1465 1550 1493 nec
1579 1452 1660 1495 vile
1691 1453 1839 1511 aliquid
1871 1453 2112 1511 spiritalibus
2142 1453 2280 1495 officiis
2309 1452 2396 1496 sen-

1473 1511 1619 1561 tiatur.
1651 1514 1708 1555 Et
1747 1515 1840 1571 quia
1879 1514 2016 1573 sapere
2059 1512 2275 1559 secundnm
2313 1526 2398 1558 car-

1465 1585 1564 1613 nem
1593 1577 1700 1614 mors
1729 1574 1809 1616 est.
1880 1576 1885 1580 ’
1934 1572 1937 1577 “
2163 1579 2166 1582 ’
2250 1580 2253 1582 ’

1537 1633 1673 1689 Omnis
1694 1632 1854 1692 spiritus
1882 1630 2013 1680 laudet
2039 1635 2251 1678 Dominum
2270 1662 2283 1675 .
2323 1632 2398 1676 Al-

1590 1691 1731 1748 leluja;
1992 1708 1994 1711 ’
2156 1714 2157 1717 “
2196 1718 2198 1721 ·
2236 1711 2237 1714 “

1466 1809 1535 1855 Vox
1544 1810 1635 1881 senim
1654 1811 1729 1842 forte
1749 1811 1846 1842 textui
1866 1812 2033 1845 infertsvest
2052 1821 2071 1844 a
2089 1795 2228 1852 Prospero
2245 1809 2395 1843 differente

1464 1850 1826 1966 Ebfftf-*iz‘i'tiim'i-mordm
1852 1902 1866 1924 .·
1892 1894 1943 1926 'aut
1969 1892 2132 1936 precedens
2151 1892 2197 1943 ,ἐν
2210 1886 2396 1945 ‚mutandum

1016 2482 1934 2586 FINIS.>

2188 3816 2200 3873 s
2217 3831 2330 3889 [An.

2452 1657 2496 1696 ἵ.
2513 1660 2545 1691 6.
