2652 4126
83 355 196 389 March.
202 367 210 388 i
217 366 246 395 9.

115 1508 213 1547 Genes.
227 1518 254 1540 2.

91 1559 124 1579 v.
135 1558 150 1577 ι.
156 1558 168 1584 ς
175 1569 183 1577 .

87 1587 201 1619 Mmb.
206 1597 218 1617 1
224 1599 251 1625 9.

86 1628 182 1658 Marc.
207 1637 219 1659 1
226 1642 254 1662 0.

88 1678 120 1698 v.
130 1680 162 1707 9.

131 3129 228 3167 Grues}
241 3137 268 3161 2.

105 3181 186 3210 v.23.

543 198 663 260 AN
720 211 997 263 LicEAT
1049 213 1496 263 DlMlTTERE
1549 217 1896 261 UXOREM.

266 306 339 332 tum
351 296 494 344 viriquae
515 294 812 344 propria-cuiusque
822 294 1118 339 fint,condiscant.
1146 296 1199 328 An

265 345 359 378 liceat
370 356 449 378 ὐινο
469 344 615 390 qualibet
626 345 718 390 causta
729 346 892 390 conjugem
902 345 1075 391 repudiare
1085 372 1093 382 ,
1120 347 1198 382 Hoc

263 394 598 444 quidemJudaeorum
610 394 779 442 problema
798 410 807 430 ε
826 393 961 442 scopum
981 406 1089 432 autem
1102 398 1199 430 inter-

263 448 447 492 rogationis
466 444 557 484 hunc
581 447 716 482 invenio
736 470 744 478 -
771 447 939 490 Quoniam
959 445 1104 482 foeminae
1122 444 1198 480 faci-

264 494 364 532 liores
382 494 423 532 ad
440 494 641 533 credendum
654 519 664 537 ‚
690 498 724 531 &
742 494 782 531 ad
794 494 949 531 miracula
966 494 1094 531 Christi
1113 494 1195 530 cele-

262 544 383 582 branda
396 571 407 589 ,
433 545 602 592 fidemque
612 545 653 581 de
671 545 918 588 divinitateeius
936 544 1196 592 amplectendam

263 594 494 643 propeniiores
513 593 574 631 ess'e
593 594 782 631 viderentur
801 595 814 633 (
830 598 909 631 ut&
922 593 1010 630 fuiffe
1029 594 1197 642 postremo

264 648 370 693 patuit
376 658 416 682 ex
426 657 539 683 earum
558 643 772 680 multitudine
781 657 855 692 quae
864 647 1071 681 servatorem
1079 670 1092 689 ,
1116 657 1196 680 cum

261 695 301 731 ad
313 694 461 743 supplicii
472 695 586 731 locum
597 695 787 736 duceretur,
798 693 1050 742 prosequutaest
1060 721 1072 738 ,
1081 698 1116 730 &
1129 694 1196 742 pas-

261 746 386 782 sionem
407 747 475 792 ejus
495 742 722 781 miserabiliter
740 744 907 784 deflevit)
928 755 965 780 ut
990 743 1144 780 offensam
1161 749 1197 781 δε

262 795 380 832 odium
389 795 478 842 apud
499 793 590 831 hunc
610 794 721 830 sexum
740 797 770 830 ei
788 794 1022 836 conciliarent,
1048 794 1196 830 dolosam

262 843 356 882 istam
375 842 794 892 interrogationem&haec
813 843 993 880 verborum
1012 844 1100 892 quasi
1118 847 1197 880 retia

265 893 411 931 fabricati
431 894 523 931 sunt.
549 896 678 931 Verum
688 893 743 929 ille
752 893 872 931 dolum
891 893 946 929 fibi
960 893 1154 931 instructum
1166 896 1199 931 vi

264 945 444 981 divinitatis
452 944 713 982 animadvertens
724 969 736 987 ,
762 948 795 981 &
806 943 931 981 leviora
942 943 1131 991 lenioraque
1141 944 1201 980 do-

263 1007 341 1032 cere
358 998 393 1031 δι
415 999 594 1043 praecipere
606 993 735 1034 solitus,
764 994 888 1030 infidias
898 1006 1016 1031 eorum
1026 994 1140 1038 elufit,
1164 1006 1200 1030 ac

264 1044 444 1082 secundum
464 1043 653 1081 mulieribus
675 1043 867 1091 responsum
885 1043 976 1080 dedit
996 1057 1009 1083 ‚·
1042 1056 1140 1092 atque
1159 1047 1202 1080 ita

265 1093 445 1132 Pharisaeos
462 1094 634 1141 quaestioni
647 1097 791 1131 intentos
809 1093 1033 1141 inhiantesque
1046 1106 1201 1141 tanquam

264 1144 387 1194 lupos,
413 1148 521 1181 inanes
534 1144 716 1192 praedaeque
736 1155 885 1192 expertes
895 1143 1073 1189 ablegavit.
1099 1144 1172 1190 Ipsa
1191 1170 1202 1187 ,

265 1198 323 1238 ait,
332 1198 453 1231 creatio
463 1195 717 1242 conjunctionis,
727 1207 794 1230 non
806 1194 942 1230 divortii
953 1193 1088 1241 scopum
1098 1193 1204 1230 osten-

266 1244 317 1281 dit
328 1257 341 1284 ,-
368 1245 558 1292 primusque
567 1247 758 1292 nuptiarum
776 1242 1142 1290 auspex&c0nciliator
1151 1256 1204 1281 ex-

266 1294 350 1332 stitit
360 1299 368 1331 i
373 1295 426 1343 pse
437 1295 608 1332 Conditor
619 1293 758 1331 univerfi
768 1319 780 1337 ,
790 1297 847 1340 qui
858 1297 891 1328 &
902 1298 1041 1341 primos,
1051 1307 1136 1342 quos
1147 1294 1207 1330 fin·

268 1356 361 1382 xerat
373 1371 385 1390 ,
410 1343 568 1382 homines
585 1343 748 1392 conjugali
770 1347 855 1379 inter
875 1343 935 1379 sese
946 1344 1082 1380 vinculo
1101 1357 1206 1391 copu-

272 1394 351 1432 lavit
365 1422 374 1437 ,
399 1399 433 1432 &
451 1394 589 1443 posteris
601 1394 694 1430 velut
714 1404 870 1441 perpetua
880 1394 1019 1440 quadam
1029 1393 1108 1430 serie
1127 1407 1208 1430 con-

269 1445 405 1482 vivendi
425 1443 704 1491 cohabitandique
723 1445 940 1481 necessitatem
961 1444 1138 1492 imposuit,
1164 1443 1209 1480 le-

270 1499 318 1543 gis
338 1495 438 1532 instar
463 1495 586 1533 divinae
603 1493 777 1530 colendam
795 1498 829 1530 δε
850 1493 1082 1531 observandam
1101 1519 1109 1527 .
1136 1490 1208 1540 Qui

272 1557 383 1597 autem
394 1558 482 1583 nexu
492 1557 558 1582 tam
568 1544 662 1581 arete
672 1546 874 1590 junguntur,
901 1557 968 1579 non
979 1545 1118 1591 amplius
1138 1545 1209 1581 duo

272 1595 367 1635 sunts·
387 1608 504 1632 verum
522 1607 585 1631 una
596 1606 693 1630 caro.
720 1597 834 1639 Quare
853 1594 946 1641 quod
956 1598 1048 1632 Deus
1067 1596 1205 1640 conjun-

270 1650 343 1690 xit,
361 1644 470 1682 hbmo
480 1658 522 1682 ne
532 1644 656 1692 separet
664 1669 673 1677 .
684 1646 765 1681 Haec
776 1642 945 1680 Pharisaeis
954 1645 1042 1691 dic‘ta
1052 1655 1126 1681 tum
1136 1644 1205 1681 fue-

268 1710 323 1734 ret
349 1696 461 1733 audite
469 1698 535 1741 jam
546 1707 606 1732 vos
616 1693 792 1731 mulierum
803 1693 965 1731 institores
976 1719 986 1736 ‚
1005 1697 1063 1742 qui
1075 1707 1134 1731 ceu
1147 1708 1203 1730 ve·

267 1745 331 1783 stes
348 1745 484 1783 subinde
493 1757 544 1782 eas
555 1747 685 1780 mutatis
696 1769 707 1787 ,
732 1747 790 1792 qui
811 1742 971 1781 thalamos
983 1755 1051 1781 tam
1068 1744 1150 1792 saepe
1166 1749 1202 1781 &

266 1796 362 1834 ficile
386 1795 509 1834 struitis
536 1807 634 1843 quam
661 1795 880 1831 nundinarum
906 1794 1118 1833 tabernulam
1142 1797 1202 1843 qui

266 1847 384 1884 dotem
399 1859 437 1883 ac
456 1845 543 1882 bona
562 1845 682 1882 ducitis
701 1870 712 1886 ‚
737 1847 892 1891 conjuges
918 1845 958 1881 ad
977 1844 1141 1892 quaestum
1167 1857 1204 1881 ac

269 1899 530 1945 negotiationem
549 1892 697 1933 habetiss
722 1897 779 1943 qui
791 1895 844 1931 vel
855 1895 973 1931 leviter
983 1895 1094 1932 offensi
1113 1894 1204 1931 libel·

267 1947 342 1983 lum
368 1946 498 1995 repudii
525 1945 751 1987 conscribitis,
776 1944 959 1992 multasque
986 1946 1078 1983 velut
1091 1945 1204 1981 viduas

264 1999 298 2032 in
319 1999 386 2032 vita
404 1996 590 2043 relinquitis
610 2020 618 2029 .
645 1994 859 2038 Existimate,
885 2001 919 2031 &
944 1999 1084 2034 omnino
1110 1995 1206 2032 vobis

266 2045 460 2094 persuadete
484 2049 694 2082 matrimonia
721 2056 993 2083 morte÷tantum
1019 2050 1054 2082 δι
1081 2045 1207 2082 adulte-

265 2098 320 2131 rio
330 2096 443 2131 dirimi
455 2094 472 2130 .’
491 2098 573 2131 Non
584 2099 675 2132 enim
685 2121 697 2138 ,
722 2107 759 2132 ut
770 2095 983 2133 connibentia
1002 2099 1184 2133 meretricia
1196 2120 1207 2137 ‚

269 2156 344 2191 quae
369 2143 469 2179 solam
496 2153 660 2177 venantur
680 2144 912 2188 voluptatem,
937 2159 1120 2192 paucorum
1148 2159 1207 2182 nu-

265 2205 378 2232 merus
387 2191 518 2228 dierum
538 2192 717 2232 terminat,
743 2190 859 2225 itidem
869 2194 901 2224 in
922 2195 958 2225 iis
969 2194 1030 2227 sese
1039 2208 1090 2228 res
1108 2195 1209 2231 habet

267 2253 342 2287 quae
352 2245 510 2276 sites-cet
519 2239 706 2286 legefiunts
731 2238 784 2275 sed
796 2237 891 2284 plane
901 2249 1037 2280 contra,
1058 2252 1088 2275 ro
1097 2238 1206 2275 bone!

269 2291 345 2326 Una
364 2285 576 2324 contrahitur
595 2289 750 2333 corporis
768 2290 930 2323 &animas
946 2287 1102 2330 societas,
1127 2292 1209 2325 ut&

269 2338 406 2376 affectus
432 2335 601 2375 affectibus
626 2334 931 2378 commisceantur,
955 2341 990 2372 δε
1016 2349 1097 2373 caro
1120 2342 1210 2376 mni

271 2387 529 2438 quodammodo
553 2385 734 2433 colligetur
742 2410 751 2418 .
777 2389 867 2432 Quae
877 2399 954 2423 cum
965 2390 1009 2421 ita
1019 2385 1080 2422 {int
1089 2383 1118 2426 ‚'
1127 2397 1211 2430 quo-

272 2438 380 2476 modo
403 2440 485 2474 citra
503 2439 602 2472 animi
621 2434 904 2483 perturbationem
925 2434 1105 2471 abscindis?
1129 2446 1214 2481 quo-

272 2489 381 2527 modo
390 2487 454 2524 sine
466 2484 637 2528 molestia,
661 2483 727 2521 fine
736 2487 930 2530 aegrimonia
949 2483 990 2521 ab
1015 2496 1050 2519 ea
1070 2483 1215 2527 recedis,

276 2551 380 2587 quam
407 2540 483 2574 vitae
510 2535 651 2577 sociam,
678 2546 746 2570 non
766 2533 946 2571 usurariam
971 2536 1004 2568 in
1014 2532 1116 2570 breve
1133 2544 1214 2570 tem—

273 2601 337 2638 pus
347 2585 495 2635 accepisti
507 2611 519 2629 ,
538 2598 611 2634 quae
630 2584 724 2621 soror
734 2594 810 2626 tua,
837 2595 912 2631 quae
920 2585 1047 2629 conjux
1066 2608 1075 2617 .
1101 2585 1147 2619 Et
1166 2583 1218 2619 so-

275 2652 334 2676 ror
352 2638 509 2685 quidem,
533 2637 707 2672 creationis
732 2633 862 2681 aspe6m
884 2638 1091 2681 materiaeque
1116 2644 1216 2670 terre-

277 2688 372 2731 stris,
397 2700 438 2724 ex
467 2699 531 2732 qua
551 2684 725 2732 compositi
746 2683 840 2721 estis3
864 2685 989 2726 coniux
1007 2694 1118 2720 autem
1139 2696 1217 2731 pro-

278 2750 353 2787 pter
379 2738 586 2774 matrimonii
617 2734 795 2782 legitimam
820 2732 979 2781 copulam
1011 2744 1112 2781 atque
1136 2746 1218 2770 con-

277 2789 499 2837 junffionem.
526 2784 663 2833 Duplex
682 2783 749 2820 hoc
769 2783 943 2820 vinculum
966 2782 1046 2831 legis
1064 2787 1100 2820 ac
1125 2794 1218 2821 natu·

278 2853 324 2876 rae
341 2835 622 2886 quemadmodum
641 2833 814 2882 abrumpes
832 2836 845 2870 ἓ
880 2834 975 2870 Paeca
1000 2832 1158 2881 nuptialia
1178 2847 1218 2871 ac

278 2888 469 2937 sponsiones
487 2885 663 2933 quomodo
683 2884 866 2921 rescindcss
892 2885 938 2920 Et
956 2882 1076 2932 quibus
1093 2883 1136 2920 de
1161 2897 1215 2932 pa·

279 2941 343 2975 &is
361 2939 454 2984 loqui
474 2949 527 2973 me
545 2934 672 2972 censes?
697 2938 751 2972 An
762 2933 863 2970 dehis
882 2932 1005 2982 quibus
1014 2932 1131 2980 scripta
1148 2935 1215 2979 iam

280 2990 361 3026 dote
371 2991 404 3023 &
417 2986 520 3033 ipsum
530 2997 625 3022 manu
638 2988 770 3033 propria
780 2982 988 3032 subscripfisti
999 3009 1010 3026 ,
1030 2987 1064 3020 δε
1072 2982 1215 3030 sigillum

281 3036 459 3087 apposuisti
478 3037 597 3073 tuum?
621 3034 739 3072 Valida
748 3033 883 3081 quidem
903 3033 958 3070 illa
967 3033 1041 3070 sunt
1053 3046 1089 3069 ac
1108 3033 1220 3071 firma-

283 3099 317 3125 ta
326 3088 416 3125 fitis:
436 3099 550 3123 verum
559 3086 599 3122 ad
611 3097 728 3121 vocem
741 3084 859 3120 Adami
871 3097 924 3120 me
933 3094 1115 3120 converto:
1143 3084 1220 3122 Haec

285 3148 362 3171 caro
381 3148 418 3168 ex
429 3136 583 3169 carnibus
601 3135 696 3176 meis,
722 3133 779 3168 hoc
797 3146 830 3167 os
840 3146 879 3166 ex
888 3131 999 3177 offibus
1017 3132 1093 3166 meis
1110 3147 1122 3166 .·
1147 3132 1218 3178 ipsa

284 3185 465 3221 vocabitur
482 3196 562 3219 uxor
579 3196 666 3221 mea.
693 3188 774 3222 Non
793 3184 836 3231 de
846 3182 956 3220 nihilo
976 3183 1129 3231 profecto
1150 3196 1218 3220 vox

284 3236 344 3275 ista
365 3238 524 3273 memoria
544 3235 694 3282 proditas
718 3234 770 3271 sed
790 3245 827 3270 ut
846 3236 1036 3274 communis
1056 3231 1129 3270 effet
1147 3246 1218 3270 om-

287 3291 382 3325 nium
401 3284 561 3322 confessio
589 3286 738 3321 virorum
755 3284 903 3321 foeminis
923 3311 935 3328 ,
961 3297 1036 3332 quae
1055 3286 1133 3320 viris
1149 3296 1219 3333 ¹per

283 3340 416 3386 nuptias
432 3335 575 3383 legitime
595 3336 795 3381 junguntur,
819 3333 917 3379 hujus
927 3338 1025 3372 unius
1034 3346 1092 3370 ore
1114 3333 1220 3380 prola·

284 3399 337 3424 ta.
363 3390 416 3423 Ac
427 3399 466 3422 ne
487 3387 616 3421 mireris
634 3387 730 3420 unius
740 3396 780 3422 ex
790 3383 898 3420 verbis
908 3395 1043 3421 caeteros
1059 3383 1220 3430 obligari3

285 3448 505 3487 quaecumque
523 3438 610 3471 circa
628 3433 853 3483 protoplastos
878 3434 952 3470 illos
978 3437 1077 3471 initio
1094 3434 1220 3471 accide-

286 3499 387 3529 runt,
413 3489 446 3522 in
466 3495 614 3522 naturam
635 3483 772 3533 posteris
781 3483 951 3522 abierunt.
978 3487 1094 3529 Quare
1111 3484 1133 3519 fi
1151 3496 1220 3520 mu-

287 3538 348 3574 lier
366 3535 473 3584 aliqua
492 3546 616 3572 temere
638 3534 827 3583 repudiata,
851 3533 984 3583 sumpto
994 3534 1163 3570 Geneseos
1182 3533 1221 3569 li·

287 3587 375 3630 bro,
398 3587 438 3623 ad
458 3585 601 3631 judicem
619 3587 630 3625 (
650 3585 795 3632 judicem
814 3585 954 3620 eundem
973 3597 1010 3620 ac
1029 3583 1168 3625 testem)
1187 3594 1220 3619 te

288 3639 485 3686 pertraxerit
501 3661 514 3678 ,
537 3635 592 3672 dic
610 3646 668 3682 age
685 3634 766 3681 quid
786 3633 996 3682 respondebis
1015 3637 1027 3670 ?
1052 3638 1111 3682 qui
1128 3632 1220 3670 defu-

290 3691 357 3735 gies
375 3698 493 3722 eorum
510 3686 741 3722 auctoritatem
759 3682 938 3721 verborum
958 3709 968 3727 ,
995 3696 1067 3731 quae
1090 3696 1148 3731 per
1172 3694 1220 3719 te-

290 3735 471 3784 metipsum
490 3747 604 3771 coram
623 3736 703 3771 Deo
723 3737 936 3782 pronunciata
954 3759 967 3777 ,
991 3746 1130 3782 quaeque
1149 3745 1218 3769 non

289 3786 371 3824 ’vilis
386 3785 502 3835 aliquis
517 3783 617 3822 scriba
629 3809 639 3828 ‚
663 3783 718 3821 sed
735 3782 803 3832 ipse
822 3783 958 3832 Moyses
979 3782 1097 3821 litteris
1115 3782 1220 3821 consi-⁶

2073 212 2174 269 281

1257 300 1440 344 gnavitDei
1453 296 1589 334 famulus
1598 310 1634 333 ac
1645 296 1810 339 minister?
1835 301 1936 334 Patris
1946 311 1980 334 ac
2000 306 2110 339 matris
2130 314 2185 340 ex„

1257 359 1382 394 pertem
1394 347 1565 384 mulierem
1587 347 1722 387 Adamo
1732 350 1866 386 Deusin
1889 360 2022 387 manum
2032 352 2164 389 tradidit
2173 366 2183 390 ς

1256 402 1290 437 &
1302 422 1314 440 ,
1324 402 1371 438 uti
1383 397 1489 439 bonus
1501 408 1650 439 curator,
1663 397 1793 445 pupillae
1805 397 1915 435 tutelae
1927 397 2092 445 prospexit
2103 428 2110 436 .
2121 401 2185 439 Ista

1256 450 1397 496 parentis
1417 447 1477 484 suae
1496 446 1702 490 defensione,
1726 446 1777 484 his
1786 448 1883 486 causae
1900 447 1959 485 suae
1977 447 2187 486 firmamentis

1256 497 1409 534 adversus
1446 500 1593 542 ingratos
1619 497 1804 546 infidosque
1830 501 1966 534 maritos
1995 497 2072 535 filiae
2098 501 2187 535 τεᾶο

1256 551 1353 584 etiam
1365 557 1501 584 utentur
1520 560 1529 582 :
1556 559 1615 582 nec
1626 546 1697 588 ullo
1716 547 1823 584 modo
1835 551 1957 594 poteris
1967 559 2110 585 uxorem
2129 547 2188 585 ha·

1256 596 1334 635 bere
1353 597 1554 643 despicatui,
1579 595 1705 642 legibus
1717 601 1750 632 &
1762 600 1939 644 antiquitus
1955 597 2117 634 divinis&
2128 610 2188 646 po·

1256 647 1369 684 sterius
1387 646 1540 685 humanis
1558 646 1706 683 astrictus
1725 673 1734 682 .
1760 651 1924 684 Incutiant
1942 646 2001 683 tibi
2023 648 2187 694 pudorem

1256 702 1330 735 vitae
1339 696 1593 733 commoditates
1602 709 1681 743 quas
1691 708 1779 733 uxor
1789 696 1894 732 adfert
1905 722 1913 730 .
1924 696 2119 734 Membrum
2129 697 2189 740 est,

1255 748 1398 792 adjutrix
1408 746 1475 789 est,
1503 749 1640 794 vitaeque
1660 746 2025 784 socia&communium
2046 750 2189 793 genitrix

1256 797 1464 836 liberorum‚·
1490 798 1521 831 in
1544 796 1669 832 morbis
1694 796 1891 844 opitulatrix
1910 823 1922 840 ,
1946 799 1981 832 in
2007 797 2189 834 calamitate

1260 847 1425 884 solamen;
1449 847 1571 885 domus
1596 846 1727 888 custos,
1752 859 1788 882 ac
1809 845 1976 883 bonorum
1998 846 2190 883 thesaurus.

1260 897 1388 933 Eadem
1399 896 1514 938 dolet,
1539 896 1803 942 eademgaudet3
1828 909 2047 940 communeS,
2071 897 2094 933 fi
2115 909 2190 944 quae

1261 946 1355 989 sunt,
1383 946 1520 992 poffidet
1535 958 1613 992 opes
1625 971 1635 987 ‚
1662 959 1731 982 rem
1742 957 1871 982 tenuem
1882 951 1915 983 δι
1926 945 2091 993 angustam
2100 946 2192 983 sedu-

1261 997 1296 1033 lo
1308 995 1479 1038 sustentat,
1503 995 1656 1043 maloque
1668 999 1865 1042 paupertatis
1875 1022 1884 1037 ‚
1895 1009 2053 1044 qnantum
2065 995 2172 1043 potest
2182 1020 2193 1036 ‚

1261 1049 1411 1083 occurrit
1429 1059 1465 1082 ac
1487 1044 1618 1086 resistit,
1645 1045 1790 1081 laborem
1800 1047 1940 1092 denique
1958 1050 1991 1082 δι
2013 1045 2193 1082 molestiam

1263 1096 1437 1133 educandis
1458 1094 1568 1131 liberis
1589 1106 1726 1141 propter
1745 1095 1948 1132 consortium
1968 1106 2063 1130 tuum
2084 1098 2194 1140 ingen—

1267 1158 1335 1183 tem
1355 1145 1439 1183 subit
1458 1169 1467 1179 ·
1494 1148 1524 1181 Si
1544 1144 1709 1181 calamitas
1730 1146 1845 1181 incidit
1865 1170 1878 1187 ,
1912 1144 1968 1180 ille
1989 1144 2078 1180 malis
2096 1144 2198 1181 obru-

1267 1207 1318 1233 tus
1337 1196 1433 1234 lateti
1457 1197 1556 1232 amici
1577 1193 1873 1244 quicenstbantur,
1899 1197 2076 1231 amicitiam
2096 1193 2199 1231 felici-

1263 1258 1328 1283 tate
1346 1249 1517 1282 metientes
1537 1244 1632 1282 rebus
1647 1244 1784 1281 adverfis
1803 1244 1864 1280 sese
1880 1243 2089 1284 subducun13
2113 1243 2198 1281 servi

1264 1297 1360 1333 simul
1378 1300 1412 1332 &
1431 1296 1606 1332 dominum
1618 1299 1650 1331 &
1663 1294 1803 1332 miserias
1821 1294 1952 1341 fugiunt
1964 1319 1973 1328 .
1998 1294 2073 1330 Sola
2091 1292 2197 1331 adhae-

1266 1358 1318 1383 ret
1339 1358 1426 1382 uxor
1435 1357 1526 1392 aegrae
1546 1348 1643 1393 partis
1662 1344 1871 1387 membrum,
1896 1348 1976 1381 &in
1996 1344 2088 1380 malis
2108 1344 2198 1380 serva

1267 1410 1304 1433 ac
1314 1394 1458 1432 ministra
1478 1409 1487 1430 :
1513 1393 1584 1431 haec
1605 1398 1713 1431 virum
1732 1405 1846 1437 curat,
1871 1393 1942 1430 haec
1961 1393 2120 1442 lacrymas
2145 1394 2201 1432 ab·

1268 1446 1381 1493 stergit
1392 1472 1404 1490 ,
1429 1444 1501 1481 haec
1514 1446 1614 1492 plagis
1631 1458 1667 1480 ac
1679 1444 1869 1481 verberibus
1887 1444 2060 1487 medetur,
2083 1443 2155 1481 haec
2166 1449 2199 1482 in

1268 1508 1435 1533 carcerem
1455 1494 1556 1541 usque
1567 1498 1768 1538 comitatur,
1794 1499 1850 1537 δε,
1875 1494 1980 1542 fiquis
1990 1495 2116 1540 ingredi
2130 1507 2200 1541 per·

1267 1545 1393 1592 miserit
1412 1570 1424 1589 ,
1449 1543 1588 1581 libenter
1605 1557 1668 1581 una
1687 1558 1766 1582 cum
1785 1557 1828 1581 eo
1848 1544 2080 1582 concluditur;
2104 1544 2150 1580 fin
2164 1544 2199 1581 id

1265 1596 1488 1646 prohibetur,
1512 1595 1593 1632 ficut
1613 1594 1779 1631 familiaris
1798 1594 1883 1631 hero
1902 1593 2036 1631 catellus
2055 1597 2139 1631 circa
2158 1596 2200 1639 ja.-

1263 1660 1364 1684 nuam
1382 1647 1521 1683 carceris
1539 1655 1669 1682 manet.
1696 1648 1863 1682 Novimus
1882 1644 1941 1692 ipfi
1961 1642 2162 1680 *mulierem
2186 1670 2199 1688 ,
2215 1671 2232 1687 ,ι
2248 1669 2319 1700 Des
2339 1672 2367 1699 b·

1264 1710 1340 1746 quae
1357 1696 1482 1733 attonsa
1507 1708 1603 1732 coma
1619 1694 1742 1742 vestem
1763 1694 1892 1731 virilem
1912 1720 1925 1738 ,
1950 1707 2086 1740 eamque
2105 1694 2197 1730 flori·
2215 1720 2252 1739 na
2260 1681 2385 1745 Juffias'J>

1262 1748 1360 1788 dam,
1387 1746 1515 1788 induit,
1543 1757 1581 1781 ut
1591 1759 1631 1782 ne
1656 1748 1769 1781 virum
1789 1745 1970 1790 fugientem
1980 1745 2199 1790 latentemque
2215 1749 2386 1784 biniconiu-

1263 1796 1407 1834 deserere
1426 1805 1619 1841 cogeretur.
1646 1798 1696 1830 Ita
1710 1807 1788 1830 cum
1806 1794 1996 1830 servitutem
2007 1793 2128 1829 servire
2153 1796 2200 1828 vi·
2216 1800 2252 1829 ge
2276 1789 2361 1836 ‘effrt

1264 1848 1380 1884 deatur
1392 1870 1403 1887 ‚
1428 1844 1559 1890 afl‘eftui
1571 1857 1646 1880 vere
1666 1844 1817 1884 servivit,
1845 1847 1879 1879 in
1891 1857 1998 1892 coque
2012 1846 2087 1880 vitae
2104 1855 2199 1889 gene·
2215 1830 2293 1901 ¹2:¹⁰¹·
2316 1841 2352 1877 ¹¹².

1265 1893 1539 1943 recompluribus
1562 1894 1779 1941 perseveravit
1788 1897 1900 1937 annis,
1925 1894 2039 1930 locum
2050 1907 2090 1931 ex
2100 1894 2199 1935 loco,
2217 1881 2386 1940 εχρᾶξῖξζςχ,

1267 1946 1476 1984 solitudinem
1485 1956 1526 1981 ex
1536 1943 1713 1980 solitudine
1732 1954 1880 1988 mutans.
1907 1943 2024 1979 Talem
2035 1947 2130 1979 etiam
2145 1955 2199 1989 pa·
2217 1951 2319 1980 Tacit.
2335 1951 2388 1980 lib.

1266 1997 1449 2033 tientiffirni
1471 1994 1547 2037 Jobi
1575 1994 1750 2040 conjugem
1777 1991 1868 2028 fuisse
1887 1997 2067 2041 reperimus
2087 2020 2096 2028 .
2133 1995 2200 2029 De·
2221 2001 2267 2020 20-
2295 1989 2373 2034 Hjst·

1268 2047 1439 2084 seruerunt
1459 2057 1536 2081 eum
1556 2055 1694 2086 omnes,
1720 2055 1849 2090 unaque
1859 2055 1935 2079 cum
1954 2042 2076 2090 opibus
2093 2042 2203 2079 adula-
2220 2029 2391 2099 Ῑῗξῐέιγέἑῖἓ

1266 2108 1358 2136 tores
1384 2095 1598 2132 defluxerunt
1616 2109 1626 2131 t
1653 2096 1750 2130 amici
1771 2093 1829 2139 ipfi
1850 2092 1946 2129 rebus
1970 2093 2117 2129 secundis
2126 2097 2204 2129 ami·
2221 2080 2282 2140 2¹2¹„
2300 2081 2388 2140 Ἰζᾶ]

1268 2151 1380 2184 citiam
1399 2145 1592 2183 aestimantes
1613 2156 1691 2180 cum
1718 2143 1852 2179 fortuna
1869 2154 2068 2180 mutarunt.
2095 2146 2128 2179 Si
2146 2145 2206 2189 qui
2223 2159 2341 2187 capas.

1269 2196 1496 2237 remanserunt
1504 2208 1542 2231 ac
1554 2192 1672 2240 praesto
1682 2193 1774 2230 fuere
1785 2218 1798 2236 ,
1820 2206 1938 2230 eorum
1950 2193 2118 2241 praesentia
2127 2205 2206 2228 conr
2218 2190 2316 2231 Iob-²·-
2324 2201 2354 2221 v.
2364 2200 2391 2224 7·

1271 2242 1418 2277 tumeliae
1446 2253 1550 2287 quam
1576 2241 1693 2277 officio
1722 2247 1862 2287 propior
1879 2267 1891 2283 ‚
1924 2243 2079 2287 augendae
2107 2244 2211 2288 magis

1272 2302 1425 2326 aerumnae
1443 2300 1545 2336 quam
1567 2287 1684 2323 solatio
1704 2288 1765 2324 fuit
1784 2302 1794 2326 3
1828 2294 1952 2336 quique
1976 2291 2136 2326 consolari
2157 2292 2213 2327 de-

1271 2337 1431 2380 buissent,
1455 2350 1567 2373 eoram
1578 2347 1621 2372 eo
1638 2337 1801 2373 lamentati
1811 2339 1904 2374 sunt.
1929 2339 2002 2374 Sola
2011 2351 2121 2375 autem
2138 2339 2212 2376 haec

1271 2388 1430 2434 primaria
1466 2385 1642 2432 pauloante
1676 2388 1711 2419 ἅτ
1749 2387 1947 2421 ornatiffirna
1975 2388 2111 2423 foemina
2139 2387 2213 2425 nus·

1270 2447 1375 2483 quam
1386 2447 1404 2474 a
1413 2436 1488 2471 viro
1497 2433 1630 2471 decessit
1640 2458 1652 2475 ,
1676 2430 1853 2481 affeditque
1866 2435 1918 2470 vel
1938 2438 1970 2470 in
1982 2436 2190 2483 sterquilinio
2200 2463 2212 2480 ,

1273 2487 1437 2522 laniem&
1456 2481 1569 2522 tabum
1580 2481 1786 2529 abstergens,
1812 2485 2004 2533 vermesque
2014 2486 2116 2534 plagis
2135 2488 2214 2524 edu-

1275 2538 1372 2572 cens's
1397 2546 1474 2569 vere
1493 2532 1630 2581 quidem
1651 2532 1706 2569 illa
1725 2536 1799 2570 vitae
1820 2533 1906 2570 socia
1924 2560 1936 2577 ,
1962 2549 2030 2572 non
2051 2537 2213 2574 felicitatis

1275 2581 1544 2624 contubernalis,
1569 2583 1749 2619 individuae
1759 2583 2060 2628 cultrixamicitiae‚
2086 2599 2154 2623 non
2165 2587 2212 2623 as-

1276 2634 1430 2671 sentatrix
1441 2657 1450 2675 ‚
1460 2631 1704 2680 assestatrixque
1714 2633 1940 2681 voluptatum,
1951 2649 2056 2672 unum
2067 2636 2213 2685 denique

1275 2685 1318 2721 de
1336 2694 1426 2721 tanta
1455 2683 1588 2719 fortuna
1605 2696 1642 2719 ac
1663 2694 1734 2720 tota
1761 2695 1979 2730 cognatorum
2007 2699 2044 2722 ac
2069 2685 2214 2723 benevo-

1275 2735 1417 2771 lentium
1436 2732 1580 2770 cohorte
1614 2732 1781 2781 reliquum
1807 2738 1929 2771 marito
1963 2735 2094 2773 bonum
2115 2761 2123 2770 .
2161 2739 2212 2772 Ac

1278 2785 1420 2832 proinde
1454 2796 1497 2819 ex
1521 2785 1627 2819 nimio
1660 2785 1810 2830 conjugis
1833 2797 1947 2821 amore
1981 2789 2014 2821 in
2041 2798 2213 2832 peccatum

1276 2832 1486 2881 blasphemiae
1498 2831 1647 2881 prolapsa
1658 2832 1719 2870 fuit
1741 2848 1752 2870 e
1777 2846 1813 2870 ac
1823 2847 1865 2870 ne
1882 2835 2006 2871 diutius
2025 2836 2081 2872 ille
2097 2837 2216 2872 confli-

1276 2886 1422 2921 ἀει-σιω·
1432 2909 1443 2926 ,
1451 2881 1561 2931 &ipsa
1569 2886 1738 2921 continuis
1749 2887 1780 2919 in
1791 2884 1967 2920 doloribus
1978 2897 2053 2921 eum
2065 2886 2191 2921 videret
2204 2911 2213 2927 ,

1273 2938 1352 2972 Deo
1369 2933 1587 2975 maledicere,
1605 2932 1985 2970 &accelerare-mortem
2006 2933 2097 2971 suasit
2116 2961 2125 2970 .
2151 2938 2213 2972 Seu

1277 2997 1396 3031 nempe
1406 2983 1514 3020 secura
1525 2983 1690 3018 viduitatis
1708 2995 1745 3018 ac
1756 2983 1958 3026 solitudinis,
1984 2996 2088 3021 unum
2099 2985 2133 3021 id
2155 2999 2211 3021 co-

1279 3033 1402 3082 gitabat
1421 3058 1433 3076 ,
1458 3032 1745 3079 quemadmodum
1767 3046 1785 3068 e
1803 3036 1870 3069 vita
1899 3046 1968 3069 non
1990 3037 2126 3070 maritus
2145 3038 2212 3071 exi·

1276 3096 1351 3121 ret·
1377 3085 1459 3120 Haec
1481 3081 1555 3118 talia
1571 3094 1650 3119 cum
1670 3094 1800 3119 recente
1831 3087 2029 3129 experientia
2049 3088 2211 3121 memoria

1278 3145 1370 3171 vetus
1388 3132 1538 3169 adversus
1557 3144 1614 3168 eos
1630 3131 1756 3175 adfert,
1780 3136 1838 3179 qui
1859 3145 1934 3180 erga
1951 3136 2108 3181 conjuges
2127 3136 2212 3178 inju-

1276 3188 1318 3221 rii
1339 3184 1413 3220 sunt
1433 3187 1467 3220 δι
1486 3186 1593 3230 iniqui
1613 3207 1622 3215 .
1648 3183 1744 3226 Quid
1764 3195 1870 3229 porro
1896 3182 2088 3231 respondeat
2105 3182 2208 3228 hujus

1275 3236 1421 3271 criminis
1439 3245 1532 3271 reuss
1556 3245 1657 3281 quam
1677 3231 1787 3269 saltem
1797 3232 1970 3280 speciosam
1988 3233 2130 3270 levitatis
2148 3233 2210 3270 suae

1275 3283 1497 3320 defensionem
1509 3282 1676 3330 proferat?
1686 3282 1807 3319 malum
1818 3308 1831 3325 ,
1840 3284 1898 3325 ait,
1908 3283 2128 3331 odiosumque
2140 3296 2212 3319 mu-

1277 3334 1562 3380 lierisingenium,
1576 3331 1699 3379 'lingua
1715 3335 1886 3371 temeraria
1896 3346 1932 3370 ac
1951 3346 2093 3381 praeceps
2104 3360 2116 3377 ,
2140 3345 2211 3370 mo-

1280 3382 1474 3420 resadomo
1486 3381 1646 3430 rebusque
1662 3381 1850 3418 domesticis
1860 3382 1955 3419 alieni
1967 3409 1978 3424 ‚
2004 3396 2064 3419 nec
2074 3383 2140 3431 ipsa
2149 3381 2210 3418 bo-

1278 3447 1320 3469 na
1329 3444 1385 3470 aut
1396 3433 1483 3479 frugi
1503 3435 1549 3467 rei
1559 3430 1725 3468 familiaris
1743 3432 2019 3469 administratrix.
2045 3436 2117 3469 Sint
2135 3432 2208 3469 haec

1279 3487 1323 3520 ita
1334 3482 1424 3519 sane:
1453 3481 1637 3529 persuaderi
1647 3480 1757 3517 adhuc
1774 3480 1857 3518 mihi
1878 3486 2008 3530 patior,
2033 3484 2208 3530 &accipio

1277 3532 1384 3570 vestra
1392 3532 1479 3568 dieta
1491 3556 1503 3574 ‚
1529 3531 1610 3567 ficut
1618 3543 1699 3568 unus
1718 3544 1835 3568 eorum
1853 3533 1999 3576 iudicum
2037 3536 2069 3568 ui
2091 3543 2208 3580 parum

1278 3581 1483 3629 exploratam
1491 3593 1602 3617 aurem
1612 3579 1736 3618 habent
1745 3607 1754 3623 ‚
1779 3595 1816 3618 ac
1825 3581 1919 3618 facile
1927 3547 2151 3620 accu'gtorum
2162 3586 2210 3619 in,

1279 3631 1508 3669 sectationibus
1518 3630 1685 3667 transverfi
1696 3634 1867 3678 rapiuntur
1879 3656 1887 3665 .
1907 3633 1965 3669 Tu
1975 3645 2056 3668 vero
2066 3633 2120 3669 dic
2130 3657 2140 3674 ‚
2149 3630 2209 3668 ob,

1278 3683 1369 3719 secto
1380 3695 1389 3719 3
1399 3694 1478 3717 cum
1488 3693 1558 3716 eam
1569 3683 1664 3716 initio
1673 3681 1806 3717 duceres
1817 3706 1828 3724 ,
1853 3694 1892 3717 an
1903 3681 2062 3720 nesciebas
2074 3681 2205 3719 homini

1278 3744 1310 3768 te
1317 3733 1471 3778 conjungi
1483 3733 1495 3767 ?
1521 3732 1703 3767 Hominem
1712 3742 1819 3767 autem
1828 3743 1904 3768 cum
1914 3735 1987 3780 quis
1996 3733 2088 3768 audit
2098 3757 2110 3774 ,
2135 3733 2204 3767 non

1279 3782 1387 3821 statim
1411 3793 1585 3831 peccatum
1609 3779 1774 3819 adhaerere
1798 3785 1832 3820 δι
1858 3781 2015 3830 consequi
2040 3785 2164 3827 cogitat
2187 3807 2201 3825 ‚

2038 3834 2149 3868 Deum
