2652 4126
90 415 182 448 fiunt
190 413 268 448 bena

90 466 152 488 non
159 450 232 487 bene
239 477 249 489 .

94 1147 270 1182 ιιι-,φήμῃ

84 1239 250 1278 jopem.

92 1331 161 1362 Luc.
176 1333 222 1368 18,
235 1344 267 1366 v.

96 1380 108 1402 1
118 1379 144 1408 ⁵·

110 1575 267 1623 iidblieani

88 1627 202 1674 grande
222 1627 265 1660 vi-

89 1676 166 1706 uum
173 1689 184 1700 ν

111 2207 155 2244 Ut
184 2204 258 2240 resti·

83 2245 244 2281 tuendum.

145 2298 178 2317 ν.
185 2295 214 2322 9.

114 2365 263 2398 zaccheus

85 2405 164 2441 filius
173 2405 260 2440 Abra·

84 2445 130 2478 11ae
145 2454 260 2476 morum

83 2484 262 2522 imitatione-

107 3356 204 3387 Filius
225 3355 263 3385 se-

89 3397 158 3427 nior
181 3406 214 3425 ac
236 3406 265 3426 a·

89 3435 235 3468 dolescen-

91 3485 166 3511 tior.

580 192 1199 258 PHoTIANA

275 284 432 323 *ostendit
450 301 460 323 ε
485 286 686 337 servumque
703 290 946 328 conservorum
963 293 1071 331 usibus
1085 300 1206 332 manci-

285 347 401 387 patum
413 363 422 372 .

335 385 471 423 Accidit
479 397 519 423 ut
537 393 612 436 quis
622 388 752 427 bonum
772 403 832 439 per
841 404 995 430 naturam
1015 395 1131 432 faciat:
1157 408 1208 434 ut-

282 449 351 484 que
362 449 432 473 non
441 437 562 473 ficiens
573 437 671 482 bene,
681 439 811 478 labores
820 456 859 479 ac
866 456 1006 491 operam
1019 445 1145 492 perdat:
1156 461 1210 484 ve-

283 486 336 523 lut
347 485 528 524 Pharisaeus
539 486 602 524 sest.
612 493 645 525 in
657 494 811 528 oratione
821 494 953 537 jactans:
965 494 1033 554 ³⁶ss
1043 499 1116 542 quis
1126 498 1208 534 alius

283 536 507 582 eleemosynae
516 537 706 576 ostentator
716 541 764 577 est
774 566 786 583 ‚
812 555 849 579 ae
859 541 1040 586 hissimilia
1051 572 1058 580 .
1085 549 1210 584 Levius

284 585 443 635 peceass'et
452 585 645 631 phariseus,
653 601 690 625 ut
703 590 919 628 Publicanum
930 606 948 629 a
958 597 1117 631 convicio
1128 596 1211 633 libe-

285 649 364 674 rum
375 635 556 684 reliquisset
569 665 577 674 .
604 642 707 676 Nunc
718 654 787 678 uno
799 641 906 678 verbo
916 668 928 685 ,
954 650 1210 692 contrapariter

284 685 433 724 absentes
447 686 588 735 insurgit
599 713 610 731 ‚
619 689 751 738 ejusque
762 695 818 739 qui
829 691 942 728 aderat
953 717 964 734 ‚
991 693 1128 731 vulnera
1141 697 1209 733 vel-

285 737 364 773 licat
373 763 383 773 ,
409 740 525 782 Quare
535 736 717 776 Pharisaeus
727 754 743 777 a
753 741 862 788 gloria
873 746 907 777 in
920 745 1111 790 ignominiae
1121 744 1212 783 bara—

284 785 405 823 thrum
416 790 564 824 corruit:
577 787 777 828 Publicanus
789 803 872 827 vero
882 805 899 827 a
912 796 988 828 vitae
1000 793 1130 840 probro
1140 822 1151 838 ‚
1171 796 1213 833 ad

285 835 419 874 felicem
429 834 632 886 beatumque
645 838 766 877 statum
781 840 894 877 transit
915 857 926 878 e
952 853 1051 890 atque
1064 844 1119 881 ille
1139 850 1212 893 qui-

285 886 363 923 dem
375 899 500 933 magno
510 889 690 925 intervallo
700 903 717 925 a
729 892 796 926 Dei
817 892 1052 928 necessitudine
1065 897 1209 933 recessit:

288 935 467 978 hicautem
492 940 527 981 in
547 937 678 982 fiduciae
695 939 811 980 locum
830 940 1084 982 subductusest.

521 1039 668 1087 Ejusdem
684 1067 696 1085 ,
721 1045 753 1079 in
778 1043 979 1082 zacchaeum.

289 1138 537 1229 HIericho
554 1140 634 1178 urbs
655 1153 724 1179 erat
743 1142 1016 1181 chanan-‘eorum
1037 1156 1210 1194 metropo—

422 1190 463 1227 lis
474 1216 486 1233 ,
496 1203 595 1239 quam
606 1192 714 1228 olium
726 1192 813 1234 Jesus
824 1198 921 1230 Nave
932 1207 1155 1243 expugnatam
1167 1200 1213 1232 in-

286 1243 480 1277 ternecione
496 1241 624 1277 delevit
644 1268 656 1285 ,
681 1255 849 1292 quamque
862 1244 968 1279 modo
981 1258 1077 1282 verus
1097 1246 1154 1282 ille
1164 1249 1214 1288 Je-

286 1290 338 1328 sus
352 1302 505 1327 curatum
528 1295 643 1328 venire
654 1292 807 1340 dignatus
819 1293 866 1329 est
878 1320 885 1328 .
906 1298 1032 1330 Coecus
1054 1295 1189 1344 quidem
1202 1322 1213 1339 ‚

286 1340 401 1377 lumen
414 1345 559 1389 recepit:
571 1342 717 1390 populus
727 1355 812 1378 vero
824 1343 863 1378 ad
877 1343 976 1379 fidem
991 1345 1144 1381 indubius
1154 1345 1213 1382 est:

285 1391 400 1438 lingua
412 1394 522 1426 omnis
531 1391 640 1433 Iesum
651 1390 839 1428 celebrabat
858 1409 866 1428 :
888 1394 1063 1443 omnisque
1074 1395 1191 1432 oculus
1203 1422 1214 1437 ‚

285 1441 328 1480 ad
340 1441 478 1478 oculum
491 1441 619 1477 lumine
629 1442 815 1485 donatum,
836 1445 987 1479 miraculi
1000 1459 1037 1480 ac
1048 1444 1156 1481 filutis
1167 1446 1215 1482 ul-

285 1503 343 1528 tro
353 1505 390 1528 ac
409 1491 526 1540 sponte
537 1490 735 1538 magistrum
746 1517 756 1534 ‚
774 1491 938 1529 habebat:
958 1498 1014 1541 qui
1026 1496 1122 1542 plane
1144 1509 1211 1531 non

286 1541 397 1579 verbis
408 1568 418 1583 ‚
430 1540 494 1578 vsed
506 1538 604 1578 rebus
616 1546 792 1578 ver-itatem
812 1542 994 1591 discipulos
1004 1544 1143 1580 doceret
1155 1574 1161 1580 .

319 1595 435 1628 Omne
445 1591 584 1640 quidem
596 1592 816 1640 vitium,quid
827 1594 953 1629 malum
964 1594 1011 1630 est
1022 1608 1059 1631 ac
1072 1595 1211 1642 dignum

285 1641 636 1682 odioe‘atPublicanus
645 1647 883 1690 exuperantius
894 1643 1210 1681 omnibus-Nullum

285 1696 375 1729 enim
389 1691 495 1740 specie
506 1691 617 1740 aliqua
637 1690 817 1730 honestum
830 1694 987 1741 peccandi
1012 1706 1214 1742 praetextum

284 1741 406 1783 habet.
424 1746 463 1777 In
475 1742 546 1777 aliis
556 1742 694 1790 quidem
707 1746 877 1779 invenitur
896 1744 973 1779 mali
989 1745 1138 1793 quaedam
1161 1759 1215 1780 ne-

284 1793 410 1832 ceffitas
417 1805 458 1828 ac
471 1791 567 1827 radix
578 1817 590 1834 ‚
611 1793 698 1828 unde
708 1792 856 1829 nascatur
868 1797 1024 1841 iniquitas
1036 1809 1043 1829 =
1061 1806 1093 1831 at
1105 1794 1215 1831 Publi-

283 1855 384 1879 canus
395 1841 463 1877 fera
474 1841 547 1881 est‚·
567 1841 666 1890 pestis
677 1846 746 1878 vias
768 1847 873 1886 regias
884 1843 1035 1880 obfide—ns
1048 1869 1057 1884 ‚
1077 1843 1164 1881 nihil
1176 1845 1217 1881 ad

271 1902 488 1980 ‚Eraetextum
501 1890 627 1928 habens
638 1920 646 1928 .
667 1881 880 1931 Morbo‘hoc
891 1893 1068 1931 Zacchaeus
1078 1905 1217 1943 aegrota-

307 1953 360 1986 at,
380 1941 571 1990 priusquam
595 1942 636 1978 ad
647 1941 756 1984 Jesum
778 1943 974 1982 accederes,-
992 1947 1049 1992 qui
1073 1944 1213 1981 morbus

281 1995 437 2031 coecitate
455 1995 540 2028 eoeci
561 1990 812 2029 Hierichuntici
831 1993 981 2029 deterior
1001 2004 1091 2031 erat:
1117 1994 1214 2042 fiqui-

285 2041 363 2079 dem
377 2040 435 2079 hic
446 2055 594 2090 corpore
605 2068 617 2085 ‚
631 2042 688 2078 ille
698 2047 815 2079 animo
825 2043 916 2080 laesus
927 2054 997 2080 erat
1006 2071 1014 2080 .

332 2096 389 2129 Ne
400 2092 470 2128 aliis
490 2091 618 2127 tribuas
636 2092 741 2129 aliena
762 2107 771 2128 ε
788 2093 841 2129 fied
853 2095 1007 2139 injuriam
1032 2095 1124 2142 pasfis
1135 2107 1215 2143 pro·

282 2144 355 2189 pria
367 2140 502 2176 restitue
512 2164 522 2174 .
548 2145 592 2175 Et
598 2140 625 2183 fi
635 2143 758 2182 quidem
770 2143 905 2186 aliquem
915 2143 1126 2188 defraudavi,
1145 2146 1214 2181 red-

281 2193 320 2227 do
329 2189 538 2235 quadruplum
550 2213 562 2230 ,
579 2190 712 2235 inquit,
731 2201 801 2223 non
819 2189 909 2224 aliis.
938 2195 1017 2225 Nee⁴
1033 2197 1123 2227 enim
1144 2192 1214 2229 hoe

281 2238 471 2277 mercedem
490 2235 615 2279 hahet,
640 2249 706 2283 que
724 2239 806 2275 Deo
824 2248 1000 2286 acceptum
1011 2238 1079 2274 est:
1100 2240 1154 2275 sed
1176 2244 1215 2276 iis

287 2287 363 2339 ipsis
379 2299 466 2334 quos
481 2285 652 2321 fraudavi.

329 2335 518 2381 Hodtejalus
526 2335 598 2372 huic
605 2336 708 2375 domui
715 2335 808 2380 sacia
823 2335 864 2379 el!
876 2362 888 2380 ,
913 2349 946 2373 eo
956 2339 1037 2383 quod
1047 2339 1090 2374 ὢ·
1105 2337 1213 2382 ἰρῙεΙῐ-

279 2385 558 2434 liusfitstbrahae.
586 2385 782 2431 Quomodo
799 2399 884 2435 ergo
905 2401 947 2423 ex
960 2385 1134 2424 Abraham
1157 2387 1214 2422 ille

279 2441 337 2487 qui
358 2450 401 2474 ex
421 2433 596 2473 Hiericho
610 2434 659 2471 est
680 2434 956 2473 chananaeorum
975 2435 1057 2472 urbe
1080 2438 1093 2471 ?
1117 2436 1213 2480 Quid

280 2500 465 2524 commune
475 2483 644 2526 Abrahae,
669 2485 766 2532 quod
790 2485 914 2533 speaat
924 2485 966 2521 ad
985 2498 1086 2532 genus
1100 2511 1109 2526 ,
1134 2496 1213 2521 cum

282 2536 506 2575 chananaeis?
531 2535 630 2571 Plane
641 2534 745 2582 liquet
755 2535 883 2571 tametfi
904 2548 972 2570 non
983 2546 1053 2570 erat
1064 2548 1163 2570 carne
1179 2535 1216 2570 fr-

280 2588 346 2624 lius
358 2585 506 2624 Abrahae
517 2598 528 2622 i
541 2583 694 2621 moribus
703 2596 815 2621 tamen
825 2598 863 2621 ac
872 2584 1048 2632 operibus,
1059 2584 1154 2620 {imul
1166 2595 1215 2621 at-

280 2651 346 2686 que
355 2637 396 2673 ad
408 2633 588 2673 Christum
599 2634 753 2677 acceffitg
779 2638 962 2682 ingenuum
971 2640 1075 2681 magis
1085 2647 1123 2670 ac
1135 2634 1214 2680 legi-

280 2692 406 2724 timum
428 2686 554 2722 fastum
573 2682 634 2720 effe
654 2696 756 2732 atque
774 2688 948 2732 agnitum,
971 2697 1074 2732 quam
1093 2687 1149 2731 qui
1171 2697 1213 2720 ex

281 2735 485 2779 Patriarchae
502 2733 684 2770 visceribus
695 2738 762 2770 nati
773 2745 867 2770 erant
882 2761 890 2770 .
917 2737 969 2770 Sic
981 2739 1013 2770 &
1028 2733 1214 2782 Apostolus

254 2833 261 2841 .
279 2787 448 2833 Elymam
465 2782 712 2826 vocavitfilium
731 2783 847 2821 diaboli
869 2798 878 2819 ε
897 2786 1066 2820 Dominus
1077 2796 1213 2831 quoque

283 2841 317 2874 in
329 2837 401 2874 haec
411 2835 513 2873 verba
523 2833 565 2870 ad
586 2833 716 2875 Judaeos
739 2848 747 2868 ε
774 2841 834 2870 Vos
846 2846 886 2870 ex
897 2843 988 2878 patre
998 2833 1115 2869 diabolo
1124 2833 1193 2876 estis
1204 2860 1212 2869 .

209 2914 216 2923 .
254 2914 262 2923 .
282 2891 333 2924 Ita
355 2891 481 2934 ergo&
494 2884 671 2923 zacchaeus
692 2897 768 2920 cum
781 2883 884 2920 fidem
900 2882 1047 2921 Abrahae
1066 2885 1214 2921 imitatus

282 2937 359 2974 esset
371 2951 379 2972 :
390 2938 409 2984 (⁴
412 2933 716 2982 Quemadmodum
727 2937 817 2969 enim
830 2944 969 2970 vocatus
980 2932 1036 2968 ille
1049 2957 1060 2974 ‚
1073 2936 1216 2981 patriam

282 2988 438 3036 reliquit,
450 2985 492 3021 fic
504 2984 563 3021 iste
574 2984 740 3019 telonium
755 2983 880 3019 dimisit
892 3009 902 3024 ‚
913 2995 949 3018 ac
962 2993 1069 3029 partes
1080 2981 1214 3018 divitias

283 3050 327 3077 ex
337 3037 456 3075 telonii
468 3036 569 3074 lucris
580 3058 588 3066 ·
612 3034 633 3073 >25
645 3033 790 3069 Idcirco*
802 3036 901 3069 etiam
914 3030 1072 3068 Christus
1090 3035 1214 3070 veritas

283 3090 295 3124 i
297 3085 352 3135 pst
363 3090 493 3126 merito
509 3097 588 3123 eum
600 3081 875 3122 filium-Abrahae-
879 3081 1075 3130 praedicavit
1084 3111 1092 3118 .

417 3185 562 3234 Ejusdem
580 3209 596 3227 2
617 3187 654 3221 in.
678 3157 852 3224 duosnfilios
876 3194 951 3229 quos
976 3188 1078 3219 Lucas

633 3242 878 3272 rememorat.

355 3336 503 3375 Arabola
516 3335 653 3384 quidam
667 3359 678 3377 ‚
697 3337 811 3371 Deum
823 3345 984 3370 aeterum
994 3330 1093 3376 huius
1106 3330 1215 3367 diver-

289 3346 348 3429 P
376 3388 478 3424 fita-tis
499 3386 664 3423 faetorem
675 3411 687 3427 ‚
714 3389 846 3420 Patrem
873 3393 973 3419 vocat
993 3397 1002 3417 :
1022 3383 1112 3418 filios
1132 3393 1216 3415 vero

287 3442 452 3485 majorem
464 3447 544 3473 natu
554 3461 565 3478 ‚
572 3439 741 3478 minorem
755 3459 777 3476 ,⁴
789 3433 947 3470 homines
956 3432 1040 3468 duos
1053 3446 1061 3467 ε
1073 3432 1215 3467 alterum

285 3489 423 3539 quidem
440 3513 450 3528 ‚
475 3485 684 3523 constantem
696 3488 728 3520 in
747 3481 896 3520 concess'a
907 3486 1009 3529 gratia
1020 3495 1058 3518 ac
1079 3479 1216 3517 haeredi-

287 3551 355 3577 tate
365 3537 473 3586 ipfixm
483 3539 699 3581 contingente
710 3537 852 3582 ‚quique
865 3544 1037 3580 nunquam
1048 3530 1088 3566 ab
1100 3529 1215 3566 Eccle-

287 3590 329 3627 sia
349 3587 483 3625 rebellis
496 3583 661 3622 recesserit
672 3610 684 3627 ‚
710 3595 767 3620 aut
789 3587 1068 3619 intemeratorum
1090 3593 1148 3624 my
1156 3578 1217 3614 ste-

287 3644 420 3678 riorum
430 3639 712 3673 communionem
725 3659 736 3676 ,
749 3646 808 3681 per
821 3635 898 3668 vitae
908 3632 1076 3667 luxuriam
1090 3628 1217 3677 respue-

290 3693 336 3727 rit
355 3703 364 3724 =
390 3686 535 3723 alterum
544 3688 604 3733 qui
624 3682 778 3720 adversus
791 3682 923 3730 praefata
943 3683 1058 3716 omnia
1070 3679 1219 3727 petulan-

290 3743 357 3776 tius
368 3739 474 3784 egerit
484 3761 495 3777 ,
516 3746 615 3782 atque
625 3734 703 3769 ideo
713 3746 731 3768 a
743 3745 826 3768 vero
838 3742 931 3779 patre
942 3727 1105 3766 recesserit
1116 3753 1128 3770 ‚
1138 3741 1219 3763 con-

291 3786 439 3836 celsaque
457 3784 500 3821 ab
519 3797 561 3820 eo
579 3796 716 3821 munera
729 3807 741 3826 ‚
766 3794 833 3831 pro
854 3793 951 3819 more
971 3791 1160 3828 ganconum
1183 3791 1218 3814 ac

394 3844 424 3877 S.
451 3831 571 3878 Allerii
580 3861 589 3869 .

1283 217 1918 264 EXCERPTA.
2075 232 2180 284 303

1263 299 1734 348 luxuriosorumdiffipaverit
1744 313 1781 337 ac
1791 295 2091 349 obliguricrit.1>ars
2100 319 2183 355 ergo
2201 328 2300 360 portio
2330 342 2369 362 uae

1263 349 1321 383 illa
1336 348 1539 391 substantiae‚
1557 363 1629 397 quae
1647 355 1835 398 contingit,
1853 365 1955 401 quam
1974 354 2083 397 junior
2095 359 2182 395 filius
2199 373 2372 400 noscomin-

1267 409 1387 446 apatre
1397 402 1502 446 petit,
1524 399 1708 447 baptismus
1719 400 1767 437 est
1779 427 1789 443 ‚
1808 415 1846 438 ac
1863 407 2182 451 perceptiointeme—
2199 409 2244 447 git
2262 409 2372 449 Baptis-

1267 451 1333 484 rati
1345 452 1500 496 corporis
1513 476 1520 484 .
1548 452 1682 486 Etenim
1694 451 1791 487 multi
1803 455 1900 488 etiam
1917 454 2092 497 ⁴juniorum
2112 456 2181 494 haec
2197 458 2305 493 ‘³⁸⁸2ss
2313 462 2375 489 Ρεῑ·

1269 509 1401 546 petunt,
1411 503 1444 534 &
1455 502 1621 546 accipiunt
1634 511 1807 536 :caeterum
1817 505 1875 550 qui
1885 501 1976 538 senili
1991 514 2100 540 mente
2108 506 2182 543 sunt
2197 490 2371 560 :³72⁶ffi2’332]

1259 548 1400 595 praediti
1411 572 1422 589 ,
1449 551 1473 583 ii
1483 561 1620 596 quoque
1630 549 1759 586 donum
1770 549 1838 587 hoc
1847 556 1942 588 omni
1952 552 2120 600 diligentia
2129 569 2184 593 cu-
2202 568 2294 607 θοῆς,

1270 597 1420 633 stodiunt
1431 622 1439 631 .
1459 601 1540 634 Sane
1550 611 1634 634 vero
1643 599 1737 647 quod
1751 613 1920 649 quemque
1939 607 2127 651 contingit,
2144 619 2185 642 2-
2229 620 2231 625 ⁴

1271 650 1344 694 quis
1357 647 1504 695 partibus
1514 647 1627 684 existit
1636 648 1854 686 distributum
1865 665 1874 686 t
1885 650 1937 687 sed
1947 657 2184 701 accipientium

1271 710 1335 744 pro
1347 696 1501 745 cti-jusque
1514 696 1626 733 studio
1636 697 1805 735 divenfitas
1816 725 1826 742 ,
1836 697 1940 745 maius
1952 696 2113 746 illudsaut
2124 709 2186 741 mi-

1274 760 1332 782 nus
1347 746 1425 782 facit
1436 760 1445 784 5
1457 758 1512 783 aut
1523 751 1624 783 etiam
1634 751 1777 784 omnino
1787 748 1956 787 helluatur
1966 766 2002 788 ac
2014 754 2099 789 male
2108 767 2188 791 con-

1273 796 1371 831 sumit
1383 821 1394 838 ,
1420 801 1467 832 uti
1482 801 1514 833 in
1530 797 1674 844 prodigo
1683 799 1819 834 accidit.
1846 803 1930 836 Haec
1941 805 2048 850 itaque
2058 808 2187 840 contin-

1254 858 1350 892 gens
1361 850 1480 894 portio
1499 847 1567 888 est,
1594 860 1692 894 quam
1717 847 1871 894 parabola
1893 854 2016 888 innuit.
2042 860 2076 889 In
2094 851 2188 898 login-

1270 908 1367 940 quam
1390 909 1465 932 vero
1484 900 1630 940 regionem
1647 896 1796 942 proficisci
1814 922 1824 941 ,
1847 898 1898 935 est
1916 914 1934 936 a
1955 904 2021 938 Dei
2041 902 2137 940 donis
2153 908 2188 941 ec
2245 906 2276 928 ν’
2286 905 2297 925 ¹
2307 904 2330 926 ¹·

1271 950 1444 994 praeceptis
1465 946 1563 992 longe
1575 945 1741 982 discedere
1754 974 1762 982 .
1899 955 1901 958 ’

1321 994 1431 1031 Adam
1443 1008 1578 1043 quoque
1595 995 1806 1033 substantiam
1817 997 1984 1047 diffipavit
1996 1027 2007 1043 ,
2036 1014 2188 1050 paterno-

1270 1058 1335 1092 que
1347 1049 1442 1080 omni
1452 1045 1593 1092 copioso
1603 1045 1664 1081 illo
1676 1051 1887 1094 patrimonio
1898 1049 2024 1092 amisso,
2034 1053 2189 1099 expulsus

1273 1094 1323 1130 est
1333 1108 1350 1130 e
1362 1098 1497 1141 regione
1509 1094 1814 1134 bonorumffatim
1826 1103 1924 1146 copia
1934 1099 2189 1138 affluente.Gra-

1273 1157 1314 1180 ve
1327 1144 1422 1193 plane
1434 1147 1556 1191 juniori
1570 1146 1643 1180 filio
1653 1159 1669 1181 a
1681 1157 1774 1193 patre
1784 1146 1948 1184 discedere
1960 1153 2125 1199 .-Quippe
2135 1162 2189 1199 pa-

1274 1198 1375 1230 rentis
1386 1195 1503 1231 oculus
1515 1221 1527 1238 ,
1538 1195 1715 1243 prodigam
1725 1196 1999 1244 dilapidationem
2010 1225 2022 1242 ,
2047 1214 2084 1236 ac
2093 1201 2189 1237 luxu-

1275 1248 1357 1280 riam
1372 1245 1632 1294 ,colloquiaque
1645 1258 1755 1282 moses
1769 1243 2019 1297 corrumpentia
2030 1275 2041 1292 ,
2059 1251 2190 1297 longius

1276 1294 1373 1343 pellit
1393 1295 1548 1344 fugatque
1561 1310 1577 1331 .·
1596 1300 1686 1332 Cum
1701 1298 1955 1343 autem-juvenis
1966 1298 2010 1335 sui
2030 1300 2070 1335 fit
2087 1301 2166 1345 juris
2178 1324 2191 1343 ,

1275 1358 1312 1381 ac
1323 1357 1429 1392 neque
1439 1349 1546 1381 timor
1557 1345 1644 1381 ullus
1653 1345 1756 1387 adest,
1767 1359 1827 1382 nec
1838 1348 1949 1395 pudor
1958 1374 1969 1389 ‚
1981 1353 2036 1397 qui
2047 1350 2116 1386 duo
2126 1349 2192 1386 for-

1274 1404 1321 1430 tes
1331 1394 1529 1431 lascivientis
1548 1397 1727 1439 iuventutis
1747 1396 1898 1433 custodes
1918 1398 2063 1434 existunt
2072 1412 2085 1439 ς
2111 1405 2191 1436 tune

1274 1445 1383 1492 plane,
1392 1456 1471 1481 tunc
1485 1445 1617 1493 fugiunt
1629 1450 1756 1487 omnia,
1768 1458 1804 1482 ac
1818 1446 1865 1482 sus
1879 1447 1985 1495 deque
1998 1451 2173 1485 vertuntur
2183 1476 2191 1484 .

1273 1496 1383 1540 Hujus
1404 1508 1510 1543 porro
1522 1499 1667 1542 regionis
1687 1497 1846 1543 longiusa
1859 1500 1937 1533 Deo
1957 1498 2090 1534 semo'tae
2107 1502 2192 1535 civis
2242 1512 2384 1548 Diabolus

1273 1543 1428 1581 diabolus
1438 1545 1485 1582 est
1498 1570 1504 1578 .
1527 1549 1655 1581 Peccati
1667 1545 1827 1593 fiquidem
1839 1551 1955 1583 civitas
1968 1574 1978 1588 ‚
1991 1551 2137 1595 primum
2148 1552 2193 1584 ci—
2210 1552 2344 1597 Princeps
2401 1551 2403 1553 ’

1275 1607 1352 1629 vem
1373 1608 1411 1631 ac
1432 1599 1621 1643 principem
1641 1598 1881 1644 auctoremque
1895 1622 1907 1640 ‚
1933 1597 2118 1634 Diabolum
2138 1597 2194 1634 ha·
2211 1596 2339 1639 ¹⁶g¹9¹¹l⁸

1275 1643 1330 1679 bet
1340 1657 1349 1681 3
1361 1648 1418 1693 qui
1430 1657 1548 1680 omnes
1558 1645 1775 1694 undequaque
1787 1646 1976 1684 lu'xoriosos
1985 1661 2022 1684 ac
2032 1648 2195 1696 prodigos
2211 1633 2383 1704 Ῑίῖἓῇᾞξῖἴω

1275 1705 1374 1740 cogat
1385 1720 1396 1737 ,
1407 1695 1569 1742 faciatque
1579 1698 1737 1731 concives
1746 1721 1758 1738 ‚
1767 1706 1866 1744 atque
1878 1700 1912 1732 in
1923 1707 2038 1746 turpes
2049 1723 2061 1739 ,
2078 1702 2112 1734 δε
2121 1710 2196 1745 quae
2213 1721 2268 1750 que
2285 1723 2383 1752 pom.

1275 1756 1400 1791 porcos
1409 1744 1546 1780 deceant
1556 1770 1567 1787 ‚
1578 1747 1724 1780 affiones
1735 1749 1847 1782 mittat
1857 1774 1864 1782 .
1891 1749 2026 1783 Etenim
2037 1746 2094 1783 ille
2106 1773 2117 1790 ,
2127 1760 2195 1794 gre.
2215 1761 2288 1784 nus.

1275 1805 1352 1842 gem
1363 1797 1431 1841 agit
1450 1807 1636 1842 porcorum
1649 1808 1744 1830 more
1763 1799 1950 1832 viventium
1971 1810 1981 1831 z
1999 1809 2068 1832 non
2079 1800 2196 1832 ovium

1277 1847 1407 1879 ratione
1427 1848 1596 1880 utentium
1620 1843 1734 1880 existit
1754 1844 1869 1892 pastor
1880 1870 1892 1888 ,
1912 1845 2197 1893 quemadmodum

1278 1896 1450 1929 Dominus
1460 1919 1471 1936 ,
1497 1897 1551 1939 qui
1559 1896 1694 1930 animam
1707 1893 1800 1937 suam
1816 1898 1906 1939 ponit
1911 1905 1967 1940 pro
1985 1895 2098 1932 ovibus
2112 1895 2176 1939 suis
2188 1922 2196 1930 .
2231 1912 2319 1950 μή,
2344 1921 2386 1940 10,

1278 1946 1436 1991 Princeps
1446 1956 1528 1990 ergo
1539 1946 1710 1991 porcarius
1722 1968 1733 1984 ‚
1758 1942 1914 1979 miserum
1925 1945 2079 1991 juvenem
2088 1948 2197 1981 mittit
2215 1962 2247 1981 v.
2261 1962 2271 1980 ι
2281 1959 2306 1981 1.

1272 1992 1314 2028 ad
1326 1992 1525 2041 pascendum
1546 2005 1687 2041 porcos;
1718 1997 1843 2040 quique
1861 1993 1945 2029 olim
1959 1995 2040 2031 stlix
2060 1993 2197 2043 agebat3

1274 2055 1462 2091 porcorum
1472 2041 1704 2079 commensalis
1717 2041 1853 2079 effeetus
1865 2068 1877 2086 ,
1902 2044 2032 2092 filiquas
2042 2045 2198 2081 comede-
2218 2088 2225 2094 θ
2236 2049 2390 2079 Peccatum

1273 2093 1340 2129 bat.
1350 2092 1435 2129 Tale
1446 2092 1528 2141 quid
1539 2095 1630 2128 enim
1643 2091 1929 2140 est‘peccatummd
1942 2095 2115 2131 modicum
2124 2093 2198 2130 dul*
2217 2089 2322 2119 ¹¹¹¹ffl¹⁶
2333 2109 2342 2116 ·

1274 2157 1326 2186 ce,
1334 2141 1421 2179 nihil
1432 2154 1543 2179 tamen
1552 2142 1647 2191 quod
1657 2142 1791 2185 alendo,
1800 2154 1855 2179 aut
1865 2143 1947 2179 utile
1958 2144 1995 2179 fit
2006 2143 2199 2187 ferenanse

1273 2202 1379 2228 autem
1390 2192 1621 2236 reversusNec
1630 2196 1720 2228 enim
1734 2192 1780 2229 sui
1792 2205 1935 2241 compos
1948 2193 2198 2236 fuerat‚vitiofis
2295 2239 2301 2245 ι
2371 2239 2378 2245 0

1273 2239 1509 2276 affestionibus
1525 2240 1668 2275 traditus
1677 2254 1715 2276 ae
1726 2242 1932 2278 venundatus
1942 2267 1953 2284 ‚
1979 2255 2158 2291 menteque
2167 2255 2199 2278 a·⁴
2220 2239 2393 2283 Poemffmss

1276 2289 1397 2324 lienata
1409 2316 1416 2324 .
1438 2294 1548 2325 Porro
1557 2287 1588 2323 se
1614 2287 2031 2336 prodigusaconversione
2049 2305 2087 2328 ac
2097 2295 2203 2340 poeni—
2221 2279 2336 2348 gamus-³2
2359 2289 2392 2310 ''¹⁸“

1272 2342 1375 2373 tentia
1387 2362 1399 2379 ,
1410 2341 1655 2373 mercenarium
1666 2339 1814 2384 appellat
1826 2364 1836 2379 ‚
1857 2352 1895 2374 ac
1905 2339 1963 2374 fibi
1977 2340 2119 2376 infamiae
2129 2354 2200 2376 om·
2242 2327 2300 2348 mm
2315 2329 2323 2348 ¹
2338 2328 2384 2350 κ’

1273 2390 1327 2422 nia
1338 2385 1461 2421 asciscit
1473 2389 1623 2420 nomina:
1634 2396 1671 2420 ut
1685 2398 1745 2420 nos
1755 2387 1981 2433 Evangelium
1994 2388 2124 2431 doceat,
2135 2396 2199 2437 qua

1273 2439 1403 2470 ratione
1416 2438 1622 2482 poenitentes
1634 2433 1808 2471 humiliari
1820 2434 1997 2483 oporteat,
2008 2451 2116 2486 exque
2127 2452 2199 2475 ver-

1272 2483 1336 2525 bis,
1352 2483 1455 2519 corde
1469 2487 1665 2531 compungi.
1676 2487 1789 2520 Docet
1797 2497 1907 2522 autem
1920 2487 2199 2536 parabola‚poeni.

1275 2537 1402 2569 tentiae
1413 2536 1442 2568 ei
1454 2536 1540 2580 quia
1552 2544 1690 2580 peccato
1701 2536 1811 2570 Deum
1824 2536 1954 2583 placare
1966 2535 2075 2573 studet
2085 2564 2097 2580 ,
2110 2552 2150 2574 ne
2163 2542 2198 2575 in

1274 2583 1443 2620 coelorum
1454 2582 1592 2630 quidem
1605 2583 1823 2620 intendendos
1834 2585 1951 2621 oculos
1963 2601 1972 2622 ε
1991 2591 2071 2634 quin
2083 2592 2196 2635 potius

1274 2633 1372 2670 vultu
1391 2632 1433 2668 ad
1445 2632 1612 2680 pudorem
1621 2633 1834 2682 compofito,
1859 2634 1980 2671 debere
2000 2641 2103 2673 animi
2114 2651 2197 2673 moe

1275 2683 1396 2720 stitiam
1410 2708 1421 2724 ,
1445 2696 1481 2718 ac
1494 2681 1722 2718 meticulofiim
1734 2683 1969 2721 conscientiam
1984 2686 2126 2723 indicare
2137 2715 2147 2723 0

1324 2732 1413 2769 Vide
1424 2744 1533 2767 aurem
1547 2742 1584 2769 ut
1597 2735 1663 2768 Dei
1676 2731 1861 2769 bonitatem
1875 2734 2195 2774 describat-Venien-
2234 2735 2386 2780 Pwssl’o·

1274 2794 1343 2819 tem
1356 2785 1444 2818 enim
1456 2781 1639 2830 prodigum
1651 2781 1775 2819 nedum
1785 2784 2033 2831 repellit,autve
2043 2785 2196 2833 despicit,
2217 2786 2298 2845 ἨΥ-ξ,
2325 2786 2353 2803 '¹'

1274 2836 1355 2879 quin
1368 2835 1470 2867 etiam
1481 2830 1619 2867 obviam
1634 2832 1807 2879 procedit:
1820 2834 1921 2881 idque
1932 2848 2068 2871 currens
2079 2863 2087 2873 ,
2100 2848 2137 2871 ut
2147 2849 2197 2871 ce·
2217 2826 2267 2856 9¹⁰
2293 2825 2373 2854 ¹3⁰¹„
2383 2836 2391 2843 ⁰

1270 2879 1375 2918 ieritis
1387 2885 1705 2929 errantemrecipiat
1715 2907 1725 2922 ,
1737 2882 1895 2929 colloque
1905 2884 2118 2920 circumfusus
2129 2897 2199 2920 am-

1274 2932 1479 2981 plefflturac
1490 2929 1644 2977 stringit,
1668 2931 1874 2979 affunditque
1887 2932 2052 2978 laci-ymas
2063 2959 2075 2976 ,
2094 2947 2130 2970 ac
2141 2947 2197 2970 ex-

1274 2981 1445 3017 ofcolatur
1455 3005 1466 3023 ‚
1477 2980 1760 3016 reconciliationis
1769 2980 1964 3027 symbolum
1976 2982 2124 3030 praebens
2136 3009 2147 3026 ,
2159 2997 2197 3020 ac

1273 3035 1391 3081 pignus
1400 3034 1505 3066 veniae
1516 3056 1527 3072 ‚
1549 3029 1678 3065 traditis
1689 3029 1857 3066 oblivioni
1879 3044 1950 3079 quae
1962 3036 1988 3067 is
1996 3033 2081 3068 olim
2102 3044 2196 3070 cotn-

1272 3081 1406 3118 miserat
1419 3109 1427 3115 .
1447 3083 1494 3116 Sit
1506 3093 1588 3115 vero
1598 3083 1706 3127 prima
1718 3079 1801 3115 stola
1813 3106 1824 3123 ‚
1843 3093 1913 3116 non
1926 3081 2031 3129 ipsum
2042 3080 2197 3130 Baptima
2232 3090 2313 3126 Quid
2331 3091 2388 3127 pri-

1277 3135 1362 3174 (nec
1373 3133 1461 3166 enim
1483 3130 1554 3165 fieri
1570 3128 1678 3177 potest
1688 3140 1724 3165 ut
1748 3128 1927 3166 secundum
1938 3135 2011 3178 quis
2031 3130 2196 3179 Baptisma
2214 3131 2355 3161 massoia.

1277 3180 1450 3228 suscipiat)
1470 3179 1522 3215 sed
1532 3182 1636 3227 gratia
1649 3204 1660 3221 ‚
1679 3192 1780 3226 quam
1792 3180 1931 3227 quisque
1953 3180 2060 3217 fidelis
2074 3194 2131 3229 per
2141 3181 2196 3220 bae
2249 3219 2253 3224 ,

1276 3230 1438 3279 ptismum
1449 3242 1466 3264 a
1477 3231 1648 3277 principio
1658 3228 1783 3265 induit.
1796 3232 1891 3265 Loco
1900 3233 1990 3266 enim
2001 3235 2143 3268 Lavacri
2152 3244 2197 3267 re-
2213 3225 2308 3259 Tm}
2324 3229 2389 3256 ²²⁸5·

1276 3283 1455 3321 creationis,
1465 3278 1561 3315 nobis
1571 3293 1586 3314 a
1601 3281 1679 3314 Deo
1689 3277 1834 3314 concessa
1845 3279 1907 3321 est,
1920 3292 2018 3327 quam
2030 3284 2195 3328 poeniten-

1276 3334 1322 3365 tia
1336 3332 1565 3377 regnationern
1578 3328 1653 3363 facit
1665 3343 1673 3363 z
1693 3341 1767 3377 quae
1778 3332 1938 3365 nimirum
1949 3328 2060 3365 sordes
2068 3330 2197 3366 nostras

1276 3381 1437 3425 lacrymis
1449 3379 1561 3413 eluens
1572 3403 1583 3419 ‚
1601 3377 1728 3413 rursum
1741 3378 1884 3414 mundos
1895 3392 1932 3414 ac
1952 3392 2054 3427 puros
2066 3380 2192 3416 reddit.
2240 3378 2320 3422 Quid*
2335 3386 2386 3406 Μ·

1276 3433 1386 3466 Datur
1397 3429 1543 3475 prodigo
1563 3427 1639 3475 post
1653 3426 1772 3463 stolam
1792 3431 1889 3464 etiam
1901 3429 2039 3465 annulus
2059 3429 2196 3475 symbo-
2215 3423 2320 3449 nulus.

1277 3480 1347 3515 lum
1359 3477 1514 3525 spiritalis
1526 3477 1682 3524 fignaculi
1691 3479 1834 3524 Spiritus
1846 3506 1852 3513 .
1866 3481 1915 3514 Ut
1925 3481 2057 3514 enimin
2070 3478 2195 3527 Baptis-

1277 3532 1324 3564 mi
1337 3530 1541 3563 recreatione
1553 3551 1564 3567 ,
1574 3539 1651 3562 cum
1665 3525 1747 3561 stola
1761 3526 1809 3562 est
1819 3552 1830 3568 ,
1841 3539 1912 3563 tum
1925 3527 2123 3574 signaculum
2136 3527 2194 3564 do-

1277 3581 1310 3614 ni
1331 3581 1472 3625 Spiritus
1484 3575 1582 3612 fausti
1602 3591 1610 3611 z
1632 3580 1674 3612 ita
1685 3579 1783 3611 etiam
1805 3580 1837 3611 in
1860 3581 2106 3622 regeneratione
2122 3591 2196 3626 quae
2290 3618 2294 3623 ¹

1276 3629 1476 3665 Poenitentia
1486 3626 1692 3672 &Denique
1701 3624 1885 3661 afferuntur
1896 3631 1927 3662 &
1938 3627 2126 3675 calcei‚quo
2137 3627 2197 3664 ser—
2235 3618 2313 3654 ΟΜ
2335 3617 2388 3646 ‘²¹'

2217 3666 2362 3686 Csssssslsslit'd
2373 3680 2379 3683 .

1279 3677 1387 3726 pentis
1397 3686 1495 3723 caput
1507 3687 1583 3710 cum
1604 3675 1722 3711 fiducia
1731 3687 1769 3710 ac
1779 3686 1858 3710 tuto
1873 3676 1999 3712 calcare
2009 3678 2127 3725 poffit.
2148 3684 2197 3713 Tu
2217 3698 2386 3734 &ww-H,

2263 2168 2295 2188 ν.
2310 2165 2353 2192 17·

1278 3731 1367 3763 enim
1381 3729 1488 3773 inquit
1501 3750 1512 3767 ,
1521 3724 1698 3767 observabis
1708 3734 1805 3770 caput
1813 3724 1880 3771 ey'us
1890 3739 1901 3760 τ
1910 3728 1953 3762 &¹
1961 3726 2012 3762 ille
2021 3725 2197 3770 observabit

1271 3777 1458 3815 calcaneum
1469 3784 1558 3812 tuum
1570 3801 1577 3809 .
1598 3773 1653 3811 Ad
1665 3785 1845 3821 utrumque
1857 3778 1956 3822 igitur
1975 3775 2193 3812 calceamenta

1773 3838 1796 3859 0
1806 3837 1828 3859 o
1882 3837 1895 3871 3
2071 3838 2148 3860 con-
