2652 4126
22 3848 24 3851 ,
11 3794 20 3811 ,ε
0 3475 27 3784 &mvn-waraha
13 3458 17 3462 -

660 226 996 298 INcssssTi
1052 238 1439 285 AUCTORIS
1495 224 1869 290 CARMEN·
2113 244 2214 297 473

428 318 626 387 Judicio
663 339 765 391 quae
802 320 953 387 digna
996 338 1108 370 meo
1145 337 1162 381 3
1203 317 1343 370 detur
1379 317 1512 371 locus
1550 324 1649 373 irae.

431 394 510 442 Sic
548 391 665 442 dum
704 391 973 445 multorum
1014 385 1235 439 differtur
1273 406 1407 455 poena
1445 387 1714 451 malorum,

437 458 680 511 Nonnulli
721 458 1006 526 plerumque
1046 455 1226 525 probos
1264 472 1549 509 revocantur
1586 463 1636 508 in
1673 457 1841 523 adius,

431 535 514 581 Ac
553 526 609 579 fit
646 525 967 598 quisquesibi
1004 527 1179 591 judex,
1216 523 1436 595 ultorque
1474 522 1687 592 severus,

299 621 398 670 790
434 595 585 668 Quod
624 593 776 660 fuerat
814 602 944 666 prius
982 602 1289 659 interimens,
1326 592 1539 663 aliusque
1578 592 1824 662 resurgens

433 675 511 719 At
549 671 633 734 qui
671 663 923 735 persistunt
960 671 1106 717 errori
1144 663 1420 722 incumbere
1456 664 1608 731 longo
1622 684 1640 728 3

429 736 677 804 Quamvis
714 743 763 787 in
802 734 969 788 multis
1005 739 1136 786 vitiis
1173 739 1373 801 impune
1409 732 1675 799 senescant,

429 806 489 855 In
528 802 702 856 saevum
741 801 890 862 finem
928 809 1127 855 venient
1165 825 1174 854 :
1213 801 1279 853 ibi
1317 821 1416 855 non
1452 809 1542 855 erit
1580 802 1678 855 ulla

428 875 546 940 Spes
584 878 756 938 veniae,
797 878 1005 926 minimo
1041 870 1105 929 ad
1144 889 1330 938 poenam
1369 871 1638 941 quadrante
1679 872 1922 927 vocando.

290 965 386 1014 795
429 944 540 995 Nos
576 948 758 1005 etenim
798 947 988 1011 quoties
1024 938 1182 998 eauffa
1221 959 1530 1009 quacumque
1569 959 1852 1006 movemur,

429 1012 726 1065 Vinditstam
764 1010 969 1064 celerem
1007 1015 1249 1079 cupimus:
1288 1015 1400 1129 quia
1438 1027 1539 1061 rara
1577 1006 1778 1062 facultas

431 1082 551 1135 Non
590 1086 771 1149 patitur
807 1078 920 1133 laesis
957 1095 1149 1148 tempus
1186 1095 1381 1135 tranire
1420 1078 1654 1131 nocendi.

427 1152 507 1205 At
545 1167 661 1203 vero
696 1165 920 1204 aeternum
958 1149 1027 1200 nil
1064 1146 1266 1215 effugit,
1303 1152 1568 1217 omniaque
1605 1145 1777 1201 adsunt

428 1218 571 1272 Salva
611 1220 730 1271 Deo
768 1241 777 1281 ς
815 1216 938 1273 nibil
977 1217 1045 1272 est
1082 1217 1153 1269 illi
1192 1216 1477 1283 tardumve,
1515 1223 1753 1271 citumve:

293 1297 389 1346 800
428 1288 543 1347 Nec
582 1286 744 1354 dilata.
770 1307 1036 1356 umquam,
1075 1306 1164 1339 nec
1201 1284 1422 1339 festinata
1463 1301 1720 1356 putemus,

425 1357 548 1427 Qae
585 1365 785 1412 veniunt
823 1379 832 1409 z
871 1357 1039 1410 nostris
1077 1371 1328 1413 mutantur
1363 1372 1584 1424 tempora
1622 1356 1791 1408 rebus,

426 1428 563 1480 Nam
577 1427 711 1496 quod
729 1425 907 1496 ubique
919 1433 1104 1492 agitur,
1128 1426 1261 1495 quod
1275 1425 1463 1493 gestum
1475 1426 1570 1491 est,
1583 1424 1816 1495 quodque
1827 1425 2105 1493 gerendum
2122 1428 2208 1494 est,

427 1500 569 1549 Ante
606 1497 770 1554 oculos
802 1496 1023 1547 Domini
1063 1497 1249 1563 pund'to
1286 1493 1483 1549 subsistit
1521 1502 1570 1547 in
1608 1515 1728 1548 uno:

427 1567 542 1617 Una
582 1565 686 1617 dies
722 1571 801 1624 cui
840 1563 1023 1634 semper
1058 1565 1218 1631 adest,
1255 1584 1384 1632 craS,
1422 1581 1570 1635 atque
1607 1571 1630 1608 sl
1668 1567 1783 1618 here
1820 1566 2059 1620 nostrum.

290 1639 390 1702 805
499 1637 601 1688 Sto
638 1653 936 1704 quamquam
975 1653 1178 1687 examen
1218 1635 1359 1687 Deus
1395 1642 1563 1689 omnia
1601 1631 1751 1686 servet
1789 1643 1839 1688 in
1877 1635 2030 1701 illud,

427 1705 544 1772 Quo
582 1723 687 1773 quae
722 1724 850 1756 nunc
886 1703 1073 1756 occulta
1112 1704 1294 1767 latent,
1331 1701 1531 1755 reserata
1572 1702 1835 1770 patebunt:

425 1771 599 1824 Multa
638 1789 803 1829 tamen
841 1772 1084 1826 mundum
1123 1793 1205 1841 per
1242 1771 1400 1825 laecula
1437 1771 1616 1826 cundia
1653 1778 1866 1837 regentis

419 1841 614 1907 Iustitiae
652 1842 944 1905 documenta
984 1843 1122 1895 dedit
1163 1867 1171 1898 :
1212 1841 1336 1895 dum
1374 1847 1589 1896 maxima
1628 1839 1767 1892 bellis

422 1912 620 1980 Regna.
645 1918 828 1984 quatit,
867 1912 993 1969 dum,
1026 1909 1141 1980 saepe
1179 1911 1347 1975 urbes,
1385 1907 1690 1979 populosque
1731 1926 1956 1979 potentes

288 1982 388 2033 810
426 1980 676 2032 Exhaurit
711 1981 923 2044 morbis,
963 1996 1145 2038 cremat
1185 1980 1405 2047 ignibus,
1442 1979 1605 2031 obruit
1644 1980 1812 2033 undis:

422 2048 668 2114 Dumque
706 2055 875 2114 inopes
913 2049 1066 2112 ditat,
1105 2049 1324 2114 dejestos
1361 2047 1553 2111 elevat,
1589 2048 1764 2100 audios

425 2115 716 2179 Imminuit,
756 2113 897 2166 solvit
936 2118 1160 2181 vinctos,
1199 2117 1473 2188 subigitque
1511 2115 1759 2185 superbos.

424 2182 540 2235 Nec
580 2202 694 2235 vero
731 2181 826 2236 hoc
866 2180 952 2233 nifi
991 2202 1101 2235 cum
1141 2203 1321 2251 magna
1359 2192 1544 2237 ratione
1569 2186 1861 2252 >putandum
1896 2188 1967 2239 est

426 2251 704 2318 Accidere,
742 2267 795 2311 ut
833 2258 1025 2320 quoties
1063 2259 1183 2305 iram
1223 2259 1538 2322 experiuntur
1573 2259 1761 2324 iniqui,

287 2323 384 2387 815
427 2321 528 2388 Sup
567 2319 676 2373 licia
716 2318 954 2387 insontes,
994 2322 1255 2376 videantur
1289 2322 1422 2375 obire
1458 2338 1748 2375 nocentum.

423 2387 528 2440 Mu
552 2405 601 2442 ta
639 2390 842 2458 quidem
881 2387 1068 2461 semper
1102 2393 1292 2450 mundo
1330 2397 1613 2444 communia
1650 2397 1698 2440 in
1739 2392 1829 2442 isto

422 2457 668 2521 1¹³⁶!ngOE
706 2457 978 2528 dignosque
1017 2476 1220 2517 manent
1260 2482 1270 2510 :
1307 2458 1372 2511 sol
1410 2457 1638 2510 omnibus
1673 2455 1808 2507 idem
1845 2457 1931 2524 est,

423 2523 792 2588 Idem.imber,
832 2534 1009 2594 pariter
1044 2527 1304 2581 subeuntur
1341 2527 1521 2588 frigora
1557 2531 1606 2575 ὅ(
1645 2522 1798 2576 aestus.

430 2593 604 2661 thue
643 2591 896 2646 indiscreta
936 2596 1004 2646 est
1039 2595 1229 2648 cuncstis
1267 2609 1420 2661 aqua,
1458 2589 1653 2655 lumen,
1692 2598 1742 2647 δε
1778 2613 1891 2648 aura
1904 2616 1924 2660 3

290 2661 506 2728 820,S,ic
544 2659 827 2724 injustorum
863 2661 1008 2725 justos
1043 2660 1171 2714 mala
1207 2658 1328 2713 ferre
1365 2657 1552 2711 neceffe
1588 2659 1683 2712 est:-

432 2731 506 2781 Ut
544 2729 664 2786 dum
701 2729 855 2783 multa
892 2731 1033 2782 malis
1071 2727 1280 2784 insontes
1316 2731 1708 2796 compatiuntur,

428 2799 538 2850 Sint
575 2817 783 2867 quorum
821 2804 996 2850 merito
1036 2797 1228 2868 populis
1265 2804 1728 2868 parcatur'iniquis,

431 2867 508 2919 Et
544 2873 626 2936 qui
663 2864 914 2921 conversos
952 2873 1142 2919 virtutis
1179 2873 1397 2934 imagine
1435 2867 1639 2920 ducant.
1763 2874 1767 2876 ’

424 2935 520 2988 Sed
557 2956 669 2991 eum
697 2996 700 2999 ,
711 2935 971 3007 perdendis
1012 2935 1377 2990 indemutabilis
1414 2935 1557 2989 instat

293 3009 387 3070 825
431 3005 571 3057 Finis
610 3024 628 3068 3
667 3026 764 3063 non
802 3006 976 3059 eadem
1014 3006 1254 3060 incumbit
1290 3003 1523 3059 sententia
1559 3002 1759 3059 fanestis.

428 3075 551 3126 Sunt
592 3094 713 3144 quos
751 3076 991 3130 diluvium
1029 3077 1201 3130 mundi
1242 3095 1338 3129 non
1374 3075 1573 3141 obruat,
1611 3081 1660 3129 &
1697 3096 1825 3145 quos·

427 3139 622 3195 Arsuris
659 3144 802 3198 liceat
841 3145 1070 3197 Sodomis
1107 3145 1314 3199 evadere
1352 3167 1361 3196 ε
1398 3159 1539 3198 norat

424 3210 653 3278 Angelus
690 3217 904 3284 AEgypti
942 3213 1148 3267 vastator
1183 3215 1355 3268 limina
1391 3213 1533 3281 figno

424 3281 611 3349 Scripta
648 3290 828 3348 cruciS,
867 3281 996 3336 sacro
1034 3303 1286 3337 removens
1320 3304 1346 3336 a
1385 3282 1614 3349 {anguine
1651 3284 1873 3355 plagam.

293 3350 390 3412 830
428 3348 541 3403 Nec
566 3350 722 3403 rutilo
758 3352 935 3405 mulier
972 3352 1175 3422 decepta
1212 3352 1281 3406 est
1319 3351 1524 3418 vellere,
1560 3359 1699 3417 cujus

427 3415 540 3468 Sola
578 3416 752 3474 domus
789 3436 922 3475 tanta
960 3438 1189 3491 pereunte
1226 3419 1453 3491 superfuit
1488 3420 1632 3474 urbe.

422 3486 509 3537 Fit
545 3504 676 3540 mare
714 3510 797 3558 per
833 3491 1081 3544 tumidum
1118 3490 1292 3545 sanctis
1334 3497 1435 3555 via,
1475 3488 1626 3560 fitque
1665 3510 1749 3559 per
1784 3513 1979 3551 amnem
1992 3516 2012 3562 3

422 3555 495 3605 Et
530 3573 616 3625 per
653 3562 795 3621 inane
831 3567 924 3630 piis
960 3560 1139 3627 gradus
1175 3562 1242 3614 est
1272 3584 1289 3613 ,ε
1327 3562 1461 3614 elbus,
1494 3560 1611 3612 alite
1649 3561 1781 3615 serva

404 3627 446 3665 S.
478 3625 677 3683 Prosperi.
1553 3633 1663 3674 000
1727 3647 1748 3675 2
2049 3637 2151 3696 Sug-

302 3748 312 3788 ·,
332 3739 371 3773 50·-
400 3737 481 3793 894.
510 3735 628 3772 Editio
639 3738 791 3784 Lugdun.
818 3737 918 3775 habet
935 3739 1028 3780 hem
1052 3741 1140 3784 aljae‚
1166 3741 1217 3775 he·
1280 3755 1356 3778 nare
1380 3743 1474 3789 quod
1500 3741 1591 3787 heri,
1617 3754 1706 3790 patet
1730 3756 1771 3781 ex
1793 3743 1863 3782 hoc
1889 3747 1981 3784 versu
2006 3760 2212 3796 pentametro

281 3796 310 3816 rt
332 3809 342 3827 ‚
377 3797 466 3828 cuius
491 3785 605 3844 ultima
633 3787 731 3834 longa
756 3787 866 3825 versus
891 3789 1010 3828 debitae
1043 3796 1215 3841 quantitati
1278 3793 1440 3829 Martialis
1460 3808 1472 3829 .·
1509 3795 1554 3827 Et
1576 3792 1712 3840 positum
1737 3793 1781 3837 est
1805 3795 1895 3830 nobis
1920 3796 1968 3831 bil
1995 3798 2070 3832 here
2091 3809 2210 3845 praeter

280 3846 346 3870 non
373 3847 550 3873 convenit.
586 3837 674 3871 Here
699 3837 893 3876 adverbium
917 3851 1026 3879 autem
1051 3843 1139 3880 idem
1167 3843 1214 3878 so·
1276 3852 1411 3888 aprum.

2232 932 2312 978 Deus
2341 942 2391 972 pa-

2233 980 2393 1011 tiens,quia

2232 1013 2372 1053 omnipo-

2234 1061 2298 1083 tens
2318 1054 2392 1086 διε.

2235 1101 2352 1125 ternus.

2229 1655 2366 1686 Caput

2284 1695 2340 1725 XI.

2229 1736 2309 1765 Deus
2330 1743 2375 1765 ta-

2230 1785 2300 1805 men
2330 1785 2393 1805 ma-

2231 1818 2314 1847 xima
2351 1825 2394 1849 Ju—

2231 1857 2316 1887 stitiae
2338 1855 2394 1884 suae

2233 1896 2394 1928 documen-

2236 1944 2267 1966 ta
2302 1937 2373 1976 sepe

2236 1976 2285 2007 hie
2305 1976 2368 2007 edit
2383 1986 2395 2010 ι·

2238 2415 2337 2446 Multa
2364 2416 2396 2448 in

2237 2455 2293 2485 hac
2313 2456 2376 2487 vita

2235 2494 2322 2526 bonis
2343 2494 2375 2526 δι

2233 2536 2320 2566 malis

2231 2584 2368 2606 eommu-

2231 2615 2310 2646 niter
2330 2625 2378 2646 ac-

2231 2656 2347 2690 cidunt,
2361 2655 2392 2688 in

2232 2697 2393 2729 alianulla-

2235 2745 2321 2768 tenus
2350 2738 2393 2768 ita

2233 2787 2278 2809 tes
2299 2778 2373 2808 erit.
