2652 4126
432 220 546 283 494
633 209 746 268 De
804 217 1313 268 VOCATIONE
1378 220 1731 265 οΜΝΙυΜ
1792 222 2192 269 GEN‘rtuM

625 360 658 395 c
710 349 989 394 APU'T
1064 348 1191 389 XII·

430 459 531 510 Qod
557 458 645 496 illud
663 451 826 508 Apostoli,
852 449 940 489 Vult
958 462 1082 506 omnes·
1101 447 1255 505 homines
1271 449 1374 488 salvos

478 513 555 549 ‘fieri
567 537 580 555 ,
605 508 645 542 de
663 516 746 541 omns
760 513 878 549 genere
897 500 1059 540 hommum
1070 500 1272 554 inteligitur.
1354 519 1356 521 >

437 626 467 648 1.
546 609 597 647 Ed
608 619 685 646 cum
704 605 776 643 haec
794 605 932 652 legerim
951 603 1004 640 vel
1015 604 1178 644 audierint
1196 606 1373 652 quiamant

484 617 539 703 S
568 657 769 702 calumniosa
778 658 975 697 certamina,
1001 655 1113 692 dicent
1130 666 1189 691 nos
1208 667 1266 702 per
1276 654 1373 700 huju‘

428 713 522 751 ‘smod
527 715 535 748 i
546 711 785 758 disputationes
797 705 968 755 Apostolo
978 706 1205 743 contradicere
1217 704 1373 758 definien-

247 761 411 800 1.1·;m.2,4
428 767 476 807 ti,
501 763 596 812 quod
616 763 709 798 Deus
725 768 829 792 omnes
846 754 985 791 homines
1004 756 1086 792 velit
1105 754 1224 800 salvos
1235 754 1332 798 fieri,
1358 757 1373 776 ⁸

330 812 348 835 ὃ
428 813 472 847 (5
488 814 521 846 in
540 809 734 856 agnitionem
755 805 910 841 veritatis
925 805 1061 840 venire.
1097 809 1210 856 Qam
1231 807 1371 853 partim.

425 864 492 901 lam
510 861 691 903 verborum
711 856 887 907 Apostoli,
913 860 957 894 ita
976 869 1037 893 nos
1055 860 1183 904 integre
1211 856 1373 905 pleneque

425 913 638 961 suscipimus,
665 921 704 947 ut
725 908 809 946 nihil
829 911 859 945 ei
879 908 920 944 de
940 906 1192 957 precedentibus
1212 906 1277 943 five
1298 904 1372 942 sub-

423 965 528 1011 jectis,
552 960 784 1012 quaeadipsam
796 961 975 1009 pertinent,
1000 957 1247 995 subtrahamus.
1276 960 1372 1003 Quo-

422 1018 534 1059 niam,
558 1025 596 1051 ut
613 1022 719 1049 cetera
739 1010 935 1047 divinorum
954 1008 1166 1057 eloquiorum
1181 1007 1370 1045 testimonia

421 1064 660 1112 sequestremus
679 1089 690 1106 ‚
723 1059 781 1098 hic
808 1060 903 1097 locus
929 1058 1050 1096 sufficit
1077 1059 1117 1095 ad
1145 1058 1371 1096 evacuandum

421 1116 516 1163 quod
543 1112 744 1152 calumniose
773 1110 957 1156 objiciunt,
992 1114 1027 1146 &
1052 1110 1093 1145 ad
1122 1108 1368 1145 defendendum

420 1166 516 1213 quod
537 1168 638 1213 impie
658 1163 863 1200 diffitentur.
893 1158 1043 1201 Scribens
1061 1162 1174 1206 itaque
1191 1158 1233 1213 ad
1251 1161 1370 1212 Timo·

418 1215 536 1251 theum
555 1212 572 1236 b
592 1213 712 1250 Paulus
720 1211 890 1260 apostolus
902 1235 913 1251 ‚
939 1212 1003 1246 ait:
1031 1208 1163 1254 Obsecro
1181 1208 1282 1255 igitm
1296 1218 1368 1254 prt-

238 1280 307 1312 Ibid
323 1241 360 1318 by
379 1291 389 1312 Ι
417 1277 466 1300 mo
495 1263 634 1299 omnium
647 1261 725 1306 fieri
742 1258 992 1309 obsecrationes,
1013 1258 1261 1305 postulationes,
1282 1271 1366 1305 gra-

241 1303 343 1363 (ἀμὶς.
361 1303 375 1322 ”’
393 1304 400 1313 ”
417 1316 537 1349 tiarum
558 1313 698 1348 actiones
714 1321 775 1360 pro
803 1308 951 1345 omnibus
973 1307 1172 1354 hominibus,
1193 1318 1256 1356 pro
1281 1309 1363 1356 regi.

415 1366 496 1409 bus,
523 1362 567 1396 &⁶
593 1361 740 1397 omnibus
759 1360 816 1407 qui
840 1359 875 1394 in
879 1357 1088 1405 sublimitate
1092 1358 1192 1406 sunt:
1219 1368 1257 1393 ut
1274 1359 1360 1405 quie·

413 1426 483 1450 tam
501 1415 544 1450 (2⁸
564 1412 778 1460 tranquillam
795 1409 904 1448 vitam
923 1421 1059 1456 agamus
1079 1409 1113 1443 in
1131 1408 1218 1443 omni
1234 1408 1361 1457 pietate

413 1466 458 1503 &⁰
483 1463 648 1507 castitate.
676 1464 747 1498 Hoc
762 1460 845 1496 enim
871 1460 987 1495 bonum
1006 1459 1049 1503 est
1069 1459 1113 1494 Θ·
1131 1469 1292 1507 acceptum
1312 1473 1360 1494 co-

312 1529 329 1553 c
410 1530 481 1553 ram
493 1522 507 1538 Ε
517 1515 694 1562 salvatore
703 1512 806 1556 nostro
827 1512 920 1555 Deo,
946 1510 1002 1557 qui
1011 1523 1117 1545 omnes
1135 1510 1276 1544 homines
1284 1510 1361 1545 vult

403 1568 520 1615 salvos
533 1565 628 1611 fieri,
655 1565 700 1599 Θ
718 1563 752 1598 in
770 1562 965 1610 agnitionem
984 1561 1141 1596 veritatis
1160 1562 1291 1598 venire.
1319 1563 1361 1596 U-

409 1614 470 1655 nus
489 1618 572 1652 enim
600 1618 714 1659 Deus,
741 1614 784 1649 (9⁶
810 1625 894 1648 unus
918 1611 1078 1646 mediator
1099 1611 1168 1647 Dei
1194 1611 1238 1646 δ’
1256 1611 1359 1646 homi-

409 1682 486 1705 num
498 1695 508 1711 ‚
534 1667 623 1702 horno
643 1664 791 1708 Christus
810 1663 926 1708 Iesus,
950 1663 1008 1709 qui
1026 1662 1118 1697 dedit
1133 1661 1360 1697 redemtionem

404 1718 608 1766 semetipsum
623 1727 684 1765 pro
710 1714 876 1750 omnibus.

459 1774 515 1807 De
544 1768 605 1806 hac
625 1780 705 1815 ergo
733 1766 893 1803 dostrinae
917 1762 1108 1812 apostolicae
1134 1764 1268 1812 regula,
1294 1774 1359 1812 qua

408 1819 554 1856 Ecclesia
571 1817 759 1857 universalis
778 1814 962 1857 imbuitur,
989 1827 1050 1850 nec
1070 1818 1104 1850 in
1123 1815 1291 1853 diversum
1310 1819 1360 1852 in-

309 1881 329 1911 d
408 1859 578 1907 tellectum
608 1868 723 1905 nostro
751 1877 927 1914 evagemus
953 1864 1116 1908 arbitrio,
1141 1863 1225 1913 quid
1253 1864 1271 1888 d
1290 1867 1358 1915 ipss

406 1920 594 1960 universalis
623 1917 766 1956 Ecclesia
787 1916 925 1959 sentiat,
952 1919 1179 1962 requiramus:
1208 1920 1284 1964 quia
1311 1921 1358 1953 ni-

404 1971 458 2007 hil
480 1970 620 2007 dubium
641 1967 701 2005 effe
717 1970 841 2015 poterit
861 1970 893 2001 in
906 1977 1095 2013 praecepte,
1121 1965 1144 2001 fi
1164 1965 1356 2004 obedientia

403 2021 587 2059 concordet
615 2022 650 2054 in
671 2017 799 2054 studio.
828 2019 990 2064 Praecepit
1017 2019 1128 2063 itaque
1148 2015 1355 2064 Apostolus,

402 2076 508 2108 immo
528 2083 586 2118 per
606 2066 812 2116 Apostolum
833 2068 1003 2103 Dominus
1020 2070 1078 2114 qui
1099 2065 1301 2114 loquebatur
1319 2070 1354 2104 in

311 2129 329 2149 θ
403 2121 597 2170 Apostolo‚
623 2120 695 2155 fieri
705 2117 963 2159 obsecrationes,
980 2116 1255 2162 epostulationes,
1281 2129 1354 2163 gra-

403 2177 526 2210 tiarum
554 2171 697 2206 actiones
719 2181 781 2216 pro
800 2165 958 2202 omnibus
976 2164 1171 2201 hominibus
1182 2190 1194 2206 ,
1206 2174 1286 2211 ”pro
1304 2178 1353 2199 re-

404 2222 521 2263 ryibus,
548 2232 585 2255 ac
607 2231 670 2266 pro
691 2217 742 2253 his
763 2219 820 2266 qui
843 2218 874 2250 in
895 2213 1096 2249 sublimitate
1112 2212 1205 2247 sunt.
1227 2215 1354 2256 1*Quam

402 2252 508 2317 segem
538 2269 762 2316 suplicationis
793 2268 837 2300 ita
865 2266 1019 2301 omnium
1049 2262 1290 2304 Sacerdotum,
1317 2265 1354 2297 ἃ·

404 2312 560 2357 omnium
587 2317 739 2354 fidelium
761 2315 902 2350 devotio
931 2312 1144 2348 concorditer
1164 2322 1278 2354 tenet,
1313 2323 1352 2348 ut

400 2371 491 2410 nulla
511 2382 582 2418 pars
603 2367 720 2404 mundi
740 2365 802 2406 fit,
835 2366 870 2398 in
889 2375 954 2410 qua
973 2361 1164 2404 hujusmodi
1182 2364 1352 2412 orationes

252 2436 384 2466 Ecclesia
403 2434 469 2456 non
489 2418 698 2455 celebrentur
729 2427 747 2450 a
766 2410 899 2459 populis
926 2409 1144 2447 Christianis.
1178 2409 1352 2467 supplicat

225 2486 290 2507 orat
312 2487 365 2515 pro
403 2483 483 2516 ergo
503 2468 627 2514 ubique
648 2461 790 2500 Ecclefia
812 2463 913 2501 Deo,
942 2471 1010 2495 non
1031 2460 1138 2495 solum
1160 2471 1224 2506 pro
1235 2457 1350 2494 sanem

226 2518 381 2548 omnibus.
402 2509 489 2558 &un
509 2515 651 2556 Christo
667 2515 731 2560 jam
752 2512 974 2558 regeneratis,
1000 2509 1054 2546 sed
1073 2512 1171 2545 etiam
1191 2521 1255 2555 pro
1275 2521 1350 2545 om—

406 2570 502 2607 nibus
533 2564 720 2605 infidelibus
748 2567 781 2598 &
806 2562 942 2596 inimicis
971 2561 1079 2595 crucis
1099 2556 1250 2600 Christi,
1288 2571 1353 2605 pro

405 2619 558 2660 omnibus
577 2614 770 2652 indolorum
797 2608 1003 2652 cultoribus,
1032 2621 1097 2656 pro
1116 2608 1276 2645 omnibus
1294 2612 1352 2656 qui

307 2673 324 2706 f
405 2669 578 2709 christum
594 2664 609 2689 f
633 2669 666 2702 in
695 2662 852 2700 membris
874 2661 970 2708 iplius
995 2659 1261 2707 persequuntur,
1288 2673 1352 2706 pro

404 2723 526 2768 Judaeis
536 2728 682 2765 quorum
701 2715 837 2750 caecitati
859 2712 972 2746 lumen
991 2710 1150 2756 evangelii
1170 2722 1237 2745 non
1257 2709 1358 2746 reful-

407 2784 483 2813 oet‚
512 2781 574 2818 pro
600 2764 762 2805 haereticis
789 2760 1006 2802 schimaticis‚
1032 2763 1090 2807 qui
1110 2758 1152 2795 ab
1176 2763 1302 2796 unitate
1320 2760 1357 2794 fi-

405 2803 462 2858 dei
490 2824 522 2855 δέ
543 2819 681 2854 caritatis
707 2813 802 2850 alieni
827 2811 919 2847 sunt.
949 2810 1046 2856 Qid
1071 2821 1180 2847 autern
1200 2823 1265 2858 pro
1291 2808 1358 2845 istis

408 2875 518 2922 petit,
542 2868 600 2904 nisi
625 2878 663 2903 ut
683 2864 804 2900 relictis
822 2859 991 2899 erroribus
1011 2860 1093 2902 suis,
1119 2871 1359 2897 convertantur

410 2923 451 2958 ad
479 2924 613 2960 Deum,
640 2919 799 2963 accipiant
826 2912 952 2953 fidem,
977 2914 1138 2959 accipiant
1164 2914 1358 2953 caritatem,

412 2977 445 3007 δε
472 2971 510 3009 de
532 2969 725 3013 ignorantiae
751 2961 895 3001 tenebris
915 2961 1069 3004 liberati,
1096 2965 1126 2997 in
1152 2965 1357 3008 agnitionem

412 3007 729 3057 veniant‘veritatis?
755 3013 862 3059 Quod
882 3015 959 3058 quia
979 3011 1037 3059 ipsi
1055 3011 1204 3059 praestare
1223 3011 1280 3047 fibi
1301 3023 1357 3045 ne-

414 3081 541 3118 queunt
554 3094 563 3108 ,
584 3066 673 3103 malae
693 3062 940 3102 consuetudinis
960 3062 1108 3108 pondere
1128 3062 1296 3108 oppreffi,
1323 3064 1357 3096 &

414 3118 537 3157 diaboli
568 3114 707 3152 vinculis
726 3113 848 3158 alligati
871 3135 880 3152 ,
916 3123 1023 3156 neque
1050 3110 1264 3157 deceptiones
1291 3109 1358 3147 suas

416 3175 566 3206 evincere
593 3165 723 3206 valent,
749 3161 868 3210 quibus
895 3170 961 3195 tam
988 3163 1202 3208 pertinaciter
1222 3158 1359 3196 inhaese·

418 3231 495 3258 runt
507 3243 519 3264 ‚
544 3229 581 3253 ut
600 3226 760 3263 quantum
779 3210 916 3252 amanda
934 3207 980 3249 est
1001 3213 1140 3256 veritas,
1165 3221 1292 3250 tantum
1310 3210 1359 3247 di—

466 3388 481 3407 a
504 3376 560 3407 Mi.
580 3376 685 3406 Camb.
707 3375 755 3406 hic
778 3374 807 3406 8<
832 3373 924 3409 infra,
947 3372 985 3405 (θ’
1006 3372 1047 3402 ad
1066 3372 1254 3411 agnitionem.
1289 3412 1295 3419 ¹

462 3417 481 3448 b
503 3417 568 3446 ΜΠ.
592 3416 697 3447 Camb.
719 3416 749 3446 ἃ
770 3414 827 3450 Jol.
848 3414 959 3444 addunt
983 3413 1047 3447 hic,
1068 3411 1198 3452 magister
1215 3421 1357 3451 gentium.

462 3467 478 3487 c
501 3457 582 3486 Editi
607 3457 695 3486 nostri
717 3463 818 3489 antea,
840 3454 993 3493 salutari.
1022 3452 1080 3483 Ms.
1100 3452 1207 3482 Camb.
1228 3451 1258 3483 &
1281 3454 1359 3487 Leo,

423 3498 593 3527 salvatore.
615 3498 671 3527 ΜΓ.
694 3497 773 3527 Thu.
796 3495 931 3528 omittit,
953 3495 1045 3537 Deo.⁴
1340 3532 1346 3537 -

463 3538 481 3567 d
503 3537 584 3566 Editi
608 3535 788 3576 prosperiani
809 3535 838 3566 ὅ(
868 3534 924 3564 Ms.
954 3535 1019 3577 jol..
1038 3532 1202 3563 inserebant
1231 3533 1362 3572 praepoli-

426 3578 539 3607 tionem
561 3577 608 3611 in,
630 3588 688 3619 qua
709 3584 787 3607 caret
810 3575 904 3618 editio
925 3575 1050 3618 Leonis.
1185 3612 1189 3617 ¹

467 3627 481 3645 e
502 3617 692 3652 Particularm
724 3619 762 3649 <9⁶
778 3637 786 3650 ,
814 3625 876 3654 quae
899 3625 928 3643 in
952 3615 1038 3643 eduis
1061 3612 1189 3650 prosperi
1211 3611 1361 3657 &nLeone

427 3655 570 3685 habentur
590 3659 705 3687 omittit
728 3658 784 3687 Mf.
811 3656 867 3691 Jol.
896 3664 947 3683 nec
971 3655 1001 3683 in
1023 3654 1089 3682 loco
1117 3651 1252 3692 Apostoli
1280 3651 1363 3696 supra

428 3696 519 3725 relato
540 3696 658 3735 legitur.
680 3697 820 3736 Idemque
843 3696 889 3724 hic
910 3693 992 3724 addit
1013 3694 1067 3727 Θ,
1089 3703 1159 3723 ante
1169 3701 1221 3733 pro
1241 3691 1361 3732 regibus.

466 3736 482 3763 f
499 3735 556 3763 Ms-
585 3736 689 3766 Camb.
711 3738 741 3765 in
762 3736 893 3764 membris
908 3734 991 3772 suis,
1167 3773 1172 3777 ι

468 3784 488 3815 g
510 3774 566 3803 Ms-
586 3775 692 3805 Camb.
727 3787 774 3804 nec
794 3777 861 3804 dum
883 3784 949 3803 curn
973 3774 1072 3803 Leone
1087 3792 1097 3803 .
1125 3773 1185 3802 Alii
1214 3773 1338 3801 nondum
1354 3794 1363 3803 .

430 3814 495 3844 Post
516 3814 629 3854 aliquot
650 3815 739 3845 verba
768 3824 865 3845 autem
894 3813 972 3843 idem
1003 3812 1062 3843 Ms.
1089 3812 1302 3856 (um-Joliensi
1331 3811 1362 3842 ὃ(

430 3855 544 3892 Leone,
570 3862 601 3884 ut
623 3856 653 3885 in
676 3863 773 3886 textu:
796 3864 864 3883 cum
888 3853 969 3883 Editi
991 3853 1172 3891 l‘rospetiani
1193 3851 1360 3882 habear-tut

1438 300 1539 347 ligant
1559 300 1747 338 falsitatem:
1773 302 1956 340 misericors
1976 308 2011 341 &
2023 304 2124 348 iustus
2139 309 2306 344 Dominus
2315 319 2379 354 pro
2395 327 2475 359 Deus
2488 330 2555 361 vuit

1436 350 1593 389 omnibus
1619 351 1676 388 fibi
1704 351 1777 388 vult
1802 352 1994 391 hominibus
2020 354 2214 404 supplicari:
2237 359 2277 392 ut
2301 370 2380 394 cum
2395 371 2554 408 proomni-

1438 401 1587 437 videmus
1612 402 1654 438 de
1673 413 1739 439 tam
1760 404 1931 449 profundis
1957 404 2050 441 malis
2072 409 2379 451 innumerosam,
2395 410 2558 444 busorari.

1436 464 1502 487 non
1520 451 1722 499 ambigamus
1741 456 1853 491 Deum
1871 454 2069 501 Praestitiss'e,
2093 455 2185 504 quod
2205 467 2243 492 ut
2253 452 2381 502 praesta-

1434 513 1487 537 ret
1507 514 1618 537 oratus
1637 502 1703 541 ests
1729 508 1764 540 &
1782 507 1896 551 gratias
1914 517 2046 554 agentes
2067 519 2132 554 pto
2151 505 2203 542 his
2221 508 2280 554 qui
2298 506 2379 544 salvi

1396 584 1404 595 ,
1435 551 1511 587 faeti
1532 551 1625 596 sunt,
1651 554 1815 602 speremus
1835 558 1934 602 etiam
1952 569 2041 606 eos,¹
2066 559 2164 607 qui}
2182 556 2323 593 necdum
2342 557 2382 594 il-
2450 581 2475 614 g

1434 601 1583 638 luminati
1595 603 1688 646 sunt,
1713 605 1832 642 eodem
1850 606 1970 644 divinae
1988 610 2100 655 gratiae
2118 619 2222 656 opere
2231 609 2379 644 eximen-

1434 653 1496 688 dos
1515 652 1555 693 de
1575 655 1736 700 potestate
1753 654 1962 697 tenebrarum
1974 682 1985 701 ,
2020 662 2054 695 &
2073 661 2107 694 in
2129 669 2270 705 regnum
2287 659 2379 704 Dei,

1434 705 1523 751 prius
1539 715 1640 751 quam
1659 704 1773 742 dehac
1792 708 1859 745 vita
1877 713 2016 753 exeant,
2041 707 2304 747 transferendos·

1598 809 1960 847 CAPUT
2035 812 2204 850 XIII.

1433 903 1559 941 Secreti
1566 904 1657 940 illius
1670 907 1900 954 profunditas,
1919 920 1979 954 quo
1991 908 2058 943 Dei
2069 909 2244 957 salvantis
2255 909 2374 957 gratia

1506 955 1633 1002 aliquos
1648 966 1710 1005 pro
1729 957 1846 1004 quibus
1873 957 2016 1001 Ecclesia
2034 968 2106 994 orat
2121 961 2272 1007 praeterit
2285 987 2298 1006 ,

1565 1006 1656 1042 nobis
1675 1006 1709 1041 in
1727 1007 1792 1044 hae
1811 1007 1885 1043 vita
1900 1018 2016 1058 patere
2034 1022 2096 1045 non
2114 1009 2229 1059 potest.

1530 1110 1609 1148 Uod
1637 1109 1660 1146 fi
1679 1109 1826 1159 aliquos,
1851 1110 1933 1149 ficut
1950 1113 2103 1151 videmus
2122 1112 2292 1158 accidere‘,
2317 1113 2374 1152 fil·
2389 1131 2476 1171 Quod
2486 1143 2554 1173 pre-

1555 1163 1658 1198 vantis
1677 1164 1779 1208 gratia
1807 1165 2028 1208 praeterierit,
2054 1168 2088 1201 &
2110 1177 2175 1213 pro
2199 1167 2243 1202 eis
2261 1169 2372 1202 oratio
2388 1173 2549 1203 cesEccle·

1428 1210 1582 1248 Ecclefiae
1612 1224 1762 1260 reccepta
1789 1225 1854 1248 non
1883 1212 2004 1252 fiterits
2036 1215 2078 1251 ad
2096 1215 2227 1252 occulta
2251 1215 2371 1254 divinae
2387 1213 2431 1244 ¹3³²
2464 1224 2526 1244 ¹²0¹*

1423 1259 1555 1306 justitiae
1568 1262 1688 1308 judicia
1706 1262 1938 1307 referendum,
1964 1267 1999 1300 &
2015 1265 2260 1312 agnoscendum
2286 1262 2305 1288 ¹¹
2325 1265 2370 1303 se·
2386 1254 2548 1286 exantlan-

1422 1313 1503 1346 creti
1523 1309 1621 1356 hujus
1641 1312 1903 1361 profunditatem
1921 1313 2019 1351 nobis
2038 1318 2070 1351 in
2081 1315 2147 1352 hac·
2165 1319 2231 1354 vita
2251 1321 2364 1367 patere
2384 1303 2545 1375 ἑζηξὲῧςί,

1423 1373 1491 1396 non
1510 1359 1615 1408 poffe.
1643 1363 1696 1396 Ex
1701 1372 1798 1409 parte
1815 1362 1897 1398 enim
1907 1364 2047 1410 scimus,
2074 1365 2117 1399 δ’
2135 1375 2279 1413 exparte
2294 1377 2368 1414 pro.
2383 1375 2422 1406 ,d
2430 1367 2556 1407 mnf

1420 1409 1615 1458 phetamus,
1641 1412 1838 1450 &videmus
1858 1425 1943 1448 nunc
1959 1423 2021 1462 per
2033 1414 2198 1461 speculum
2216 1415 2251 1450 in
2272 1414 2443 1464 aenig--Dei
2472 1415 2547 1451 iudi·

1423 1470 1523 1499 mate.
1563 1465 1640 1509 Nec
1657 1461 1867 1512 sapientiores
1893 1476 1950 1503 aut
1967 1466 2157 1504 scientiores
2185 1466 2370 1505 beatiffimo
2385 1456 2528 1526 “mares“

1423 1511 1593 1560 Apostolo
1611 1513 1720 1551 sumus
1732 1540 1742 1558 ,
1768 1519 1827 1563 qui
1847 1527 1926 1553 curn
1947 1516 1988 1553 de
2005 1520 2118 1564 gratiae
2139 1521 2287 1565 potentia
2306 1518 2369 1556 dis·
2385 1505 2527 1567 renhum.

1423 1574 1575 1612 putaret,
1601 1563 1801 1611 magnorum
1829 1566 2071 1614 mysteriorum
2100 1567 2255 1615 ingressus
2282 1580 2369 1606 arca·
2390 1578 2550 1614 2.Cor.13.9

1422 1626 1528 1658 num,
1555 1616 1593 1650 iis
1612 1627 1687 1662 quae
1719 1611 1936 1664 ¹impofibile
1963 1629 2037 1654 erat·
2050 1630 2220 1662 enarrare,
2256 1617 2487 1664 [παὶ-’ΦΨ-

1420 1663 1513 1702 buit.
1539 1668 1633 1702 Cum
1651 1669 1742 1702 enim
1752 1664 1898 1711 dixiss'et,
1923 1667 2007 1701 Nolo
2024 1668 2107 1702 enim
2126 1668 2374 1716 vosignorare3
2455 1667 2467 1689 ²

1415 1714 1563 1761 fratres,
1589 1714 1770 1761 mysterium
1789 1715 1869 1761 boc,
1896 1726 1935 1752 ut
1954 1729 2014 1752 non
2024 1716 2103 1760 fitis
2120 1717 2304 1766 vobisipsis
2315 1719 2373 1767 Ja-
2386 1701 2551 1778 ξςωθῇἑί

1417 1764 1544 1812 pientes
1557 1791 1567 1809 ,
1593 1765 1670 1812 quia
1696 1764 1826 1801 caecitas
1855 1779 1893 1801 ex
1916 1773 2020 1815 parte'
2035 1769 2069 1802 in
2096 1768 2197 1815 Israel
2217 1769 2373 1817 contigit,

1421 1816 1519 1850 donec
1533 1815 1701 1863 plenitudo
1723 1816 1869 1864 gentium
1887 1817 2050 1863 intraret,
2076 1818 2120 1853 δ’
2132 1817 2187 1861 sic
2206 1820 2310 1855 omnis
2326 1819 2374 1868 1ss
2444 1860 2450 1865 ‚

1419 1866 1492 1900 rael
1505 1866 1626 1913 salvus
1636 1867 1733 1911 fieret
1745 1882 1756 1907 3
1773 1866 1860 1909 sicut
1874 1869 2035 1916 scriptum
2045 1869 2110 1914 est,
2136 1869 2247 1905 Veniet
2266 1859 2557 1905 ex5;,=1la¹·59·²0'

1418 1928 1459 1950 no
1478 1917 1537 1963 qui
1547 1914 1566 1942 k
1585 1926 1680 1952 eruat
1700 1918 1744 1952 δ’
1763 1927 1902 1954 avertat
1921 1919 2104 1967 impietates
2123 1920 2166 1955 ab
2178 1921 2303 1965 Jacob,
2327 1920 2376 1956 0·
2449 1937 2471 1970 k

1419 1966 1478 2001 hoc
1496 1966 1566 2001 illis
1585 1980 1605 2001 a
1626 1980 1677 2002 me
1694 1967 1937 2013 testamentum,
1962 1982 2033 2005 eum
2053 1970 2215 2014 abstulero
2231 1981 2373 2019 peccata
2418 1982 2421 1985 ’

1418 2029 1544 2055 eorum.
1571 2020 1758 2054 Secundum
1779 2020 2002 2067 Evangelium
2021 2021 2153 2067 quidem
2168 2021 2292 2057 inimici
2293 2025 2377 2068 pm

1415 2077 1493 2114 prer
1511 2080 1596 2111 vos,-
1618 2070 1798 2114 secundum
1808 2069 1992 2104 cicaronem
2011 2081 2094 2103 vero
2113 2068 2373 2115 dileffipropter·

1415 2127 1548 2162 patres.
1574 2116 1654 2151 Sine
1667 2117 1859 2161 pem'teom'av
1871 2117 1954 2148 enim
1969 2117 2049 2159 sunt
2068 2116 2154 2161 dona
2173 2115 2218 2151 O*
2236 2119 2370 2153 vocatio

1416 2163 1484 2197 Dei
1503 2165 1530 2196 5
1531 2163 1595 2196 iem
1625 2163 1709 2196 em'm
1731 2162 1909 2208 aliquando
1940 2164 1984 2198 O·
2003 2175 2064 2198 vos
2093 2177 2153 2200 non
2180 2166 2369 2210 credidistis

1414 2213 1487 2245 Deo
1498 2238 1510 2255 ‚
1536 2223 1619 2245 nunc
1634 2220 1741 2246 autem
1758 2212 2010 2259 misericordiam
2032 2215 2187 2260 consecuti
2205 2216 2278 2259 estis
2293 2228 2371 2264 pro·
2393 2219 2397 2225 “

1411 2270 1489 2307 pter
1518 2260 1648 2295 illorum
1667 2261 1934 2296 incredulitatem
1946 2287 1957 2305 ,
1991 2264 2040 2296 ita
2059 2264 2103 2297 Θ·
2123 2263 2177 2306 isli
2206 2278 2289 2301 nunc
2306 2278 2371 2303 non

1415 2310 1625 2344 crediderunt
1643 2310 1679 2343 in
1699 2309 1810 2352 vestra
1831 2310 2075 2357 mzfidcordh,
2110 2322 2148 2348 ut
2167 2313 2212 2349 (9·
2230 2315 2294 2362 ipsi
2309 2320 2370 2351 mi·

1408 2358 1621 2405 sericordiam
1640 2359 1894 2406 consequantur.
1919 2361 2085 2404 Cone-lusit
2093 2365 2179 2398 enim
2199 2365 2292 2400 Deus
2303 2377 2368 2400 om-

1417 2407 1471 2441 nia
1490 2405 1546 2442 lin
1565 2409 1818 2456 incredulitate,
1843 2420 1878 2446 ut
1888 2412 2026 2447 omnium
2037 2411 2245 2460 misereatur.
2272 2420 2368 2454 Cum
2437 2414 2451 2448 l

1414 2469 1497 2505 ergo
1514 2456 1587 2496 haec
1605 2461 1802 2498 divinorum
1820 2474 1966 2509 operum
1986 2463 2145 2510 mysteria
2163 2465 2259 2514 supra
2277 2460 2371 2503 menl

1415 2508 1502 2544 suras
1529 2508 1680 2548 humanae
1699 2510 1926 2559 intelligentiae
1957 2511 2153 2551 excellentia
2173 2538 2184 2557 ‚
2219 2516 2369 2564 quodam

1414 2562 1535 2595 mentis
1555 2562 1619 2597 suae
1638 2559 1835 2608 profudiffet
1856 2560 2003 2602 excessus
2023 2573 2130 2601 totam
2149 2565 2370 2615 expolitionis

1413 2613 1575 2646 rationem
1603 2610 1770 2648 transtulit
1797 2615 1826 2635 ¹¹¹
1845 2615 1880 2648 in
1901 2612 2095 2660 stuporem,
2129 2618 2164 2652 &
2191 2616 2376 2655 admirator
2398 2639 2404 2644 ·
2427 2627 2483 2660 11¹1..

1417 2673 1535 2697 eorum
1555 2674 1629 2709 quae
1649 2661 1852 2710 protulerat,
1877 2663 2075 2701 exclamavit
2093 2668 2128 2702 &
2147 2666 2257 2712 dixit,
2283 2667 2372 2702 Oul-
2384 2653 2541 2732 ΜΨὸῙῘ·

1418 2709 1529 2744 titudo
1540 2710 1738 2746 divitiarum
1743 2711 1913 2759 sapientiae
1931 2713 2124 2760 &scientiae
2144 2716 2232 2750 Dei!
2257 2718 2370 2760 ,Quam
2387 2709 2434 2740 ¹3⁰
2479 2697 2544 2740 'seq‘

1418 2759 1753 2806 incomprehensibilia
1765 2762 1846 2807 June
1865 2762 1990 2803 iudicia
2013 2764 2105 2808 ejus,
2123 2764 2169 2799 Θ·
2187 2765 2367 2813 investiga—

1419 2808 1503 2842 biles
1523 2808 1589 2843 viae
1608 2810 1678 2853 ejus
1689 2816 1703 2844 .‘
1728 2810 1810 2853 ,Quis
1828 2810 1912 2847 enim
1932 2814 2085 2860 cognovit
2105 2815 2234 2862 sensum
2252 2816 2367 2850 Doma-

1420 2858 1473 2902 ni,
1500 2869 1558 2894 aut
1583 2859 1654 2906 quis
1672 2859 1874 2903 consiliarius
1899 2863 1972 2906 ejus
1987 2863 2080 2910 fuit,
2105 2875 2162 2900 aut
2185 2864 2257 2911 quis
2272 2865 2366 2911 prior

1420 2909 1513 2947 dedit
1524 2908 1598 2952 illi,
1624 2910 1821 2946 retribuetur
1831 2912 1881 2950 ei?
1907 2913 2070 2960 ,Quoniam
2090 2913 2227 2960 wilfi,
2253 2915 2297 2949 Ο
2303 2926 2365 2963 per

1418 2960 1546 3006 ipsum,
1572 2960 1615 2994 Θ·
1633 2962 1666 2995 in
1685 2960 1752 3008 ipso
1765 2961 1844 3007 sunt
1862 2963 1986 2999 omnia.
2011 2962 2078 3010 Ipsi
2089 2963 2201 3010 gloria
2217 2964 2252 2999 in
2264 2965 2365 3011 saecu-

1419 3010 1453 3044 la
1467 3036 1477 3053 ,
1501 3011 1652 3046 nAmen.
1672 3012 1833 3050 Praemiffa
1851 3018 1940 3054 enim
1950 3014 2096 3051 docentis
2111 3012 2239 3055 ass'ertio
2247 3015 2366 3056 locum
2439 3027 2463 3049 ¹²

1419 3060 1517 3096 dabat
1545 3061 1755 3099 multimoda>
1771 3063 1965 3112 quaestioni,
1997 3073 2037 3100 ut
2057 3068 2075 3085 ⁰
2093 3069 2215 3102 variate
2236 3079 2294 3115 per
2310 3079 2366 3106 tot

1419 3110 1567 3159 populus
1586 3125 1622 3148 ac
1641 3124 1795 3162 tempora
1812 3117 1924 3198 {ratim
1944 3115 2012 3150 Dei
2030 3112 2133 3151 causs‘a
2150 3128 2366 3164 quereretur.

1420 3164 1495 3198 Cur
1515 3161 1636 3198 scilicet
1655 3166 1809 3199 anteriori
1836 3175 1871 3199 us
1893 3162 2014 3199 saeculis
2030 3163 2162 3202 dimiffae
2178 3165 2275 3204 effent
2295 3170 2376 3206 om:

1421 3223 1478 3250 nes
1493 3223 1607 3263 gentes
1631 3212 1759 3264 ingredi
1778 3215 1844 3248 vias
1870 3210 1960 3257 suas,
1986 3226 2055 3252 uno
2073 3226 2204 3254 tantum
2226 3218 2369 3263 Israele,

1425 3374 1456 3403 in
1479 3383 1592 3412 regnum
1614 3372 1687 3408 Dei,
1706 3355 1874 3414 priusquam
1894 3375 1929 3406 de
1948 3374 2002 3406 hac
2020 3375 2087 3406 vita
2106 3386 2224 3414 exeant,
2244 3377 2370 3417 transse-

1424 3421 1573 3481 rasiiuiliff.
1595 3451 1700 3482 Camb.
1723 3452 1754 3484 ἃ
1776 3454 1834 3489 Jol.
1856 3455 1999 3486 omittunt
2020 3456 2080 3495 esi:
2109 3455 2140 3488 &
2161 3458 2224 3489 Leo
2246 3467 2365 3490 novus.

1463 3492 1473 3520 i
1496 3491 1552 3521 ΜΓ.
1583 3492 1763 3523 Camberon.
1782 3495 1961 3534 impoffibilza
1981 3506 2063 3526 erunt
2082 3499 2226 3528 enarrari.

1462 3541 1480 3562 κ
1501 3531 1560 3560 Ms.
1579 3531 1730 3568 Jolienfis,
1752 3545 1829 3563 eruet
1850 3536 1889 3566 Θ·
1909 3546 2038 3566 avertet.

1463 3572 1473 3600 l
1497 3571 1552 3600 Ms.
1581 3572 1638 3607 Jol.
1661 3583 1729 3603 cum
1752 3582 1832 3604 textu
1855 3577 1961 3606 Graeco
1982 3577 2088 3613 Pauli,
2115 3577 2147 3607 in
2172 3575 2358 3610 incredulita-

1423 3619 1498 3681 ἐτη.
1516 3651 1615 3687 Editi‚
1635 3653 1677 3683 ad
1690 3653 1842 3694 stuporem.
1866 3655 1921 3686 Ms.
1942 3657 1997 3692 Jol.
2018 3655 2049 3688 ἃ
2071 3657 2151 3690 Leo.
2170 3659 2200 3687 in
2211 3656 2360 3696 stuporem.

1462 3701 1482 3721 n
1504 3691 1565 3721 Hic
1586 3702 1644 3722 vox
1657 3693 1839 3731 facularum,
1862 3697 2014 3727 omittitur
2034 3697 2064 3727 in
2094 3698 2192 3729 Leone
2207 3716 2217 3731 ν
2245 3706 2298 3726 ¹¹⁰⁶
2320 3696 2362 3727 ²st

1422 3731 1454 3762 in
1476 3732 1542 3762 loco
1562 3733 1696 3772 Apostoli
1713 3754 1722 3770 ,
1751 3745 1814 3775 quae
1844 3735 1967 3767 habetur
1991 3737 2024 3767 in
2055 3737 2151 3768 Editis
2180 3736 2310 3776 Prosperi
2330 3737 2363 3768 &

1426 3771 1485 3842 Mss
1505 3771 1671 3844 {fremis
1691 3814 1838 3852 editione,
1860 3816 1963 3850 variae.
1985 3815 2041 3848 Ms.
2059 3815 2118 3852 101.
2144 3805 2259 3847 emittit
2279 3817 2363 3854 Dei,

1423 3853 1484 3891 poll
1503 3852 1619 3892 gratia·-

2647 1328 2652 1341 ..
2649 1297 2652 1315 ,-
2644 1155 2652 1281 -h———.

2622 1682 2652 1828 i

2637 1835 2652 1863 'i‘
