2652 4126
19 296 40 350 3έῖ
123 327 205 356 R2m.
239 333 279 355 ῃ,
293 305 493 364 plenitudo
526 307 710 348 Gentium
740 306 924 360 intrarem
953 304 1002 348 &¹
1025 305 1087 361 sic
1113 304 1231 344 omnis

29 361 35 367 ''
125 376 173 405 ²5·
297 362 418 421 Israel
441 362 729 422 salvusfieret,·
761 363 1230 406 &dominareturChri·

297 425 373 468 stus
404 426 445 466 in
479 426 613 468 medio
644 426 898 467 inimicorum
931 424 1109 465 suorum.
1191 448 1193 451 v

363 487 511 526 Tecum
535 485 768 544 principium
797 484 839 525 in
868 484 930 525 die
960 485 1122 525 virtutis
1139 497 1225 524 tuae.

360 546 588 597 Dominus,
618 544 961 601 interrogantibus
991 544 1078 600 quis
1109 543 1227 594 esset,

299 603 531 663 respondit,
559 604 820 662 Principium,
850 604 916 659 qui
946 600 1226 658 &loquorve-

298 664 373 708 his:
403 663 570 718 hocest,
600 665 690 721 Ego
701 665 768 720 qui
781 663 919 720 loquor
949 663 1086 714 vobis,
1117 664 1227 720 prin-

299 725 452 781 cipium
484 724 590 766 sum.
633 722 703 764 Est
734 736 865 764 autem
899 724 938 764 8<
968 724 1086 764 Pater
1118 724 1228 779 prin—

296 783 478 840 cipium,
506 784 549 825 in
581 797 660 839 quo
690 783 893 840 principio
913 792 999 824 erat
1033 782 1228 832 Verbum,

301 844 340 885 &
371 843 552 885 Verbum
581 853 668 885 erat
697 841 800 899 apud
823 843 983 884 Deum.
1015 841 1228 897 Numquid

301 916 397 960 ergo
427 903 519 960 quia
551 903 669 944 Pater
710 902 985 959 principium,
1023 902 1061 942 8<
1103 902 1226 941 Filius

301 962 573 1020 principium,
602 959 679 1002 duo
710 960 800 1003 sunt
832 959 1055 1018 principia?
1086 961 1223 1001 Absit.

304 1022 414 1065 Sicut
444 1022 554 1063 enim
589 1022 705 1063 Pater
737 1022 849 1062 Deus
878 1022 917 1062 8<
948 1021 1072 1061 Filius
1106 1021 1232 1071 Deus,

304 1082 426 1124 Pater
454 1093 588 1123 autem
620 1082 658 1123 8<
692 1081 816 1122 Filius
836 1094 917 1122 non
950 1078 1026 1121 duo
1056 1077 1135 1131 dii,
1166 1078 1230 1121 sed

302 1155 403 1183 unus
434 1139 488 1183 est
521 1141 631 1182 Deus
642 1156 656 1196 3
687 1141 738 1182 fic
768 1139 1163 1198 Paterprincipium,
1193 1140 1230 1180 8(

303 1200 432 1243 'filius
461 1201 706 1258 principium
726 1230 740 1253 ,
780 1202 898 1243 Pater
926 1211 1062 1241 autem
1093 1199 1131 1240 8<
1164 1199 1230 1239 Fi-

303 1261 379 1302 lius
409 1274 491 1301 non
522 1259 599 1302 duo
631 1260 858 1318 principia,
886 1257 950 1301 sed
982 1272 1108 1300 unum
1120 1259 1228 1315 prin·

303 1320 453 1376 cipium
476 1350 487 1360 .
532 1322 679 1360 Tecum
708 1333 804 1378 ergo
835 1319 1066 1419 princttioium
1095 1318 1136 1359 in
1165 1319 1226 1359 die

234 1405 236 1409 -
302 1379 462 1420 virtutis
490 1390 564 1420 tuae
582 1410 595 1432 ‚
624 1380 666 1421 in
697 1379 762 1422 die
793 1393 871 1437 qua
905 1379 943 1419 vi
972 1378 1104 1420 ebitur
1132 1393 1226 1434 quo-

300 1436 423 1480 modo
453 1438 648 1481 creditur.
680 1440 880 1498 Quamvis
908 1438 1019 1481 enim
1050 1438 1225 1479 etiamin

301 1496 435 1540 forma
466 1499 567 1540 servi
588 1530 600 1552 ,
639 1499 723 1556 ipsa
753 1499 821 1540 illa
853 1497 989 1539 nostrae
1020 1495 1229 1538 infirmita-

303 1557 356 1599 t'is
387 1557 583 1615 susceptio
613 1573 695 1600 non
735 1570 845 1601 caret
875 1559 1025 1599 virtute
1056 1555 1195 1598 divina
1216 1586 1229 1608 ,

129 1640 158 1667 ι.
174 1632 238 1663 eor.
260 1642 287 1664 ι.
303 1616 464 1673 quando
495 1619 533 1659 8<
562 1616 769 1659 infirmum
800 1631 912 1660 tuum
924 1616 1064 1659 fortius
1083 1615 1138 1658 est
1158 1616 1230 1657 ho-

130 1680 179 1707 25·
274 1717 283 1728 ‚
302 1676 503 1730 minibus,
531 1679 570 1719 8<
600 1678 642 1719 in
676 1679 791 1735 virga
820 1677 980 1718 virtutis
1011 1689 1084 1718 tuae
1104 1675 1225 1717 domi-

303 1736 463 1779 naberis
492 1738 536 1778 in
568 1736 702 1779 medio
742 1737 997 1778 inimicorum
1039 1749 1227 1777 tuorum:

303 1798 444 1838 veniet
474 1808 612 1839 tamen
641 1796 724 1838 dies
753 1797 845 1850 ille,
873 1796 1145 1854 quoomnibus
1156 1794 1228 1836 dis-

302 1855 603 1913 pensationibus
643 1856 931 1914 temporalibus
971 1855 1138 1913 peraE’cis
1171 1867 1228 1896 at-

300 1930 379 1972 que
411 1914 559 1969 finitis,
588 1914 860 1959 manifestabis
891 1927 932 1958 te
964 1915 1104 1958 sanetis
1132 1914 1228 1974 tuis,

302 1977 342 2016 8<
372 1977 414 2018 in
446 1976 517 2017 illa
545 1976 602 2019 eis
633 1976 844 2034 apparebis
875 1975 1002 2032 gloria
1020 2004 1034 2028 ‚
1071 1974 1114 2015 in
1146 1989 1227 2031 qua

282 2035 461 2091 -aequalis
490 2049 531 2076 es
562 2036 696 2088 Patri,
725 2048 770 2077 ut
789 2034 956 2077 videant
971 2036 1117 2076 Tecum
1119 2034 1229 2093 prin-

300 2093 440 2153 cipium
469 2094 511 2134 in
539 2093 601 2135 die
630 2095 788 2136 virtutis
817 2107 913 2136 tuae.
999 2132 1001 2135 .

300 2190 309 2193 -
331 2188 334 2192 ,
358 2155 411 2201 ,In
434 2150 696 2213 splendoribus
716 2153 955 2210 stent‘lorum.

328 2248 331 2251 >
361 2215 535 2258 Praesens
564 2213 912 2267 vstasawstoruuu,
941 2214 1124 2271 quamvis
1143 2229 1230 2272 gra·

302 2275 361 2317 tia
392 2277 555 2328 floreat,
584 2275 768 2332 quamvis
780 2274 1117 2327 moribusniteat‚
1147 2289 1227 2316 non

141 2382 147 2388 ,
193 2383 224 2389 Π
295 2334 359 2377 'est
389 2337 432 2379 in
464 2334 696 2393 splendore,
724 2332 1007 2391 quianondum
1037 2346 1230 2390 exempta

121 2398 214 2439 <³Wol-
226 2410 285 2440 34·
302 2394 360 2437 est
389 2410 414 2438 a
442 2395 698 2452 corruptione
717 2424 731 2436 .
771 2395 881 2441 Cum
911 2408 1007 2451 ergo
1037 2407 1231 2450 apparue-

304 2455 359 2495 rit
389 2453 572 2496 Christus
591 2483 604 2507 ,
632 2453 728 2495 vita
758 2452 983 2495 sannorum
1001 2483 1016 2506 ,
1054 2465 1150 2494 tunc
1191 2453 1230 2491 8<

153 479 188 516 ἦ.
207 493 236 524 3.

121 2158 243 2201 nimy.
250 2169 284 2202 3.

123 2496 220 2550 initi
235 2529 273 2558 13
301 2512 390 2570 ipfi.
409 2513 667 2627 aftpfarebunt
691 2525 782 2553 cum
793 2512 863 2552 1110
872 2512 916 2552 in
929 2513 1078 2568 gioria.
1113 2513 1230 2551 Tunc

122 2566 172 2595 ⁴³¹
281 2588 285 2607 -·
296 2572 392 2627 ‘insti
475 2570 618 2628 gebrant
638 2570 745 2627 sicut
774 2567 839 2624 sol
868 2570 909 2610 in
935 2585 1060 2628 regno
1099 2565 1230 2608 Patris

293 2631 383 2687 sui,
413 2628 457 2672 id*
484 2627 562 2682 est,
591 2629 634 2670 in
663 2628 754 2670 vita
783 2639 953 2670 aterna.

125 2699 198 2729 Item
207 2698 284 2738 Y.3.
359 2693 430 2734 Ex
457 2702 560 2730 utero
590 2699 680 2742 ante
707 2683 904 2742 luciferum
930 2686 1049 2744 genui
1077 2698 1138 2726 te.

357 2750 405 2791 Si
434 2748 484 2790 de
515 2748 585 2789 illa
604 2747 867 2804 generatione
887 2746 965 2788 hoc
986 2744 1135 2786 dicium
1157 2742 1225 2795 est,

299 2821 380 2866 qua
409 2822 461 2850 ex
493 2808 610 2848 Patre
644 2807 738 2848 Deo
769 2806 927 2862 genitus
958 2803 1013 2847 est
1035 2805 1148 2846 Deus
1160 2804 1226 2845 Fi-

278 2868 494 2921 2:lius,·›E·x
523 2878 626 2906 utero
646 2863 867 2922 fignificat,
894 2878 945 2907 ex
965 2864 1143 2916 secret0,
1172 2877 1224 2905 ex

278 2928 465 2972 occulto:
483 2956 497 2980 ,
534 2924 583 2967 de
614 2925 628 2966 i
660 2925 699 2966 so
728 2925 849 2966 vPatre
868 2953 882 2977 ,
913 2922 968 2966 de
1008 2921 1222 2965 substantia

279 2988 448 3030 „Patria
479 2987 591 3027 Ante
619 2939 817 3040 liiciferum
846 2997 977 3036 vero·,
1005 2983 1063 3024 ait
1082 3013 1095 3036 ‚
1125 2995 1219 3025 ante

234 3058 507 3106 Astempora.
541 3047 616 3087 Per
646 3044 855 3088 luciferum
885 3043 1023 3096 enim,
1050 3054 1094 3084 ut
1124 3055 1218 3099 pote

278 3115 370 3168 *per
398 3104 731 3163 fulgentissimum
770 3103 870 3146 fidus
899 3134 912 3156 ,
950 3115 1157 3159 tamquam
1196 3116 1220 3143 a

277 3177 414 3224 -parte
443 3178 574 3211 totum
603 3195 617 3219 ,
654 3164 794 3206 omnia
832 3162 958 3206 fidera
999 3161 1219 3219 significata

119 3210 281 3247 σῶμ’·
295 3226 410 3279 suut,
438 3241 521 3283 quae
552 3226 594 3268 in
624 3223 700 3266 hoc
731 3223 836 3265 fasta
867 3222 984 3275 sunt,
1013 3235 1056 3263 ut
1067 3221 1161 3279 sint·
1176 3221 1218 3261 in

279 3283 523 3343 'signis-§XT
551 3283 775 3343 temporibus
793 3313 806 3336 ,
836 3281 886 3325 (9⁴
915 3283 956 3323 in
985 3281 1108 3324 diebus
1126 3311 1140 3334 ,
1170 3279 1220 3323 δ’

296 3345 405 3385 annis
423 3374 434 3386 .
476 3344 597 3402 Quod
637 3343 692 3387 est
720 3343 826 3400 {ergo
856 3355 945 3383 ante
973 3339 1168 3398 luciferum
1207 3370 1220 3392 ‚

212 3442 215 3445 ,
279 3402 584 3446 τὴοὸόὶπηῖε
615 3402 783 3446 sidera:
825 3404 864 3444 8<
903 3401 1007 3459 quod
1038 3401 1092 3444 est
1123 3411 1219 3442 aute

299 3462 449 3515 fidera,
479 3463 555 3504 hoc
585 3475 680 3505 ante
712 3476 898 3519 tempora
917 3492 930 3514 ,
956 3475 1088 3519 >atque
1128 3458 1219 3501 ideo

276 3522 625 3573 ‘ert'aeternitate-
658 3523 699 3565 Si
731 3537 828 3564 vero
859 3521 940 3563 hoc
970 3537 1022 3563 ex
1052 3520 1219 3579 persona

278 3582 508 3639 >Prophetae
531 3579 697 3622 ,dietum
719 3581 789 3623 est
817 3611 830 3634 ,
867 3581 936 3638 qui
975 3585 1033 3623 ait
1053 3612 1064 3622 .
1105 3579 1221 3622 Dixit

0 3638 16 3693 ἱ
136 3639 247 3683 .Ὶ’-”“ῐ·.
274 3643 486 3684 ,Παιωίηιις
525 3641 688 3681 Domino
727 3656 805 3681 meo
833 3671 847 3694 ,
885 3640 983 3682 Sede
1019 3657 1042 3681 a
1081 3639 1222 3682 dextris

296 3702 395 3744 meis'
464 3714 547 3742 non
578 3698 634 3743 est
673 3699 838 3742 dubium
878 3700 991 3742 illam
1032 3701 1224 3743 nativita-

0 3757 19 3832 ζ
419 3763 462 3804 S.
493 3758 692 3819 Prosperi.

635 211 1236 269 EXPOSIT10'1N
1301 208 1699 276 PSALMUM
1757 222 1880 286 cix.

2101 232 2200 282 24¹

1292 314 1376 343 tem
1407 302 1693 359 significatam,
1723 318 1802 360 qua
1834 305 2037 346 Dominus
2060 305 2213 356 David,

1290 360 1389 403 filius
1421 362 1474 403 est
1489 362 1651 404 David,
1683 365 1822 406 Potuit
1850 365 1963 406 enim
1983 363 2115 405 dicere
2128 365 2212 404 Da.-

1290 420 1356 462 vid
1389 434 1556 478 propter
1585 425 1878 480 propaginem,
1908 439 1991 481 qua¹
2016 423 2065 466 de
2095 422 2212 480 ipsius

1289 478 1408 537 stirpe
1440 482 1578 523 Maria
1610 484 1724 540 virgo
1754 483 1981 538 descendit,
2008 486 2078 525 Ex
2107 495 2213 524 utero

1282 541 1400 597 genui
1427 553 1468 581 te
1496 556 1517 594 ,·
1549 541 1624 584 hoc
1655 543 1732 597 est,
1761 559 1812 586 ex
1843 557 1959 587 utero
1997 542 2213 600 virginali,

1285 613 1336 641 ex
1368 611 1481 642 utero
1511 616 1590 658 quo
1620 603 1812 646 masculus
1843 619 1925 646 non
1958 603 2137 655 accessit,
2164 603 2210 644 in

1288 673 1366 716 quo
1397 660 1477 702 sola
1507 662 1585 703 fuit
1615 665 1826 720 conceptio
1858 665 2021 716 matris,
2051 663 2134 705 fine
2155 661 2213 704 se·-

1288 720 1399 761 mine
1430 724 1646 777 genitoris.
1682 724 2041 765 Etconvenienter
2059 721 2211 763 dietum

1291 776 1367 830 est,
1399 783 1509 821 Ante
1537 778 1763 837 luciferum;
1795 785 1887 840 quia
1909 796 2003 825 ante
2023 793 2210 823 exortum

1291 836 1370 879 diei
1403 854 1517 882 natus
1548 841 1602 882 cst
1635 844 1861 896 Dominus,
1889 844 1966 884 hoc
1996 840 2212 884 indicanti-

1291 898 1358 939 bus
1391 898 1626 941 testimoniis
1658 901 1881 958 pastorum,
1909 902 1978 958 qui
2005 906 2020 923 ²
2051 901 2211 958 vigilias

1287 959 1529 1000 exercebant
1559 959 1673 1015 super
1703 975 1868 1018 gregem
1898 961 2033 1003 suum.

1338 1018 1375 1070 J
1379 1019 1509 1058 uravit
1549 1020 1734 1060 Dominus
1761 1050 1774 1071 ,
1815 1020 1866 1062 <⁹⁴
1905 1036 1980 1060 non
2017 1018 2213 1077 paenitebit

1407 1092 1515 1131 eum,
1548 1079 1615 1119 Tu
1645 1095 1682 1120 cs
1703 1079 1874 1134 sacerdos
1912 1081 1951 1120 in
1992 1094 2173 1121 aeternum
2201 1109 2215 1132 ,

1398 1137 1605 1192 secumdum
1634 1140 1801 1181 ordinem
1832 1137 2135 1194 Melchisedech.

1349 1197 1389 1238 Si
1422 1209 1562 1239 natum
1592 1213 1643 1241 ex
1676 1212 1787 1241 utero
1821 1200 1988 1256 virginis
2027 1211 2117 1240 ante
2155 1195 2214 1238 lu-

1287 1255 1442 1311 ciferum
1472 1258 1735 1315 intelligimus
1759 1260 2036 1310 Salvarorem,
2065 1257 2213 1301 exinde

1290 1316 1569 1372 proculdubiO,
1590 1318 1759 1372 secerdos
1787 1319 1841 1373 est
1870 1320 1909 1360 in
1929 1332 2132 1369 aeternum,
2154 1317 2213 1372 se·-

1290 1376 1451 1416 cundum
1482 1378 1649 1419 ordinem
1678 1374 1978 1434 Melchisedech.
2011 1379 2127 1420 Nam
2158 1376 2213 1422 se-

1291 1433 1465 1476 cundum
1494 1435 1599 1492 quod
1631 1438 1834 1479 Dominus
1865 1451 1982 1480 natus
2011 1453 2063 1480 ex
2094 1439 2214 1479 Patre

1289 1493 1366 1547 est,
1396 1496 1582 1552 gignenti
1603 1509 1818 1540 coaeternus
1848 1499 1887 1540 8(
1918 1498 2098 1554 aequaliS,
2129 1511 2211 1540 non

1289 1553 1345 1596 est
1376 1553 1574 1598 sacerdos.
1597 1558 1769 1609 Juravit
1790 1573 1885 1615 ergo
1897 1558 2104 1609 Dominus,
2134 1557 2212 1598 hoc

1290 1612 1367 1665 est,
1396 1628 1487 1656 cum
1519 1615 1800 1659 constitutione
1831 1617 2034 1675 promisit.
2066 1619 2213 1658 Etnon

1283 1672 1483 1730 paenitebit
1512 1690 1596 1714 eum
1625 1705 1637 1726 ,
1676 1676 1753 1718 hoc
1788 1677 1849 1719 ,est
1879 1708 1891 1730 ,
1921 1692 2003 1719 non
2037 1676 2211 1719 mutabit

1290 1732 1495 1774 confilium
1527 1764 1540 1785 ,
1572 1749 1651 1775 non
1686 1735 1792 1777 aliud
1822 1737 1943 1778 faciet
1972 1766 1985 1789 ,
2025 1750 2099 1779 nec
2131 1750 2214 1791 um—

1288 1806 1408 1848 quam
1441 1793 1478 1833 ei
1508 1794 1592 1835 haec
1623 1794 1824 1838 sententia
1853 1795 2110 1852 displicebit.
2145 1797 2214 1835 Tu

1286 1867 1323 1894 es
1344 1850 1517 1907 sacerdos
1546 1854 1587 1894 in
1618 1866 1820 1896 aeternum:
1840 1854 1930 1897 .hoc
1960 1853 2038 1906 est,
2069 1851 2215 1902 nonAfi-

1279 1911 1398 1956 vnitur
1427 1911 1690 1957 sacerdotium
1721 1927 1832 1956 tuum
1857 1930 1869 1970 ;
1900 1929 1973 1958 nec
2005 1914 2101 1956 ficut
2131 1915 2215 1956 Aa·

1273 1986 1362 2014 -ron
1391 1971 1489 2014 ordo
1519 1972 1705 2027 cessavit,
1735 1975 1793 2016 ita
1824 1975 1950 2017 etiam
1981 1986 2095 2016 tuum
2114 1988 2215 2032 pon·

1288 2030 1459 2074 tificium
1499 2034 1814 2075 commutabitur
1840 2065 1851 2076 .
1891 2033 2113 2077 Sacerdotii
2154 2034 2213 2078 tui

1289 2106 1371 2134 non
1412 2092 1488 2134 erit
1530 2093 1618 2135 fluis
1650 2109 1664 2150 ;
1703 2092 1767 2136 sed
1798 2093 2006 2149 secundum
2046 2095 2213 2135 ordinem

1291 2149 1590 2207 Melchisedech,
1623 2153 1696 2196 hoc
1727 2152 1806 2209 est,
1838 2152 2050 2195 secundum
2070 2152 2216 2208 myste-

1290 2213 1351 2253 ria
1380 2227 1464 2268 quae
1496 2227 1567 2270 per
1597 2227 1691 2254 eum
1721 2212 1922 2256 declarata
1951 2213 2066 2267 sunt,
2094 2214 2136 2254 in
2169 2227 2215 2255 ae-

1292 2284 1453 2313 ternum
1484 2273 1762 2329 permanebit.
1982 2311 1987 2315 .

1353 2332 1538 2373 Dominus
1565 2349 1589 2373 a
1618 2333 1760 2374 dextris
1790 2334 1864 2374 tuis
1893 2364 1906 2386 ,
1945 2331 2216 2391 conquaffavit

1408 2392 1449 2431 in
1479 2392 1541 2433 die
1570 2393 1634 2434 irae
1656 2392 1736 2447 suae
1767 2408 1888 2451 reges.
2156 2435 2160 2438 ⁴
2191 2434 2195 2439 ,

1350 2448 1418 2488 Ad
1449 2450 1579 2506 ipsum
1612 2452 1864 2502 Dominum,
1895 2451 1962 2506 qui
1993 2449 2098 2490 dixit
2128 2451 2216 2491 Do-

1289 2505 1403 2546 mino
1422 2535 1437 2557 ,
1474 2509 1571 2547 Sede
1599 2524 1622 2547 a
1650 2509 1792 2555 dextris
1830 2511 1919 2550 meis
1948 2537 1962 2559 ,
2003 2508 2214 2564 Prophetae

1289 2562 1418 2604 sermo
1449 2562 1617 2606 direffiius
1648 2566 1720 2606 est.
1760 2566 1848 2621 Ipse
1870 2596 1882 2616 ,
1921 2567 2053 2622 inquit
2073 2597 2086 2618 ,
2127 2569 2215 2609 Do-

1288 2622 1424 2676 mine,
1452 2624 1515 2664 cui
1546 2622 1678 2678 jurasti
1696 2654 1710 2677 ,
1742 2627 1810 2666 Tu
1840 2640 1877 2665 es
1897 2624 2067 2680 sacerdos
2096 2628 2137 2667 in
2167 2643 2213 2668 ae·

1286 2695 1458 2735 ternum,
1489 2684 1673 2725 Dominus
1701 2700 1725 2723 a
1743 2684 1885 2725 dextris
1913 2685 2011 2738 tuis,
2041 2687 2108 2742 qui
2127 2702 2212 2727 con·

1287 2803 1427 2859 quibus
1458 2800 1608 2843 dietum
1640 2802 1716 2855 est,
1748 2803 1997 2859 Adstiterunt
2016 2820 2118 2863 reges
2135 2818 2209 2846 ter·

1283 2879 1357 2914 rae,
1386 2862 1435 2904 (9⁴
1460 2863 1651 2921 principes
1680 2876 1940 2904 convenerunt
1969 2865 2012 2905 in
2050 2880 2167 2906 unum
2196 2895 2211 2918 ,

1268 2920 1462 2977 ssadversus
1491 2922 1722 2975 Dominum,
1751 2922 1801 2964 (T
1821 2922 2000 2978 adversus
2010 2923 2210 2980 Christum

1262 2983 1384 3033 ejus<
1412 2981 1666 3039 Quicumque
1697 2982 1809 3024 enim
1840 2983 1982 3026 talium
2002 2984 2071 3041 qui
2085 2982 2211 3039 Chri-

1265 3041 1452 3092 'stianum
1483 3056 1631 3087 nomen
1664 3041 1867 3095 oderunt,
1896 3043 1938 3084 in
1970 3042 2036 3085 sua
2066 3044 2210 3101 impie-

1272 3114 1367 3146 tate
1397 3101 1608 3158 perfistunt
1628 3132 1640 3154 ‚
1671 3102 1750 3156 jam
1782 3101 1945 3158 quidem
1984 3103 2210 3160 conquassa—

1279 3163 1313 3203 ti
1343 3160 1457 3214 sunt,
1485 3175 1561 3205 nec
1592 3173 1808 3218 potuerunt
1829 3162 1983 3207 efficere
2014 3162 2118 3219 quod
2140 3177 2208 3205 vo-

1271 3222 1421 3266 lebant
1444 3236 1457 3276 ;
1487 3219 1552 3263 sed
1583 3222 1625 3261 in
1655 3221 1716 3262 die
1745 3221 1832 3273 irae,
1861 3219 1902 3262 id
1933 3221 2012 3275 est,
2039 3224 2208 3264 retribu-

1281 3282 1397 3322 tione
1434 3279 1521 3336 justi
1562 3279 1696 3336 judicii
1738 3281 1823 3323 Dei
1864 3282 2025 3338 penitus
2073 3295 2208 3324 conte-

1281 3352 1442 3382 rentur.

1331 3400 1543 3454 judicavit
1572 3402 1614 3442 in
1641 3399 1840 3458 gentibus,
1868 3399 2037 3458 replevit
2065 3402 2204 3451 ruinas.

1341 3460 1428 3517 Qui
1460 3461 1500 3500 in
1534 3460 1760 3517 superbiam
1793 3460 2003 3516 eriguntur
2031 3490 2044 3512 ,
2083 3461 2121 3503 &
2161 3462 2204 3502 in

1282 3519 1349 3561 sua
1378 3520 1552 3561 elatione
1585 3519 1793 3576 persistunt
1815 3549 1827 3571 ,
1867 3518 1917 3560 fic
1957 3518 2206 3563 destruentur

1282 3590 1326 3620 ut
1357 3592 1438 3620 non
1471 3578 1734 3623 aedificentur.
1766 3579 1868 3619 Non
1889 3580 2000 3620 enim
2021 3578 2206 3621 desinunt

1283 3637 1452 3693 destrui,
1482 3637 1551 3693 qui
1582 3653 1663 3680 non
1696 3636 1880 3678 desinunt
1911 3638 2083 3688 elevari.
2116 3640 2203 3696 Qui

1285 3710 1421 3740 autem
1461 3711 1533 3753 per
1573 3697 1848 3738 humilitatem
1899 3697 2046 3739 cadunt
2086 3698 2125 3739 8<
2164 3698 2203 3741 se

1791 3756 1876 3797 Hh
2030 3771 2146 3814 ,pro-

1683 3820 1697 3832 2

338 3864 356 3885 a
375 3852 423 3885 Sic
444 3853 515 3885 editi
537 3860 648 3885 veteres
669 3872 680 3890 ,
707 3852 789 3889 iuxta
815 3858 932 3884 textum
958 3850 1116 3893 Augustini
1136 3862 1150 3883 .·
1176 3861 1231 3894 pro
1251 3861 1311 3893 quo
1331 3849 1510 3882 recentiores
1530 3848 1702 3889 posuerunt,
1724 3849 1773 3889 qui
1792 3847 1980 3888 custodiebant
1998 3848 2136 3888 vigilias.
2184 3865 2197 3882 ιτ

2230 763 2297 792 Luc.
2316 770 2343 790 2.
2359 772 2388 798 7.

2229 804 2265 834 <¹9
2287 803 2318 833 8.
2364 807 2371 826 ·,

2288 930 2306 951 a

2254 1039 2289 1074 il*-
2311 1051 2337 1075 4-

2274 2347 2307 2383 s.
2328 2357 2353 2386 5.

1266 2741 1492 2799 quassavit
1521 2743 1563 2785 in
1593 2743 1654 2787 die
1684 2744 1748 2786 irae
1769 2743 1849 2799 suae
1877 2760 1982 2802 ,reges
1998 2775 2012 2797 ,
2042 2746 2142 2788 illos
2160 2745 2209 2789 de
2242 2800 2244 2802 Ι

2230 2804 2365 2864 osana.
