2652 4126
492 190 598 247 462
854 183 964 240 DE
1018 179 1613 236 PROVIDENTIA
1672 177 2009 250 D1v1NA,'

637 274 764 327 Inde
801 289 935 342 putet
958 283 1130 323 'totum
1169 268 1330 337 posse,
1365 270 1496 323 unde
1531 275 1717 337 accepit
1753 275 1804 322 &
1840 267 1959 321 esse.

635 342 777 395 infita
818 341 875 394 fic
911 340 1049 391 nobis
1086 343 1246 405 patriae
1283 345 1470 392 virtutis
1509 343 1673 403 imago
1709 336 1809 402 est,

495 431 593 476 245
633 423 815 475 Longo
851 409 1037 472 justitiae
1074 427 1177 475 quae
1211 409 1421 460 multum
1456 412 1666 459 exercita
1702 406 1867 472 cultu,

629 481 736 531 Ceu
773 476 1164 546 speculolumen
1202 477 1424 530 dlvinum
1461 482 1647 527 imitata
1685 471 1900 527 referret.

629 550 861 616 Cumque
899 546 1037 598 bonis
1075 543 1280 615 pofitum
1318 542 1551 597 tranfiffet
1587 550 1637 595 in
1675 543 1855 596 artibus
1891 560 2080 609 aevum,

623 619 879 669 AEternam
919 615 1099 668 vidirix
1136 635 1296 668 arcem
1333 611 1549 667 mansura
1587 627 1796 665 teneret.

626 687 854 754 Totaque
891 703 963 735 res
999 683 1176 736 effe&a
1214 684 1317 735 Dei
1330 721 1346 748 ,
1384 690 1481 747 jam
1519 681 1651 734 nulla
1688 679 1861 734 subiret

487 773 594 820 250
633 757 826 818 Praelia,
863 772 952 805 nec
988 754 1175 821 trepide
1211 749 1371 805 secum
1411 751 1687 803 decerneret
1724 757 1774 802 in
1812 748 1884 815 se,

625 825 733 875 Nec
772 821 916 875 vellet
953 822 1086 890 quod
1125 840 1241 873 mox
1278 820 1460 885 nollet,
1498 818 1699 872 voluisse
1721 855 1736 883 2
1767 825 1977 885 timere5

621 894 881 958 Ignorare,
918 909 1115 960 optare,
1152 896 1255 960 pati
1290 897 1386 954 jam
1424 886 1581 941 nescia
1621 912 1630 940 ε
1667 887 1813 941 nullis

623 959 848 1013 Crescere
883 981 1032 1027 egens
1067 959 1305 1026 cumulis,
1343 957 1578 1029 nullisque
1613 957 1824 1010 obnoxia
1863 955 2079 1011 damnis.

619 1032 692 1083 Et
728 1050 826 1098 quo
865 1028 1099 1099 promiffis
1134 1028 1256 1081 adsit
1294 1026 1472 1080 fiducia
1512 1032 1731 1094 magniS,

484 1118 580 1166 255
624 1102 706 1152 Ac
743 1098 843 1167 spes
881 1097 1130 1168 propositae
1168 1095 1225 1148 sit
1260 1116 1360 1149 non
1398 1104 1580 1149 incerta
1617 1114 1824 1148 coronae:

619 1168 834 1219 Munere
871 1166 1105 1235 praesentis
1142 1171 1276 1230 vitae,
1314 1165 1606 1218 documenta
1642 1162 1809 1216 futurae

618 1237 778 1287 Sumit
814 1235 1000 1300 homo,
1038 1241 1087 1287 &
1125 1234 1302 1286 dandis
1337 1232 1584 1286 confidere
1620 1232 1758 1286 discit
1793 1232 2008 1303 adeptis.

614 1305 754 1355 Huic
791 1304 893 1355 caeii
933 1303 1181 1368 volucreS,
1217 1309 1267 1357 &
1303 1304 1478 1355 cundia
1516 1302 1746 1356 animalia
1784 1318 1913 1355 terrae

612 1372 839 1435 Subjecia
878 1394 888 1423 :
925 1378 974 1426 &
1013 1369 1159 1440 pisces
1196 1391 1324 1442 quos
1353 1377 1506 1424 nutrit
1544 1387 1747 1438 pontus,
1784 1379 1835 1425 &
1872 1388 2066 1425 amnes.

478 1447 576 1492 260
617 1442 755 1493 Huic
795 1441 924 1493 Solis
966 1443 1212 1511 Lunaeque
1250 1447 1408 1507 viem,
1445 1447 1494 1494 &
1532 1439 1680 1494 fidera
1717 1443 1879 1493 noctis

614 1511 769 1562 Noffe
809 1511 980 1562 datum
1019 1533 1028 1562 :
1068 1509 1373 1579 numerisque
1411 1509 1516 1561 dies
1552 1509 1902 1578 comprendere
1937 1515 1988 1565 δε
2023 1527 2200 1562 annos.

611 1581 738 1631 Scire
776 1579 1035 1647 potestates
1072 1581 1359 1644 herbarum,
1397 1585 1444 1633 &
1483 1585 1683 1631 nomina
1721 1577 1858 1631 rebus

614 1647 820 1714 indere,
861 1657 909 1702 &
949 1655 1205 1715 ingenium
1243 1655 1397 1701 varias
1434 1667 1609 1715 augere
1646 1667 1730 1716 per
1764 1663 1914 1700 artes.

608 1720 765 1769 Hunc
803 1725 1045 1785 potiorem
1082 1737 1234 1771 unum
1273 1719 1462 1771 cundiis
1499 1717 1813 1785 spirantibus,
1849 1721 1935 1770 uni

474 1794 570 1850 265
612 1787 894 1850 Subjectum
931 1785 1104 1839 servire
1139 1787 1257 1839 Deo
1294 1810 1303 1839 :
1342 1807 1431 1840 nec
1467 1805 1699 1856 corporea
1736 1791 1815 1854 vi,

613 1856 709 1908 Sed
750 1861 948 1931 rationis
984 1876 1107 1925 ope,
1148 1854 1443 1925 praefortibus
1481 1863 1782 1925 imperitare.

295 1932 453 2012 0233?ng
677 1927 840 1993 QUOD
877 1928 911 1977 11
948 1932 1056 1992 quis
1094 1946 1190 1977 non
1229 1941 1359 1978 totus
1397 1926 1549 1978 homo
1587 1926 1684 1978 haec
1720 1922 1984 1976 extendere
2022 1922 2180 1978 verbis

292 1997 453 2056 disienm'a
607 1997 708 2047 ,Me
748 2009 911 2062 putat,
954 2001 1002 2047 &
1044 1996 1268 2047 nondum
1305 1993 1395 2047 sese
1431 2000 1667 2060 cognovit
1705 2000 1756 2045 in
1795 1992 1917 2045 istis:

291 2062 452 2162 Ξῇῗζοέἷξ
608 2063 802 2117 Audiat
838 2084 866 2115 a
904 2069 1072 2131 primis
1110 2063 1282 2116 distare
1321 2065 1597 2133 parentibus
1632 2064 1802 2113 adium

288 2140 381 2160 mines
389 2141 436 2170 poi
449 2148 451 2151 .

290 2171 415 2210 „psum-
474 2149 573 2194 270
613 2136 704 2183 Per
740 2132 922 2183 deiicsta
961 2151 1141 2196 genus,
1179 2132 1333 2182 multa
1372 2138 1421 2182 &
1458 2130 1677 2192 rubigine
1715 2145 1910 2178 morum

612 2202 848 2264 Corrupti
886 2206 1116 2262 exiguum
1156 2196 1316 2248 semen
1352 2193 1585 2259 superesse
1623 2199 1829 2260 vigoris.

612 2269 784 2332 thue
822 2262 906 2314 suae
943 2279 1135 2315 tantum
1174 2279 1350 2315 naturae
1391 2261 1538 2314 discat
1576 2263 1849 2324 honorem5

609 2337 669 2386 In
710 2332 948 2385 summum
988 2330 1138 2384 sandri
1177 2339 1367 2398 generis
1405 2331 1569 2382 redeat
1606 2345 1779 2399 caput,
1817 2336 1866 2383 &
1902 2328 1947 2382 se

605 2401 836 2454 AEstimet
871 2421 899 2451 a
930 2400 1158 2452 vmanibus
1197 2402 1438 2465 Domini,
1473 2397 1741 2468 afflatuque
1778 2413 2005 2464 regente,

471 2490 568 2535 275
609 2469 782 2538 Qialis
812 2468 996 2522 ,Adam
1033 2467 1254 2519 nondum
1292 2483 1465 2519 terram
1504 2468 1762 2518 damnatus
1798 2473 1850 2517 in
1886 2467 2053 2531 istam,

332 2564 452 2595 maban
617 2540 690 2590 Et
729 2537 849 2589 iiber
886 2535 1060 2602 culpae,
1099 2533 1304 2602 paradisi
1344 2536 1511 2585 divitiS
1546 2533 1713 2584 orbem

296 2606 427 2675 Liv'isi
616 2607 876 2658 Cultarum
916 2602 1129 2670 locuples
1169 2608 1406 2654 virtutum
1443 2598 1581 2667 fruge
1618 2601 1842 2654 tenebat.

295 2684 445 2764 ggffiff
612 2677 715 2726 Cui
753 2695 863 2726 cum
901 2687 1034 2724 tanta
1075 2673 1217 2722 Deus
1256 2670 1454 2736 largitus
1492 2669 1622 2722 dona
1658 2667 1847 2736 fuisset,

616 2746 819 2809 Viperei
862 2739 1024 2808 populi
1067 2746 1287 2806 princeps
1326 2739 1532 2800 invidit,
1571 2745 1620 2789 δε
1657 2739 1755 2790 alta

481 2816 576 2864 280
614 2812 855 2874 Dejefius
893 2814 1096 2875 regione·
1124 2806 1226 2877 poli
1263 2806 1286 2874 (
1323 2810 1435 2875 quia
1471 2803 1656 2857 summa
1692 2820 1854 2857 tenere

618 2882 735 2931 Non
776 2879 862 2931 nisi
901 2898 1015 2947 pura
1054 2885 1207 2947 poteit
1249 2880 1438 2926 bonitas
1476 2893 1493 2936 3
1520 2880 1542 2943 )
1579 2881 1761 2938 maiora
1797 2873 2006 2927 nocendi

618 2951 862 3016 Concepit
901 2945 1045 3000 verso·
1071 2962 1282 2999 mutatus
1322 2943 1467 2996 corde
1507 2962 1712 2996 venena.

619 3018 716 3084 Qu
758 3015 1065 3084 possessorem
1106 3031 1347 3066 tantarum
1387 3012 1697 3077 deliciarum,

621 3085 872 3136 Mandato
909 3081 1151 3135 exclusum
1190 3088 1302 3151 quia
1341 3095 1539 3134 noverat
1575 3082 1740 3134 arbore
1776 3081 1838 3134 ab
1874 3100 1994 3146 una,

488 3158 581 3218 285
626 3152 840 3220 Perpulit
877 3173 904 3204 a
943 3157 1104 3203 vetitis
1142 3169 1346 3218 pomum
1384 3150 1638 3219 decerpere
1676 3156 1849 3215 ramis,

620 3223 772 3287 Qieis
810 3227 959 3271 inerat
997 3219 1118 3270 redii
1155 3226 1202 3271 δι
1241 3226 1374 3288 pravi
1411 3225 1703 3288 experientia
1739 3225 1895 3281 major

625 3292 770 3342 Tunc
807 3288 993 3339 ditione
1031 3288 1243 3339 hom-inis
1283 3310 1291 3338 :
1330 3294 1441 3356 quia
1479 3287 1698 3339 nondum
1735 3302 1984 3354 acceperat
2020 3288 2147 3344 hanc
2183 3296 2314 3360 v1m‚

622 3363 645 3399 ss
683 3358 792 3425 Qa
831 3356 984 3426 posset
1022 3356 1221 3408 vitanda
1259 3354 1339 3407 suo
1377 3354 1471 3408 fine
1507 3353 1644 3406 noffe
1682 3354 1883 3422 periclo.

624 3428 726 3477 His
765 3425 896 3478 illata
934 3425 1088 3489 dom,
1126 3425 1218 3476 hoc
1255 3430 1455 3477 crimine
1492 3437 1603 3478 nata.
1642 3420 1826 3489 subegit

491 3513 587 3558 290
625 3494 1085 3558 Morsbominem,
1123 3494 1264 3562 culpa
1302 3499 1351 3543 in
1387 3492 1590 3544 cunctos
1626 3508 1855 3545 manante
1892 3501 2124 3551 minores:

625 3563 742 3629 Qiae
778 3561 920 3614 semel
957 3569 1153 3631 antiqua
1195 3558 1348 3630 pulsos
1387 3565 1574 3613 virtutis
1611 3559 1671 3612 ab
1707 3579 1842 3628 arce,

628 3632 747 3681 Non
788 3652 884 3683 uno
920 3646 1114 3684 tantum
1149 3626 1381 3683 transfuso
1417 3647 1571 3681 errore
1608 3646 1862 3698 parentum

2249 3704 2330 3744 Im-

543 3784 580 3817 Jlf.
612 3784 687 3818 288.
713 3786 762 3818 Ita
788 3785 891 3829 Lugd.
910 3786 1034 3821 editio:
1059 3784 1124 3821 aliae
1135 3797 1236 3830 vero,
1262 3782 1460 3829 Qyaepoffet·
