2652 4126
68 2458 166 2497 Ps39.
176 2464 239 2489 υ.ι.

64 2557 239 2596 ΡΓε.-υ.ιι.

64 2589 238 2649 'FU-¹⁰0¹·

70 2895 158 2934 Esaia
170 2905 198 2933 3.
212 2907 241 2926 v.

73 2946 118 2968 10·
130 2941 223 2972 (9⁰²4-

563 214 664 258 DE
721 196 1202 258 OsscoNoMo
1254 204 1835 273 INI'QUITATls.

246 294 316 333 tam
331 297 488 343 corporis
499 294 632 344 aspectu
642 307 744 343 quam
755 298 1051 344 animi,praeeeptis
1064 298 1170 331 virtu-

248 350 290 383 tis
299 349 529 393 teneri‚neque
542 356 607 382 ωε
621 344 762 393 spontis,
772 349 867 382 tuive
875 345 1059 382 dominum
1071 344 1169 393 ipfius

248 395 311 433 eise
325 409 334 434 3
345 394 399 432 sed
409 408 487 432 cum
499 396 703 438 sermonem,
713 406 786 432 tum
797 396 944 432 astiones
952 420 965 438 ,
974 406 1074 444 atque
1084 395 1171 431 adeo

249 445 482 496 quoscumque
493 448 572 481 vitat
582 455 696 481 motus
708 445 780 493 lege
789 456 879 482 certa
891 443 1065 481 habendos
1076 472 1084 480 .
1107 448 1174 482 Ac·

248 495 369 544 cepisti
396 507 522 543 corpus
540 507 558 530 a
578 499 745 532 Creatore
770 508 813 531 ex
842 493 992 544 partibus
1020 494 1174 543 pluribus

251 558 330 582 com
336 545 496 595 positum,
506 549 540 581 &
551 549 701 593 quinque
711 543 853 582 sensibus
862 544 904 581 ad
914 543 1009 580 usum
1018 557 1173 581 commo-

249 595 459 644 ditatemque
479 597 558 633 vitae
579 594 780 632 instructum
794 620 806 638 ‚
831 598 889 642 qui
910 607 971 630 nec
992 594 1052 643 ipfi
1072 594 1171 631 liberi

251 644 327 682 sunt
339 671 352 688 ,
369 657 489 682 verum
500 657 566 693 pro
577 645 606 680 se
626 644 766 693 quisque
776 643 904 692 legibus
924 647 1024 690 certis
1032 645 1172 681 adstrin-

250 705 386 743 guntur.
397 697 443 732 Et
452 695 547 743 quod
557 695 599 731 ad
609 694 716 732 visum
729 695 866 744 quidem
876 692 1068 743 attinet,qui
1082 698 1173 744 prin-

250 758 330 794 ceps
340 744 492 782 censetur
502 770 514 786 ‚
524 756 686 782 contuere
696 756 848 782 naturam
861 769 874 786 ,
894 749 927 780 &
938 745 1171 793 contemplare

250 808 327 844 quae
337 794 407 832 visu
419 793 561 843 pulchra
571 808 609 832 ac
620 795 776 843 praeclara
788 809 796 830 ε
818 793 930 829 Solem
942 805 1106 831 terrarum
1117 809 1173 831 or—

249 845 329 882 bem
339 844 595 883 collustrantern
607 870 619 888 ,
630 845 744 882 lunam
755 844 884 881 tristem
896 848 929 880 &
940 842 1116 882 obscuram
1129 846 1174 882 fa-

249 899 339 932 ciem
351 897 462 932 noetis
471 894 716 932 illuminantem
730 910 737 931 :
749 894 858 930 stellas
867 904 1002 932 caeteras
1010 898 1174 942 exiguum

251 946 326 983 illas
336 945 475 994 quidem
496 958 604 992 neque
622 944 719 982 nobis
731 944 894 981 sufficiens
913 957 955 981 ex
976 944 1038 983 sese
1057 944 1173 982 lumen

250 993 436 1046 praebentes
447 1007 460 1035 ‚·
478 1007 597 1032 verum
617 1006 730 1032 tamen
741 995 842 1032 decus
859 994 972 1032 neseio
992 995 1085 1043 quod
1106 995 1176 1045 spe-

247 1050 406 1094 ciemque
415 1045 665 1088 scintillantem,
674 1058 774 1094 quam
786 1045 902 1081 sortita
913 1044 1000 1087 sunt,
1013 1046 1176 1090 ejaculan-

249 1107 310 1134 tes.
323 1095 447 1144 Aspice
456 1106 582 1131 terram
595 1095 716 1144 plantis
726 1098 916 1142 omnigenis
927 1093 1106 1144 herbisque
1117 1110 1175 1132 co-

248 1157 400 1182 mantem
411 1170 423 1188 ,
441 1158 479 1182 ac
489 1157 580 1182 mare
599 1145 797 1193 aequabilem
810 1148 842 1180 in
864 1144 1042 1194 planiciem
1053 1158 1177 1194 expan-

248 1196 320 1232 sum
334 1220 345 1238 ,
356 1194 415 1232 ubi
428 1208 510 1243 pura
522 1195 748 1244 tranquillitas
760 1195 877 1232 stravit
888 1207 925 1230 ac
937 1195 1023 1231 fixit.
1035 1195 1090 1231 Ad
1102 1196 1175 1233 haec

249 1250 284 1282 δι
295 1246 374 1282 talia
387 1246 467 1282 licet
479 1246 588 1282 oculis
599 1257 693 1282 utare
716 1260 725 1280 :
745 1256 863 1281 caetera
874 1257 959 1280 vero
968 1244 1152 1293 speetacula
1163 1273 1175 1290 ‚

248 1308 323 1344 quae
334 1308 395 1344 per
405 1295 526 1332 oculos
537 1309 664 1333 noxam
674 1298 792 1333 animae
801 1294 1040 1342 inserunt,suge
1049 1300 1083 1332 ἃ
1095 1310 1176 1344 prae-

247 1356 400 1382 tercurre
415 1370 427 1387 ,
446 1345 629 1394 velumque
650 1360 691 1382 ne
702 1344 838 1381 videant
855 1344 1038 1381 obducito.
1068 1350 1175 1383 Satius

247 1399 339 1432 enim
349 1394 454 1432 sensui
465 1395 618 1432 tenebras
631 1396 903 1443 inducere,quam
915 1395 1075 1443 operibus
1085 1407 1175 1433 tene—

247 1445 386 1482 brarum
406 1445 614 1482 occasionem
634 1444 782 1493 praebere
805 1472 812 1480 .
845 1447 890 1481 Et
912 1445 991 1482 ideo
1008 1459 1068 1494 per
1084 1449 1175 1483 Mat·

13 1493 22 1520 s
78 1497 192 1567 Mgth·
204 1508 228 1532 5·
248 1494 378 1532 thaeum
390 1493 544 1532 hesterna
559 1494 657 1532 nobis
669 1495 722 1531 die
733 1498 906 1531 Dominus
917 1495 1015 1531 dixit:
1030 1499 1176 1534 ouicum-

57 1550 90 1568 vo
146 1559 155 1569 ο

16 1599 18 1603 ⁷
57 1577 174 1608 Marth.
186 1577 230 1607 18.

59 1628 93 1648 v.
105 1620 132 1647 8.

249 1558 309 1591 que
319 1545 476 1591 aspexerit
485 1558 614 1582 uxorem
624 1545 754 1582 alterius
763 1547 804 1581 ad
811 1557 880 1581 eam
891 1532 1176 1591 concupzffindam,

246 1595 317 1644 jam
327 1596 515 1633 adulterium
524 1608 594 1632 cum
602 1608 640 1632 ea
649 1595 800 1640 commisti*
811 1598 842 1631 in
856 1597 944 1631 corde
953 1596 1008 1639 suo
1019 1625 1026 1632 .
1056 1600 1108 1634 Ac
1119 1598 1175 1634 vel

251 1645 384 1695 praestet
393 1646 532 1683 oculum
546 1647 711 1695 projicere
721 1658 798 1681 cum
811 1644 852 1682 ad
865 1644 952 1682 foeda
964 1659 1001 1682 ac
1013 1651 1116 1683 noxia
1128 1662 1177 1684 re-

251 1695 351 1744 spicit
361 1724 370 1732 .
381 1696 444 1733 Sed
455 1700 488 1733 δι
498 1695 633 1732 auribus
644 1695 705 1732 suae
716 1695 805 1742 leges
816 1720 828 1737 ,
839 1694 902 1731 suae
911 1700 1100 1733 cautiones.
1119 1698 1178 1735 Ad

252 1746 347 1783 sanos
368 1750 458 1782 enim
469 1745 662 1795 sanstosque
673 1745 841 1782 sermones
861 1745 1023 1782 inclinare
1041 1752 1076 1784 ἃ
1091 1759 1181 1795 pate-

252 1797 361 1833 facere
370 1809 423 1833 eas
436 1807 576 1844 oportet
587 1822 598 1839 ,
624 1809 663 1832 ac
679 1809 737 1843 per
749 1795 829 1832 istos
848 1796 939 1843 quasi
948 1795 1049 1833 tubos
1061 1797 1102 1833 ad
1113 1803 1182 1835 ani-

252 1858 349 1884 mum
367 1846 457 1883 bona
466 1846 556 1882 dista
567 1845 788 1882 transmittere
798 1873 806 1881 .
834 1849 883 1882 At
894 1846 916 1882 si
926 1850 1001 1893 quis
1011 1851 1179 1885 vitiorum

251 1894 367 1932 assecla
387 1894 610 1945 pestilensque
632 1900 666 1932 δε
685 1895 892 1944 perniciosus
912 1895 1023 1932 homo
1036 1902 1179 1947 propius

251 1946 382 1983 accedit
391 1972 404 1991 ‚
430 1957 467 1983 ut
479 1951 606 1998 peccati
618 1959 755 1982 coenum
766 1959 826 1994 per
840 1959 935 1983 aures
946 1947 1098 1984 infundat
1108 1974 1119 1990 ‚
1129 1953 1180 1984 vi-

252 1996 372 2033 tandus
382 1997 440 2032 ille
450 2000 484 2033 &
494 1996 667 2043 fugiendus
678 2009 747 2033 non
759 1996 858 2032 aliter
867 2009 969 2044 quam
979 2011 1083 2045 genus
1093 1999 1179 2036 illud

255 2046 418 2087 ferarum,
430 2059 503 2094 quae
513 2050 668 2083 toxicum
679 2047 948 2092 ejaculanturOs
958 2051 1057 2084 etiarn
1070 2053 1104 2085 δι
1118 2049 1182 2086 lin-

251 2109 317 2142 gua
325 2097 564 2131 contineantur
573 2121 584 2136 ‚
611 2107 648 2131 ut
659 2095 747 2132 bona
758 2107 890 2132 tantum
905 2102 938 2142 ὃς
951 2097 1092 2135 honesta
1104 2113 1183 2147 pro-

252 2154 348 2181 mant
358 2168 370 2184 ‚
395 2157 413 2178 a
424 2143 522 2178 soedis
533 2147 566 2178 δι,
579 2147 694 2177 vetitis
705 2143 910 2180 abstineant:
937 2161 955 2183 a
967 2148 1156 2186 malediffis
1168 2175 1180 2192 ‚

255 2190 393 2242 inquam
405 2216 418 2235 ,
443 2189 676 2239 sycophantiis
695 2214 708 2231 ,
732 2190 902 2226 calumnia
922 2215 935 2231 ‚
960 2202 1180 2232 contentione

253 2254 333 2278 cum
345 2239 504 2277 fratribus
515 2253 552 2276 ac
563 2238 772 2287 blasphemia
782 2249 901 2276 contra
913 2242 1182 2278 Deum3eorum·

253 2302 320 2339 que
340 2289 414 2325 vice
433 2289 607 2337 proferant
618 2313 630 2330 ,
647 2299 748 2335 atque
766 2291 944 2325 enuntient
962 2303 1184 2340 quaecumque

255 2345 312 2390 pia
322 2365 334 2382 ,
359 2351 578 2387 quaecumque
589 2337 743 2385 religiosa
754 2362 766 2380 ,
774 2350 998 2387 quaeeumque
1009 2339 1184 2377 bonorum

255 2401 401 2439 operum
411 2388 503 2425 causa
521 2392 556 2425 ἔτ
575 2391 785 2424 incentivum
798 2415 807 2424 .
834 2391 925 2425 Sacri
944 2389 1090 2436 denique
1100 2389 1186 2426 Psal-

256 2452 297 2477 tae
306 2438 445 2488 quisque
455 2437 530 2474 haee'
537 2436 674 2486 usurpet
684 2451 692 2472 ι
704 2441 806 2479 Dixi,
814 2437 981 2479 custodiam
990 2441 1067 2474 vias
1076 2450 1164 2474 meas
1173 2464 1186 2481 ,

257 2503 294 2529 ne
312 2501 436 2536 peccem
446 2489 550 2533 lingua
569 2499 640 2523 mea
651 2512 663 2529 ,
689 2490 724 2523 δε
736 2511 748 2528 ,
773 2489 903 2530 Linguis
909 2486 975 2529 suis
993 2487 1091 2531 dolose
1111 2500 1185 2532 aego-

257 2540 336 2578 bant
345 2555 357 2576 .-
378 2552 416 2576 ac
427 2537 584 2587 praeterea
596 2551 605 2572 t
632 2538 718 2585 ,Quid
721 2536 879 2581 gloriatur
888 2538 920 2571 in
930 2536 1057 2573 malitia
1067 2540 1123 2582 qui
1130 2547 1184 2583 po·-

257 2601 326 2628 tens
338 2588 377 2633 est
388 2593 418 2626 in
437 2591 606 2635 iniquitate
619 2590 636 2610 ²
659 2591 741 2624 Tota
753 2588 801 2624 die
819 2584 1004 2631 injustitiam
1017 2586 1184 2632 'cogitavit

258 2644 365 2686 lingua
375 2638 468 2685 ipsius
479 2664 487 2672 .
507 2641 596 2675 sicut
605 2637 765 2674 novacula
775 2644 872 2674 acuta
875 2635 977 2682 fecisti
985 2638 1087 2675 dolum
1097 2667 1105 2675 .
1125 2637 1183 2677 Ad

260 2692 439 2732 summam,
450 2689 486 2725 fit
497 2693 531 2725 δε
541 2700 579 2724 os
590 2691 677 2723 inter
686 2699 722 2723 ea
733 2700 806 2734 quae
818 2685 968 2735 prosunt.
983 2691 1036 2725 Ac
1047 2688 1183 2727 naribus

261 2753 399 2791 quoque
411 2744 443 2776 &
455 2739 612 2775 odoratui
625 2737 745 2774 modus
754 2735 967 2781 adhibeatur,
976 2751 1016 2775 ne
1026 2739 1108 2776 volu
1113 2750 1184 2788 pta-

261 2797 286 2829 ti
298 2791 417 2828 deditae
428 2792 572 2826 nimium
585 2787 647 2824 fint
656 2814 667 2830 ,
687 2798 1006 2836 unguentorumque
1021 2790 1183 2836 pretioso,-

263 2856 337 2879 rum
351 2842 512 2888 fragantes
522 2838 667 2875 halitum
678 2837 916 2875 consthentur
929 2866 936 2873 .
948 2842 988 2875 In
999 2839 1079 2876 tales
1090 2844 1182 2877 enim

262 2893 370 2931 Esaias
381 2894 501 2928 acriter
512 2888 687 2926 invehitur
697 2915 705 2924 .
731 2891 826 2933 Quin
839 2900 955 2925 manus
965 2902 1102 2940 quoque
1114 2903 1184 2927 me-

263 2941 392 2980 miniffe
406 2940 641 2977 mandatorum
652 2937 804 2980 debet,ac
812 2949 931 2975 cavere
940 2952 981 2975 ne
994 2941 1185 2987 promiscue

262 2994 520 3042 qualiacumque
540 2990 728 3026 contractet
739 3016 746 3024 .
774 2989 999 3026 Protendatur
1007 2989 1048 3025 ad
1067 2989 1188 3027 facien-

263 3045 340 3080 dam
351 3040 686 3089 eleemosynammon
697 3038 737 3077 ad
746 3038 1022 3091 furtum=tueatur
1032 3045 1185 3088 propria,

264 3105 372 3140 neque
381 3092 520 3139 colligat
531 3101 586 3127 aut
596 3099 793 3138 comportet
804 3089 909 3125 aliena
922 3102 1085 3137 xcorpora
1099 3103 1184 3136 :egra

263 3157 301 3186 ac
313 3142 399 3179 male
409 3140 525 3177 affecta
535 3140 575 3176 ad
586 3152 690 3187 opem
699 3139 865 3176 serendam
876 3143 1017 3185 attingat
1026 3152 1036 3177 ι
1045 3153 1113 3176 non
1125 3153 1180 3176 ve-

262 3187 338 3241 geta
348 3204 385 3228 ac
395 3189 593 3227 libidinibus
603 3189 732 3238 semper
744 3188 1105 3238 prurientia.Constare
1115 3191 1180 3233 iam

263 3244 338 3280 satis
356 3241 515 3277 existimo
525 3264 537 3282 ,
563 3239 658 3287 quod
668 3252 729 3275 nec
749 3243 756 3275 i
761 3238 845 3287 plius
864 3238 970 3275 nostri
980 3239 1114 3276 domini
1132 3240 1181 3277 su-

263 3305 338 3330 mus
349 3306 359 3330 ;
369 3291 420 3329 sed
433 3292 606 3326 oeconomi
618 3300 747 3326 tantum
758 3303 796 3326 ac
805 3288 1044 3338 dispensatores
1054 3317 1062 3326 .
1073 3290 1183 3337 Quid·

264 3343 346 3390 quid
357 3345 446 3377 enim
466 3338 597 3388 legibus
607 3352 645 3376 ac
664 3343 839 3389 praeceptis
857 3338 1077 3385 adstringitur
1088 3366 1098 3381 .
1124 3340 1184 3389 ipsi

265 3391 435 3429 subditum
447 3395 481 3427 &
493 3389 686 3426 obnoxium
700 3389 748 3425 est
758 3389 942 3437 legislatori
956 3417 963 3424 .
976 3390 1085 3436 Quod
1095 3390 1119 3426 sn
1128 3394 1186 3438 igi-

266 3454 322 3478 tur
333 3454 375 3477 ne
387 3439 455 3489 ipse
464 3439 602 3488 quidem
620 3442 776 3487 eorporis
787 3439 894 3476 nostri
908 3450 1016 3488 partes
1031 3453 1069 3476 ac
1080 3453 1186 3477 mem·

266 3491 327 3530 bra
338 3489 442 3527 libera
452 3488 568 3538 suique
579 3490 658 3536 juris
669 3489 740 3525 sunt
750 3515 763 3532 ,
782 3489 837 3526 sed
848 3491 1028 3526 voluntate
1035 3492 1182 3527 Domini

267 3541 311 3578 ad
320 3543 509 3582 funffiones
520 3539 588 3576 suas
600 3539 792 3587 diriguntur
801 3543 836 3576 δε
845 3539 1073 3588 gubernantur
1083 3553 1093 3578 i
1102 3539 1186 3589 quid

267 3591 322 3629 his
331 3591 496 3635 dicemus,
505 3594 563 3637 qui
574 3588 839 3638 fibi'persuadent
849 3615 860 3632 ‚
869 3590 1184 3638 auri‚argenti,agri,

267 3652 530 3688 eaeterarumque
542 3652 655 3676 rerum
671 3639 803 3687 plenam
822 3639 852 3675 se
865 3639 1095 3687 poss‘effionem
1115 3653 1184 3677 me·

269 3703 414 3740 rumque
424 3690 614 3727 dominium
625 3688 771 3726 habere?
796 3687 898 3726 Nihil
909 3693 1054 3726 omnino
1064 3700 1185 3733 tuum,

267 3755 294 3778 o
311 3740 400 3778 bone
420 3742 427 3778 !
455 3740 566 3777 servus
579 3753 613 3776 es
623 3765 636 3782 ,
660 3743 695 3775 δι
705 3742 820 3775 omnia
838 3750 895 3776 tua
913 3741 1083 3782 Domini,
1108 3743 1186 3787 quia

270 3791 383 3830 servus
402 3791 549 3829 liberum
569 3789 742 3839 peculium
763 3802 831 3825 non
852 3787 955 3826 habet
976 3817 984 3826 .
1012 3789 1133 3827 Nudus
1155 3793 1190 3826 in

2039 231 2068 265 2
2081 230 2109 281 7
2115 231 2142 280 3

1229 293 1317 332 hanc
1343 294 1453 332 lucem
1481 294 1660 344 prodiisti,
1685 298 1720 332 ec
1746 308 1967 344 quaecumque
1984 300 2149 346 poffides,

1229 358 1271 382 ex
1287 346 1359 392 lege
1379 347 1526 383 Domini
1546 345 1720 393 accepisti.
1746 349 1823 383 Sive
1832 349 1925 383 enim
1944 346 2016 384 haec
2034 363 2076 386 ex
2095 365 2151 399 pa.

1231 398 1422 438 trimonio,
1449 398 1544 432 Deus
1567 396 1677 432 voluit
1687 409 1725 431 ac
1746 397 1856 442 justit,
1881 407 1919 433 ut
1936 397 2055 434 liberis
2074 412 2152 439 exu-

1234 448 1302 481 vias
1323 458 1361 482 ac
1382 443 1486 493 spolia
1514 444 1567 481 sua
1592 458 1746 493 parentes
1770 451 1986 494 partiantur:
2019 447 2086 484 five
2111 464 2154 486 ex

1232 497 1459 532 matrimonio
1470 493 1539 531 hoc
1549 496 1680 543 ipsum,
1705 502 1824 545 &quae
1847 511 1890 533 eo
1916 501 2112 545 pertinent,
2136 513 2156 537 a

1233 548 1314 581 Deo
1334 544 1407 581 sunt
1426 544 1575 581 instituta
1593 559 1602 581 ι
1628 546 1694 582 five
1703 546 1848 594 denique
1874 560 1916 584 ex
1936 559 2122 587 mercatura
2140 574 2156 592 ,

1232 595 1458 642 agricultura,
1483 596 1621 631 autaliis
1640 597 1833 645 acquirendi
1856 598 1986 641 modis,
2012 602 2093 636 Deo
2110 599 2156 639 sn·

1232 656 1333 682 vente
1351 645 1571 688 &adiuvante
1590 648 1704 683 metus
1725 661 1777 683 es.
1804 650 1892 684 Ecce
1904 659 1996 697 patet
2016 652 2128 696 itaque
2143 674 2155 691 ,

1233 705 1288 731 tua
1308 708 1377 731 non
1399 693 1460 730 esse
1471 709 1543 743 quae
1561 695 1664 732 habes
1684 711 1692 731 =
1720 697 1892 734 videamus
1905 700 1967 742 jam
1979 699 2063 746 quid
2075 711 2155 746 prae-

1233 744 1393 793 scriptum
1405 745 1467 781 tibi
1490 745 1527 781 fit
1538 770 1549 787 ,
1573 750 1607 782 δι
1619 747 1726 794 qualis
1745 746 1805 783 effe
1819 761 1938 784 eorum
1949 747 2157 785 administra-

1231 798 1283 830 tio
1300 794 1436 831 debeat.
1464 798 1518 831 Da
1529 794 1684 831 esurienti
1699 822 1710 838 ,
1735 808 1809 844 tege
1820 798 1948 834 nudum
1963 823 1974 841 ,
1999 812 2077 835 cura
2089 811 2156 834 ma-

1233 844 1264 880 le
1285 844 1441 881 affectum
1462 870 1473 887 ,
1499 858 1560 880 nec
1581 859 1762 893 pauperem
1783 858 1839 884 aut
1862 850 2022 893 jacentem
2044 852 2076 884 in
2096 851 2156 883 tri-

1234 897 1296 930 viis
1317 895 1446 942 neglige
1458 908 1470 934 ‚·
1497 894 1538 931 de
1559 907 1591 930 te
1613 896 1686 944 ipso
1706 897 1777 933 noli
1799 897 1965 934 sollicitus
1982 897 2044 937 ess'e
2059 924 2071 941 ,
2095 908 2153 934 aut

1232 947 1383 991 cogitare
1402 944 1690 992 quemadmodum
1711 947 1752 982 ad
1769 947 1860 984 diem
1880 948 2060 985 crastinum
2081 961 2154 995 per»

1236 998 1350 1031 venies
1369 1022 1377 1029 .
1403 997 1449 1029 Et
1470 994 1529 1030 ista
1548 995 1687 1042 quidem
1708 995 1730 1031 fi
1749 996 1867 1032 feceris
1885 1022 1898 1040 ,
1923 1011 1941 1033 a
1962 998 2154 1046 legislatore

1234 1043 1503 1080 cohonestabere
1521 1057 1534 1083 ‚·
1567 1044 1590 1080 fi
1619 1058 1703 1081 vero
1724 1045 1960 1083 mandatorum
1988 1051 2155 1083 rationem

1235 1094 1363 1130 nullam
1385 1093 1541 1130 habueris
1560 1120 1571 1136 ,
1597 1095 1684 1130 male
1706 1095 1915 1138 multabere,
1940 1100 2156 1143 graviterque

1237 1148 1376 1191 puniere
1396 1172 1403 1180 .
1430 1147 1514 1181 Haec
1535 1145 1690 1192 profecto
1714 1145 1800 1183 mihi
1821 1159 1889 1181 non
1914 1146 2071 1182 videntur
2087 1148 2156 1192 ejus

1232 1193 1296 1230 effe
1310 1220 1320 1236 ‚
1346 1198 1405 1242 qui
1426 1194 1499 1230 suus
1518 1194 1576 1230 fibi
1595 1194 1753 1230 dominus
1765 1220 1776 1238 ,
1802 1200 1924 1244 cuique
1937 1195 2049 1232 libera·
2062 1196 2157 1244 quid?

1236 1247 1287 1281 vis
1296 1244 1413 1291 agendi
1426 1244 1572 1292 potestas
1582 1258 1592 1282 3
1618 1243 1671 1280 scd
1681 1249 1827 1281 omnino
1836 1256 1955 1282 contra
1966 1271 1978 1288 ‚
2004 1246 2158 1282 multitu÷

1233 1293 1281 1330 do
1302 1306 1551 1342 praeceptorum
1572 1298 1680 1341 arguit
1699 1294 1878 1332 hominem
1898 1299 2045 1344 imperio
2062 1299 2158 1342 regio

1236 1343 1429 1392 legibusque
1451 1347 1644 1380 Dominicis
1662 1344 1832 1382 subditum
1846 1371 1857 1388 ,
1884 1359 1902 1381 a
1923 1358 1994 1393 quo
2016 1346 2161 1393 praeseri—

1235 1406 1300 1441 ptae
1324 1398 1401 1430 vita:
1430 1399 1519 1430 ratio
1539 1394 1630 1442 quasi
1649 1394 1801 1431 debitum
1828 1395 1968 1443 aliquod
1987 1399 2160 1441 exigetur.

1235 1447 1280 1481 Et
1293 1457 1353 1480 nos
1373 1455 1485 1480 tamen
1508 1445 1619 1480 nescio
1639 1445 1820 1493 quomodo
1839 1457 1998 1494 tanquam
2017 1444 2160 1484 liberam

1236 1494 1395 1542 degamus
1414 1498 1520 1531 vitam
1534 1521 1542 1534 .
1569 1500 1601 1532 &
1613 1508 1630 1530 a
1642 1494 1828 1533 rationibus
1845 1495 2023 1536 reddendis
2040 1499 2163 1531 immu-

1237 1557 1338 1588 nem,
1364 1544 1502 1581 miseros
1523 1544 1704 1593 inopesque
1723 1545 1949 1594 despicimus,
1974 1545 2163 1582 semifer-iis

1237 1593 1300 1632 suis
1328 1598 1469 1632 immori
1491 1600 1656 1643 patimuss
1683 1609 1760 1632 cum
1782 1599 1918 1632 interim
1944 1608 2013 1631 non
2031 1594 2165 1632 dubite-

1238 1657 1314 1681 mus
1333 1658 1394 1693 per
1413 1644 1636 1682 ambitionem
1659 1659 1697 1682 ac
1717 1649 1902 1685 vanitatem
1931 1645 2165 1694 sumptus-in»

1239 1694 1396 1731 modicos
1407 1695 1514 1731 facere
1527 1723 1535 1731 .
1562 1699 1652 1732 Nam
1667 1701 1699 1732 &
1711 1696 1927 1733 adulatorum
1939 1696 2166 1744 intemperans

1239 1748 1327 1780 tium
1347 1744 1602 1781 multitudinem
1622 1747 1764 1788 alimus,
1789 1746 1824 1782 Bc
1845 1742 2168 1794 parantomm‹infe›

1239 1795 1356 1832 licium
1374 1793 1511 1830 turbam
1534 1799 1567 1831 in
1579 1801 1744 1831 comitatu
1769 1794 1959 1832 habemusi·
1976 1796 2012 1831 δε
2031 1807 2111 1830 cum
2133 1796 2169 1829 in

1239 1844 1481 1882 bestiariorum
1502 1858 1540 1881 ac
1570 1845 1717 1881 ferarum
1739 1850 1772 1881 δι
1793 1844 2036 1890 generosorum
2066 1855 2169 1891 equo-

1239 1907 1318 1932 rum
1338 1893 1498 1930 alimenta
1520 1919 1531 1936 ,
1557 1906 1631 1931 tum
1650 1899 1682 1930 in
1712 1894 1970 1942 praestigiatores
1990 1899 2024 1930 δι
2042 1897 2168 1931 mimos

1240 1944 1392 1993 aliosque
1413 1944 1656 1992 perditiffimos
1666 1943 1824 1980 homines
1842 1957 1924 1991 opes
1945 1948 2138 1979 exaurimus
2156 1955 2167 1977 t
2216 1981 2219 1982 ⁷

1240 2006 1342 2042 atque
1361 1995 1447 2031 adeo
1468 2008 1540 2031 rem
1552 1995 1691 2031 facimus
1712 1993 2047 2030 stultitiae&insaniae
2065 2005 2167 2039 *prot-‚-

1242 2044 1343 2081 susad
1354 2045 1477 2082 finem.
1504 2047 1594 2081 Nam
1611 2044 1826 2091 ubiimpensa
1839 2044 1971 2080 lucrum
1994 2041 2167 2082 inaesti'ma·

1240 2095 1309 2132 bile
1321 2094 1528 2143 salutemque
1539 2106 1695 2130 aeternam
1705 2094 1814 2130 adfert
1824 2119 1835 2135 ‚
1860 2091 2047 2141 compressa
2056 2106 2163 2129 manu

1242 2149 1421 2195 pecuniam
1432 2144 1635 2182 cohibemus
1647 2170 1659 2186 ,
1684 2155 1721 2181 ut
1744 2157 1785 2180 ne
1795 2147 1889 2192 pauci
1910 2143 2053 2190 quidem
2067 2143 2167 2182 oboli

1240 2196 1400 2230 excidant
1419 2209 1428 2229 ε
1454 2195 1513 2230 ubi
1528 2207 1611 2230 vero
1631 2194 1673 2230 de
1685 2194 1872 2241 sumptibus
1893 2193 2169 2240 istiusmodiragi·

1242 2251 1322 2281 tur,
1347 2253 1434 2286 quos
1453 2246 1486 2276 Β(
1504 2253 1638 2287 peccata
1660 2247 1891 2283 comitantur,
1916 2248 1951 2277 &
1966 2243 2170 2289 poenaeinfir

1245 2292 1348 2331 nitae,
1373 2302 1410 2324 ac
1422 2288 1597 2336 velipsum
1611 2293 1695 2336 ignis
1717 2289 1920 2337 supplicium
1931 2290 2171 2338 consequitur,

1246 2339 1344 2374 ultro
1361 2351 1444 2385 opes
1467 2337 1690 2379 effundimus,
1716 2350 1861 2384 totoque
1879 2340 1988 2380 ostio,
2014 2340 2171 2377 ambitior

1247 2399 1288 2421 ne
1303 2385 1438 2432 jubente
1450 2410 1462 2427 ,
1486 2391 1581 2422 exire
1594 2390 1818 2433 permittimus
1829 2413 1836 2420 .
1864 2391 1935 2432 Qui
1954 2387 2029 2422 sane
2041 2388 2169 2424 nonest

1241 2434 1354 2471 >seusus
1378 2434 1574 2482 animuffiue
1584 2435 1758 2471 servorum
1781 2438 1972 2472 Dominum
1990 2440 2170 2485 expectati>

1246 2489 1358 2521 tium;
1384 2483 1438 2520 std
1459 2486 1948 2533 juvenumintemperantium,
1974 2487 2170 2525 comessato*

1242 2547 1322 2571 rum
1333 2547 1371 2571 ac
1392 2534 1625 2583 voluptatibus
1645 2535 1840 2572 deditorum
1855 2561 1863 2569 .
1890 2537 1996 2581 Quod
2016 2537 2038 2573 fi
2056 2537 2169 2576 dicere

1244 2583 1349 2628 libet,
1376 2584 1517 2628 audito,
1543 2598 1643 2633 quam
1663 2584 1808 2623 sollicite
1826 2587 2011 2634 timideque
2030 2589 2169 2624 concio

1244 2635 1315 2672 dita
1326 2634 1385 2671 fibi
1404 2634 1610 2684 dispensator
1619 2636 1782 2684 providus
1801 2635 2035 2679 administret,
2060 2640 2168 2674 Davi-

1242 2686 1295 2723 dis
1316 2684 1403 2722 mihi
1416 2685 1542 2722 librum
1566 2686 1720 2733 explica,
1745 2699 1781 2722 ac
1802 2686 1916 2721 locum
1937 2699 2013 2722 eum
2024 2701 2134 2735 quatre
2152 2704 2167 2729 ι,

1243 2750 1315 2785 quo
1334 2737 1473 2785 pius-ille
1495 2739 1548 2772 vir
1567 2735 1787 2784 praestitutam
1808 2739 1918 2772 exitus
1937 2735 1983 2772 sui
2003 2737 2091 2772 diem
2101 2736 2167 2773 stu-

1244 2786 1335 2841 diose
1355 2789 1526 2834 inquirens
1552 2786 1595 2822 ad
1615 2788 1730 2822 Deum
1751 2790 1796 2822 ita
1815 2786 1903 2822 satur
1921 2800 1930 2821 ε
1956 2791 2089 2832 Notum
2111 2789 2168 2833 fac
2185 2807 2290 2846 Pſszlm.
2308 2806 2354 2844 38-

1244 2838 1321 2874 mihi
1342 2835 1436 2879 finem
1454 2848 1557 2871 meum
1577 2861 1589 2878 ,
1614 2838 1658 2874 &⁹
1677 2848 1839 2872 numerum
1855 2838 1974 2872 dieram
2001 2842 2136 2873 meorum
2153 2854 2167 2879 ·,
2184 2858 2254 2886 μς.

1245 2890 1313 2932 quis
1323 2886 1364 2929 esi
1375 2912 1386 2928 ,
1411 2895 1449 2921 ut
1461 2886 1562 2929 sciam
1573 2888 1649 2931 quid
1659 2886 1735 2932 defit
1742 2886 1820 2922 mihi
1830 2912 1838 2920 .
1863 2885 1969 2923 Vides
1982 2889 2016 2922 in
2029 2885 2082 2922 his
2091 2900 2168 2922 vev-

1246 2937 1297 2973 bis
1309 2948 1468 2984 tanquam
1481 2938 1514 2972 in
1537 2939 1683 2982 imagine
1692 2935 1865 2972 clamantis
1884 2939 2035 2971 animum
2045 2940 2081 2973 &
2090 2936 2167 2972 effe·-

1248 2989 1397 3023 ffionem
1408 3011 1419 3028 ,
1429 2999 1531 3034 quam
1543 2985 1580 3022 sit
1593 2985 1731 3021 timidus
1741 3011 1754 3027 ,
1775 2998 1876 3033 quam
1887 2989 1919 3021 in
1932 2985 2083 3023 futurum
2093 2987 2167 3023 lon-

1238 3042 1285 3085 -ge
1296 3036 1523 3088 prospiciens,
1549 3048 1652 3084 quam
1662 3034 1791 3074 curiose
1813 3035 1925 3082 judicii
1938 3035 2165 3086 supremaeque

1244 3087 1328 3123 lucis
1348 3090 1382 3122 in
1403 3085 1617 3134 inquisitione
1637 3085 1786 3123 versetur
1804 3111 1816 3128 ,
1842 3098 1883 3121 ne
1902 3085 2029 3133 signum
2050 3086 2165 3125 obitus

1240 3140 1448 3185 imparatum
1458 3148 1538 3172 eum
1549 3134 1698 3172 offendat
1708 3141 1741 3172 δι
1755 3139 1930 3184 opprimat
1942 3149 1950 3173 ε
1970 3146 2072 3184 utque
2083 3150 2166 3185 proe-

1240 3190 1383 3234 cognito
1392 3185 1486 3234 quod
1506 3184 1652 3235 superest
1663 3186 1828 3222 incolatus
1836 3185 1945 3234 spatio
1955 3211 1966 3227 ,
1990 3185 2166 3231 diligentia

1242 3250 1281 3273 ac
1292 3236 1405 3273 studio
1414 3235 1568 3272 officium
1580 3236 1674 3272 suum
1687 3235 1828 3284 implere
1839 3236 1940 3283 potiit
1950 3261 1961 3278 ,
1972 3236 2165 3284 priusquam

1244 3292 1358 3324 veniat
1379 3289 1437 3334 qui
1456 3284 1597 3322 abducat
1608 3313 1615 3322 .
1643 3285 1703 3322 Est
1723 3289 1814 3321 enim
1834 3298 1913 3321 vere
1932 3285 2086 3333 cujusque
2104 3300 2165 3322 no—

1244 3336 1350 3373 strum
1360 3339 1471 3372 exitus
1482 3361 1494 3378 ,
1518 3339 1694 3372 oeconomi
1712 3334 1863 3384 quoedam
1875 3348 1912 3371 ac
1929 3333 2164 3383 dispensatoris

1242 3386 1371 3433 effigies
1383 3411 1395 3428 ,
1420 3385 1442 3421 fi
1455 3384 1625 3432 sigillatim
1635 3388 1868 3421 examinemus
1878 3409 1889 3427 ,
1899 3389 1933 3421 δε
1945 3388 2030 3421 inter
2041 3386 2071 3421 se
2082 3400 2164 3423 con-

1242 3436 1416 3473 tendamus
1426 3460 1438 3477 ,
1447 3435 1529 3483 quid
1539 3439 1684 3483 patiatur
1693 3438 1727 3471 &
1736 3438 1794 3483 qui
1807 3437 1875 3471 vita
1885 3433 2078 3482 defungitur
2089 3462 2100 3479 ‚
2126 3442 2162 3473 δε

1244 3489 1303 3535 qui
1314 3484 1559 3534 dispensatione
1567 3484 1740 3522 abdicatur
1749 3511 1757 3519 .
1776 3486 1865 3520 Nam
1872 3488 1933 3532 ‘qui
1946 3489 2088 3522 moritur
2097 3512 2108 3528 ,
2118 3487 2161 3523 ad

1245 3536 1389 3572 eundem
1402 3535 1498 3583 plane
1516 3534 1658 3571 modum
1677 3535 1748 3570 aliis
1761 3534 2083 3580 administrationem
2096 3547 2161 3573 tra·

1245 3586 1297 3622 dit
1310 3611 1321 3628 ,
1330 3596 1428 3633 atque
1438 3596 1640 3621 oeconomus
1652 3585 1762 3620 claves
1773 3598 1782 3619 ε
1792 3583 1851 3620 hic
1859 3586 1992 3628 ejicitur
2002 3598 2043 3621 ex
2053 3599 2137 3633 agro
2147 3591 2160 3630 ¹,

1245 3636 1304 3673 ille
1313 3648 1356 3671 ex
1367 3646 1445 3670 toto
1455 3646 1623 3670 terrarum
1639 3633 1723 3670 orbe
1734 3645 1893 3682 tanquam
1903 3647 1945 3669 ex
1964 3647 2033 3670 uno
2041 3636 2161 3684 aliquo

1243 3685 1352 3722 flando
1361 3684 1449 3723 cedit
1461 3698 1469 3719 ε
1479 3697 1681 3720 oeconomus
1694 3683 1911 3720 laboresssfuos
1920 3701 1935 3725 ‚·
1944 3687 2070 3728 vineas,
2078 3684 2162 3723 hor.

1247 3747 1301 3772 tos
1313 3734 1457 3778 ,domos
1468 3759 1479 3777 ,
1496 3733 1635 3770 moestus
1645 3733 1834 3781 invitusque
1846 3734 2012 3782 relinquis
2040 3736 2097 3772 ille
2107 3750 2162 3773 au,

1243 3787 1319 3823 aem
1330 3789 1384 3822 cui
1394 3787 1474 3821 *vita
1494 3783 1670 3822 deserenda
1681 3783 1969 3833 quemadmodum
1989 3785 2161 3822 adficitibi

2064 3848 2111 3871 vi-
