2652 4126
149 338 172 441 οῦν

413 211 518 270 ΒΕ
563 211 756 272 V1TA
801 215 1512 284 CONTEMPLATIVA,
1555 208 1797 276 Luam
1840 216 1938 273 ΠΙ.
2086 243 2147 293 51

242 309 262 337 ¹!
286 305 327 341 ad
353 305 421 343 hoc
450 307 556 355 aliqua
586 319 725 356 erogant
741 334 754 352 ,
793 321 831 346 ut
858 308 916 346 hic
942 311 1067 355 majora
1095 311 1174 345 reci-

247 358 360 404 piant,·
386 360 421 393 &
445 358 608 407 quidquid
633 362 680 394 eis
705 359 796 395 velut
823 371 1004 408 pauperum
1028 355 1046 380 Β
1072 357 1176 406 pasto-

237 405 343 443 wihus.
362 407 475 444 datum
499 409 600 445 fuerit'
622 413 640 430 ὓ
655 410 877 454 erogandum,
900 408 1114 446 esurientibus
1138 407 1174 445 il-

236 455 287 492 slis
314 469 378 505 pro
405 456 766 505 quibus1?sustentandis
793 463 987 508 accipiunt,
1032 470 1143 496 toturn
1162 483 1176 502 ,

247 511 305 543 aut
331 520 440 555 prope
469 518 578 545 totum
602 507 700 554 quod
719 513 903 556 acceperint
912 520 927 556 ,·
958 513 990 544 in
1017 507 1086 545 suas
1115 521 1173 545 vo-

249 556 390 604 luptates
417 558 626 606 expendunt:
661 560 717 602 &,
746 559 838 606 quod
863 558 910 595 est
933 552 1096 603 deterius,
1127 562 1175 595 in-

247 617 301 642 ter
326 608 503 644 munificos
517 619 555 643 ac
577 605 807 644 misericordes
834 607 970 652 haberi,
996 608 1050 644 vel
1075 612 1174 646 etiam

238 656 609 705 *praesissisapradicari
632 661 776 704 turpiter
808 658 1045 707 concupiscunt
1063 687 1072 695 .
1116 658 1173 696 Ab

240 704 303 743 his
327 698 500 749 omnibus,
526 710 565 743 &⁴
584 705 710 744 horum
735 707 910 751 similibus,
934 708 1033 754 longe
1055 709 1173 746 diverfi

247 753 368 802 sunt'„a
387 755 471 798 illi,
504 759 562 803 qui
591 768 660 792 non
689 756 719 793 se
748 761 781 794 in
808 757 961 807 operibus
987 758 1049 794 suis
1068 785 1080 802 ‚
1119 759 1173 796 sed

239 808 358 844 ‘Deum
383 809 525 856 cupiunt
540 806 738 854 predicari:
764 820 848 856 quos
873 808 913 845 ad
938 807 1023 857 opus
1048 808 1175 846 bonum

238 855 461 902 ‹spes-”sutum
489 860 763 894 remunerationis
797 858 931 896 adducit
948 870 962 898 ‚-
1003 862 1038 895 δε
1067 859 1175 906 ipsum

238 903 355 944 {olum
385 906 504 943 volunt
529 906 652 943 habere
678 906 726 944 sui
755 911 866 957 operis
893 907 1031 951 testem,
1062 921 1080 944 a
1105 921 1176 956 quo

237 953 303 1044 {A
307 967 499 1006 recepturos
530 957 673 997 credunt
699 967 771 995 tota
803 958 882 995 fidei
909 959 1067 999 firmitate
1093 971 1176 996 mer·

306 1018 378 1048 em,
932 1020 933 1023 ’

411 1086 804 1148 capua·
877 1111 986 1148 xxv.

296 1182 566 1255 ·De·dffirmtia
585 1222 750 1256 amorum,
777 1209 822 1245 &⁶
839 1219 997 1258 quantum
1015 1209 1058 1245 ab
1076 1209 1122 1245 eis

316 1274 339 1283 ··
368 1273 386 1289 ·2
482 1261 615 1307 differat
629 1260 776 1310 perfebla
800 1259 947 1296 dilee‘lio.

287 1373 305 1403 {¹
327 1370 411 1410 aque
429 1364 490 1407 jam
508 1363 550 1400 de
567 1362 746 1407 charitate,
770 1363 859 1399 unde
880 1362 972 1410 plura
989 1364 1021 1397 in
1041 1359 1114 1398 hoe
1139 1361 1177 1399 li-

244 1423 248 1427 ’
292 1409 503 1461 '⁴bro·*supra
521 1412 648 1451 disserui
658 1439 670 1456 ,
705 1416 782 1462 quia
809 1413 939 1450 locutus
965 1415 1087 1460 exigit,
1121 1411 1178 1450 hic

243 1469 510 1511 quoque'pauca
537 1463 770 1513 perstringam.
797 1463 913 1501 Taceo
938 1463 980 1500 de
1003 1462 1122 1499 carnali
1146 1476 1177 1500 a·

245 1521 364 1554 more,
390 1517 448 1560 qui
470 1517 627 1562 incipiens
643 1526 660 1551 a
680 1516 864 1561 conjugio,
891 1521 999 1566 manat
1018 1516 1049 1549 in
1071 1512 1178 1550 filios:

244 1564 324 1645 {uia
335 1561 437 1599 talem‘
454 1575 604 1601 amorem
623 1570 703 1601 eum
723 1563 898 1613 pecoribus
917 1562 1077 1600 habemus
1089 1590 1099 1606 ,
1126 1562 1181 1600 be—

277 1610 379 1658 iisque
402 1622 634 1661 communem.
661 1619 930 1663 Propinquorum
949 1619 965 1636 θ
984 1617 1081 1652 etiam
1099 1627 1180 1662 prae-

245 1670 342 1698 tel-eo
360 1672 373 1699 i
407 1667 486 1711 quia·
501 1667 543 1700 ’δι
568 1664 635 1714 ipse
661 1664 770 1702 adhuc
796 1665 837 1701 ad
862 1670 992 1702 carnem
1018 1668 1179 1712 pertinere

246 1713 403 1756 videtur,
437 1717 472 1751 &
497 1713 699 1763 linguinem.
725 1718 801 1752 Nec
827 1715 869 1752 de
894 1715 956 1751 illo
980 1714 1104 1763 aliquid
1128 1715 1179 1751 di-

248 1775 312 1804 co,
339 1775 412 1812 quo
426 1763 488 1800 =etfi
506 1768 630 1803 amicos
650 1776 814 1807 amamus,
841 1777 949 1802 tamen
970 1769 1067 1816 etiam
1085 1761 1101 1788 f
1115 1766 1183 1813 ipse

243 1812 392 1850 refertur
414 1813 458 1851 ad
474 1814 611 1864 aliquod
631 1816 851 1853 commodum
870 1816 1075 1864 temporale.
1101 1818 1184 1852 Non

246 1863 343 1911 quod
363 1861 399 1900 hi
421 1875 550 1902 amores
575 1864 707 1903 honesti
727 1879 793 1903 non
820 1865 902 1908 fint,
927 1879 1005 1903 cum
1032 1866 1093 1902 fint
1111 1879 1184 1903 om-

245 1911 347 1950 nibus
362 1913 547 1956 naturales,·
570 1915 622 1952 sed
649 1916 742 1963 quod
769 1914 822 1952 his
847 1915 1004 1953 omnibus
1029 1921 1046 1947 8
1065 1916 1103 1952 fit
1129 1916 1184 1953 ille

242 1963 497 2012 incomparabili
517 1965 701 2002 diverfitate
728 1965 952 2013 praestantior‚
978 1979 1049 2015 quo
1068 1968 1183 2003 Deum

243 2016 346 2058 gratis
371 2013 563 2061 diligimus,
587 2019 624 2052 &
650 2018 812 2052 amicum.
837 2020 998 2054 Ceterum
1023 2020 1082 2065 qui
1106 2021 1185 2054 ami-

244 2071 326 2096 cum
355 2074 495 2108 propter
520 2064 742 2098 commodum
769 2065 947 2109 quodlibet
973 2078 1081 2109 amat,
1115 2080 1186 2104 uon

242 2111 392 2147 amicum
411 2111 622 2146 convincitur
646 2122 774 2153 amare,
801 2111 856 2146 sed
877 2115 1114 2149 commodum.
1140 2119 1188 2159 Et

244 2161 364 2208 utique
373 2163 431 2208 qui
450 2159 595 2209 aliquem
606 2171 744 2208 propter
755 2172 828 2196 rem
837 2161 1055 2208 temporalem
1073 2174 1189 2209 quam-

246 2204 535 2254 libet-amaverit,
566 2223 644 2248 eum
669 2222 721 2246 res
741 2207 814 2259 'ipsi
840 2206 859 2232 ¹¹
884 2221 923 2248 nt
948 2221 1028 2259 pote
1058 2221 1187 2259 tempo-

244 2257 329 2297 ralis·
357 2259 486 2297 defiet-it
519 2258 579 2297 ess'e
599 2285 612 2304 ,
634 2278 636 2281 ·
655 2272 762 2297 amare
787 2258 917 2297 ceffabit
932 2288 941 2297 .
979 2263 1050 2306 Qui
1076 2272 1189 2298 autem

247 2307 359 2357 diligit
377 2322 518 2358 propter
542 2312 678 2353 Deum,
704 2309 786 2346 ficut
805 2313 899 2347 Deus
922 2321 1064 2348 aeternus
1091 2307 1100 2333 ἲ
1120 2310 1189 2355 est,

249 2362 296 2411 ita
319 2364 354 2396 in
380 2371 542 2397 aeternum
566 2360 633 2434 ipss
658 2362 755 2397 amici
782 2359 922 2397 dileetio
950 2360 1157 2408 permanebit
1178 2389 1186 2398 .

249 2410 298 2445 Et
315 2408 551 2451 memma,
627 2408 703 2456 ¹quo
726 2408 812 2446 nihil
836 2409 885 2448 est
909 2413 1014 2456 majus
1039 2422 1095 2448 aut
1121 2425 1189 2448 me-

253 2456 338 2493 liusv>
354 2466 493 2503 propter
506 2458 610 2501 ‘quod
643 2457 802 2502 diligatur
817 2467 834 2500 ,
874 2470 1015 2508 propter
1047 2460 1189 2507 seipsum

252 2503 603 2556 perfecteadiligitur:
636 2506 785 2551 Slvere,
801 2506 912 2544 saltem
936 2518 1076 2555 propter
1101 2505 1112 2528 ¹
1136 2505 1192 2539 illa

250 2565 334 2606 qua>
353 2553 499 2604 praestat‚
525 2563 671 2590 amatura
694 2565 762 2591 non
787 2559 904 2600 utique
927 2557 1027 2599 gratis
1043 2562 1190 2588 amatur:

251 2610 330 2653 quia
350 2603 522 2654 jam·illud
540 2613 681 2651 propter
706 2604 799 2649 quod
823 2602 996 2649 diligitur,
1020 2604 1069 2643 ei,
1096 2601 1191 2649 quod

252 2658 507 2704 dictu-‘quoque
532 2653 619 2690 nefas
645 2652 692 2688 est
707 2679 719 2697 ‚
753 2651 934 2688 antefertur
952 2679 960 2688 .
997 2651 1069 2699 Ipse
1093 2655 1190 2700 quip-

250 2705 371 2755 pe‘est
395 2703 550 2742 omnibus
574 2702 775 2740 amatoribus
799 2700 862 2738 suis
887 2706 955 2739 vita
979 2700 1071 2738 beata
1096 2729 1110 2747 ,
1151 2714 1189 2738 ac

253 2755 480 2793 salus-erema
499 2779 510 2796 ,
553 2756 587 2788 δι
614 2765 749 2799 regnum
771 2777 781 2794 ‚
824 2752 1048 2799 gaudiumque
1073 2764 1190 2800 perpe-

254 2816 374 2842 tuum.
401 2808 486 2842 Haec
508 2806 670 2851 accipient
696 2805 753 2850 qui
782 2804 898 2838 Deum
923 2801 1088 2849 diligunt:
1113 2805 1191 2850 quia

254 2854 346 2892 solus
365 2858 428 2890 erit
454 2854 671 2900 illis‘omnia,
695 2850 830 2905 quando
854 2851 924 2905 ipse
940 2851 1039 2889 fuerit
1063 2854 1099 2889 in
1116 2864 1191 2889 om-

257 2903 356 2943 nibus
381 2908 512 2942 omnia,

358 3006 399 3041 S.
427 3002 578 3052 Prospero*
588 3031 598 3042 .

303 3113 322 3134 a
340 3102 407 3134 ΜΠ.
426 3104 469 3134 Re
492 3122 501 3132 ·
520 3111 613 3139 unus,
626 3108 739 3143 propter
759 3101 811 3133 hoc
832 3123 839 3129 ·
862 3122 869 3133 .
891 3123 901 3133 .
918 3111 951 3132 ut
972 3101 1041 3133 hinc
1059 3101 1169 3142 majora
1187 3123 1196 3131 .

264 3144 353 3175 Alius
373 3164 382 3179 ‚
410 3143 442 3175 &
491 3140 551 3174 olb.
577 3151 652 3173 unus
665 3163 675 3179 ‚
695 3142 735 3172 ad
760 3141 811 3172 hoc
830 3162 838 3171 .
860 3162 869 3171 .
888 3163 897 3174 .
916 3151 950 3173 ut
969 3142 1076 3181 maiora
1092 3164 1103 3174 .
1129 3143 1196 3174 Duo

265 3184 353 3215 Colb.
372 3184 412 3213 ad
432 3183 482 3213 hoc
502 3204 510 3213 .
531 3202 538 3211 .
560 3202 569 3212 .
583 3181 710 3223 parbinc
729 3181 839 3222 majora
851 3200 862 3212 .

304 3223 324 3254 b
346 3224 404 3254 ΜΓ.
424 3221 529 3254 Camb·
543 3221 697 3262 patribus.

304 3272 322 3293 c
343 3263 401 3294 ΜΓ.
423 3271 516 3297 unus,
535 3261 577 3291 ad
595 3261 781 3301 erogandum.

305 3303 325 3335 d
347 3303 404 3334 ΜΓ.
425 3312 521 3338 unus,
538 3300 594 3330 alti
612 3301 681 3341 qui.

304 3353 322 3373 e
343 3342 410 3375 Mis.
430 3342 556 3382 septem,
576 3352 699 3382 quoque.

304 3383 322 3413 f
338 3382 398 3414 Ms.
418 3392 511 3418 unus,
529 3381 617 3411 etiam
637 3381 690 3422 ipsi
706 3379 878 3419 refiruntur.
1026 3407 1028 3411 ,

304 3432 326 3463 g
346 3422 415 3457 Mil.
440 3421 526 3453 Colb.
549 3420 612 3451 duo
625 3440 636 3456 ,
666 3420 884 3461 incomparabili
911 3420 1067 3460 neceffiute
1081 3441 1091 3452 .
1117 3421 1200 3457 Quo-

267 3473 334 3494 tum
356 3473 446 3499 unus,
465 3463 532 3492 dum
549 3459 644 3501 gratis
661 3461 814 3500 ¹diligimus
835 3460 875 3494 (θ’
893 3461 1020 3498 amicos,
1041 3461 1201 3492 &ceteron

305 3505 327 3534 h
349 3501 416 3537 Mff.
436 3502 500 3538 sex,
521 3509 616 3540 utpote
635 3500 816 3540 temporalis.
836 3501 923 3534 Unus
941 3511 977 3532 ex
997 3501 1044 3532 his
1059 3521 1070 3538 ,
1089 3509 1122 3531 ut
1146 3510 1201 3541 pu.

266 3552 320 3578 ta.
342 3543 426 3574 Editi
447 3542 495 3573 hie
515 3548 632 3575 carent,
652 3548 764 3579 utpote.
914 3550 917 3553 s

307 3585 320 3615 i
342 3582 400 3614 Ms.
420 3592 495 3613 unus
515 3589 594 3612 caret
614 3578 811 3618 substantivo,
832 3580 886 3619 osi.

306 3623 329 3654 k
349 3621 407 3654 Ms.
427 3622 513 3653 Colb.
533 3630 626 3656 unus,
647 3621 717 3659 quia
737 3618 815 3650 n'hil
833 3620 869 3659 es!
885 3641 897 3652 .
915 3642 924 3651 .
943 3642 953 3653 .
972 3620 1070 3660 majus
1088 3630 1139 3652 aut
1148 3633 1203 3653 me.

270 3663 345 3700 Iius,
361 3672 471 3704 propter
491 3661 562 3702 quid
578 3661 735 3700 diligatur.
786 3658 843 3690 olb.
866 3660 957 3697 alter,
977 3660 1008 3692 δι
1030 3662 1203 3702 Lugd.cum

268 3703 384 3736 lovan.
404 3714 456 3744 quo
484 3701 558 3733 nibil
584 3699 620 3745 est
642 3719 680 3735 ..ρ
700 3719 710 3731 .
729 3698 826 3738 majus
852 3709 910 3731 aut
926 3701 1040 3738 ,melius
1059 3721 1070 3738 ‚
1093 3711 1204 3741 propter

268 3742 516 3784 quod'dihgatur.
538 3739 590 3771 ms.
616 3736 779 3785 duod-{eg-
801 3738 1020 3810 P’EW‘VZWd
1043 3741 1175 3780 diligitur
1193 3760 1203 3775 ‚

264 3781 375 3824 propter
391 3783 432 3820 sei
443 3784 507 3822 sum
522 3778 640 3821 perse&
659 3778 810 3820 dulegmar.
861 3779 934 3816 diti,
951 3790 1001 3821 pro
1020 3789 1063 3811 ter
1081 3782 1152 3820 quid
1161 3781 1206 3810 di-

267 3823 390 3864 ligitur3
407 3791 475 3862 262,
496 3819 659 3862 diligatur?
681 3819 999 3862 Propterleiffumperfe
1025 3833 1039 3852 e
1056 3822 1205 3862 diligitur.

1415 313 1448 346 c
1497 303 1545 347 A*
1563 315 1607 348 x1²
1659 313 1692 349 U
1741 304 1975 349 T'·“1xxv1.

1412 383 1506 427 Quid
1520 383 1569 426 fit
1587 385 1649 432 sua
1672 385 1792 434 cuique
1817 372 1981 433 tribuere.

1335 462 1525 508 Uapropter
1548 460 1572 496 fi
1590 463 1622 496 in
1648 459 1711 498 hae
1736 466 1801 499 vita
1819 461 1981 509 ‘justitiam
2004 474 2162 501 conamur

1359 509 1517 558 implere,
1540 513 1632 558 cujus
1649 510 1780 557 justitiae
1803 524 1889 561 opus
1913 511 1961 549 est
1986 517 2163 563 proprium

1234 557 1289 594 sua
1312 562 1431 608 cuique
1454 559 1598 597 tribuere
1624 585 1637 603 ,
1678 563 1758 599 Deo
1783 575 1844 598 nos
1862 588 1873 605 ‚
1916 575 1935 599 a
1959 574 2030 611 quo
2051 564 2165 602 {umus

1234 607 1332 651 facti,
1366 610 1564 648 reddamus:
1602 623 1662 647 nec
1688 611 1852 648 dominari
1878 610 1975 648 nobis
1999 627 2057 657 ea,
2090 616 2164 662 qui*

1234 656 1296 694 bus
1320 658 1429 696 sumus
1455 660 1645 697 naturaliter
1669 661 1834 710 praepofiti
1855 685 1866 704 ‚
1900 665 2131 710 permittamus
2153 668 2167 700 ζ’

1233 710 1437 746 Dominetur
1464 714 1553 747 vitiis
1579 714 1664 747 ratio
1684 736 1696 754 ,
1740 710 1927 755 subjiciatur
1951 726 2072 762 corpus
2095 717 2164 751 ani·

1233 769 1314 801 mo,
1339 763 1463 796 animus
1488 764 1586 803 Deo,
1612 764 1646 797 &
1672 760 1807 809 impleta
1824 761 1871 798 est
1896 767 1923 784 ¹¹¹
1944 760 2090 801 hominis
2114 766 2165 800 to&

1233 818 1266 844 ta
1292 809 1470 855 perfectio.
1497 814 1636 858 Ac2per
1660 809 1770 854 hoc,v
1788 816 1821 848 ἃ
1849 816 1909 848 nos
1933 812 2062 858 justitiae
2087 814 2164 850 facti

1234 861 1430 906 participes,
1456 859 1508 896 sua
1527 864 1647 907 cuique
1665 860 1861 903 tribuimus,
1887 862 1909 898 fi
1928 863 2083 901 inferiora
2101 876 2168 900 me-

1235 907 1393 950 lioribus,
1417 913 1452 944 &
1471 909 1648 946 virtutibus
1673 910 1811 947 carnalia
1829 909 2071 950 oblectamenta
2097 912 2170 950 sub-

1235 957 1368 994 damus:
1392 963 1410 981 ¹²
1436 963 1472 994 δε
1497 959 1578 996 ficut
1603 963 1745 996 viventia
1772 963 1838 996 vita
1862 962 2062 1005 carentibus,
2098 963 2170 1000 senss

1236 1007 1339 1045 fibilia
1364 1006 1571 1053 viventibus,
1606 1009 1834 1047 intellectualia
1858 1009 2080 1054 sensibilibus,
2109 1017 2171 1050 im·

1236 1057 1385 1095 mortalia
1409 1058 1604 1095 mortalibus
1621 1084 1633 1102 ,
1668 1060 1907 1097 ratiocinando
1918 1065 2142 1110 praeponimus
2160 1077 2170 1098 z

1238 1111 1283 1144 ita
1307 1107 1392 1145 bene
1418 1109 1564 1146 vivendo
1584 1109 1791 1157 voluptuofis
1817 1111 1931 1154 utilia,
1957 1112 2093 1149 utilibus
2110 1111 2173 1148 ho-

1239 1157 1345 1201 nesta,
1382 1156 1529 1196 honestis
1555 1159 1661 1195 aneta
1687 1164 1726 1202 ⁰,
1752 1159 1879 1204 sanctis⁴
1892 1162 2037 1209 perfecta
2061 1165 2174 1198 omnia

1240 1208 1448 1258 praeferamus
1467 1211 1748 1247 ..Verumtamen
1776 1223 1838 1246 nec
1861 1222 1984 1259 corpus
1999 1212 2136 1260 ,spiritui
2162 1237 2176 1255 ,

1239 1271 1298 1295 nec
1322 1262 1486 1307 appetitus
1511 1259 1739 1307 obtemperare
1764 1263 1890 1308 poterit
1915 1265 2033 1299 rationi
2060 1274 2075 1302 ;
2094 1270 2098 1275 ’
2116 1261 2176 1298 nifi

1238 1311 1331 1347 Deus
1359 1313 1415 1357 qui
1438 1309 1546 1357 ipsum
1573 1310 1724 1358 spiritum
1745 1315 1867 1348 creavit
1890 1315 1926 1348 δε
1951 1323 2094 1359 corpus,
2118 1311 2174 1347 de-

1238 1359 1374 1395 letstatus
1399 1359 1658 1407 cogitationibus
1683 1359 1821 1403 nostris,
1848 1363 2029 1409 requiescat
2056 1365 2090 1397 in
2117 1373 2175 1397 no—

1237 1409 1306 1446 bis:
1342 1423 1377 1446 ac
1403 1421 1569 1457 tamquam
1595 1423 1690 1460 verus
1713 1410 1856 1461 agricola
1881 1415 1912 1447 in
1939 1423 2021 1457 agro
2046 1411 2126 1453 suo,
2159 1415 2178 1441 P

1237 1460 1339 1498 corde
1365 1459 1481 1496 nostro
1506 1461 1678 1510 proficiat:
1716 1464 1733 1490 ‘1
1760 1473 1799 1496 ut
1821 1461 1986 1509 quidquid
2012 1465 2045 1497 in
2073 1474 2115 1497 eo
2138 1461 2178 1497 fi-

1241 1511 1297 1547 des
1324 1509 1449 1558 plantat
1468 1537 1481 1555 ,
1515 1511 1653 1549 devotio
1678 1513 1794 1557 rigat,
1829 1512 1896 1559 ipse
1920 1512 1960 1548 ad
1996 1514 2188 1561 incremen-v

1241 1572 1314 1598 tum
1326 1560 1561 1599 consummatae
1573 1563 1767 1598 maturitatis
1775 1561 1932 1598 adducat:
1952 1563 2050 1609 atque
2062 1566 2105 1598 ita
2117 1574 2178 1597 no·

1242 1611 1291 1649 bis
1316 1610 1572 1649 voluntarie-,fibi
1592 1611 1907 1657 subjectisdefideria
1925 1611 2009 1648 mala·
2018 1611 2177 1657 subjiciat,

1240 1675 1279 1700 ut·
1306 1673 1347 1698 ex
1372 1660 1447 1708 ipfis
1473 1661 1599 1698 actibus
1611 1661 1751 1703 nostris,
1784 1665 1841 1709 qui
1867 1662 1906 1697 fit
1932 1661 2179 1698 habitator-no..

1239 1712 1326 1757 ster,
1360 1713 1394 1748 &
1419 1712 1555 1756 quusin
1567 1710 1663 1747 nobis
1686 1715 1699 1734 ¹
1724 1709 1783 1755 fiat
1808 1710 1983 1755 voluntas,
2009 1721 2162 1762 appareat

1290 1859 1293 1863 .
1419 1814 1453 1848 c
1504 1806 1539 1848 Α·
1588 1789 1641 1856 1³s
1664 1814 1700 1849 u
1751 1813 1786 1847 T
1860 1813 2006 1849 xxvn.

1244 1886 1343 1931 Quod
1361 1884 1521 1921 afluatem
1541 1884 1648 1921 vitam
1668 1880 1736 1922 tre‘s
1758 1884 1924 1930 virtutes,
1950 1886 1991 1921 id
2009 1884 2073 1931 est,
2107 1894 2183 1920 tem-

1291 1934 1444 1984 perantia
1463 1961 1476 1979 ,
1501 1935 1689 1980 fortitudo,
1712 1935 1906 1982 justitiaque
1932 1936 2154 1982 consumment
2171 1949 2183 1969 .-

1294 1987 1338 2023 (9'
1355 1985 1552 2034 prudentia,
1582 1995 1655 2032 quae·
1670 1983 1716 2027 cst
1737 1993 1856 2034 quast!
1868 1983 1999 2033 uirtus,
2017 1985 2117 2021 menti
2136 1996 2185 2018 co-

1292 2037 1472 2084 gnitionem
1490 2046 1600 2070 rerum
1617 2034 1787 2071 latentium
1803 2032 1933 2082 praester
1947 2061 1955 2070 .

1250 2111 1343 2189 H
1365 2127 1382 2149 c
1393 2113 1440 2149 est
1450 2112 1538 2148 ordo
1548 2122 1673 2148 naturae
1694 2114 1797 2160 'atque
1817 2109 1942 2156 iustitiae
1952 2137 1964 2155 ,
1997 2123 2096 2159 quem
2108 2106 2186 2158 squi

1350 2172 1483 2196 ¹‘tenere
1507 2161 1653 2196 voluerit
1672 2165 1706 2196 ἃς
1731 2162 1927 2204 observare,
1955 2161 2188 2209 perfectionem

1249 2211 1327 2244 vitae
1335 2208 1470 2244 actualis
1480 2208 1651 2255 implebit.
1677 2211 1745 2245 Cui
1756 2210 1873 2246 actuali
1884 2214 1959 2246 vitae
1971 2221 2036 2246 tres
2054 2210 2117 2246 illae
2126 2213 2190 2246 vir*

1247 2257 1405 2299 tutes(de
1424 2256 1546 2306 quibus
1564 2270 1639 2305 quae
1657 2257 1901 2304 dicenda¹jussa
1922 2259 2017 2302 sunt,
2042 2263 2121 2297 Deo
2131 2260 2191 2295 do-

1248 2320 1368 2351 nante,
1393 2308 1488 2351 dixi)
1517 2307 1700 2356 proficiunt
1719 2336 1726 2344 .
1754 2309 1925 2356 Siquidem
1946 2313 2159 2357 temperantia
2176 2334 2189 2352 ,

1248 2361 1394 2395 &animi
1414 2358 1601 2398 fortitudo,
1626 2369 1724 2402 atque
1735 2358 1853 2398 iustitia
1873 2358 2022 2403 spiritalis
2039 2359 2087 2393 est
2103 2361 2193 2394 actio

1249 2408 1316 2444 fine
1335 2419 1401 2452 qua
1419 2405 1504 2439 nihil
1522 2407 1662 2436 omnino
1672 2403 1757 2436 valet
1767 2404 1820 2436 illa
1832 2414 1906 2447 quae
1916 2405 1957 2439 ad
1977 2406 2191 2450 prudentiam

1250 2456 1380 2489 videtur
1406 2452 1572 2495 pertinere
1590 2452 1740 2494 cognitio
1760 2477 1768 2486 .
1806 2453 1896 2497 Qia
1908 2450 1993 2488 nihil
2004 2453 2191 2503 nobispro‘-

1248 2501 1334 2534 derit
1343 2497 1512 2545 implenda
1521 2495 1666 2534 didiciss'e
1679 2523 1689 2541 ‚
1715 2499 1775 2535 nifi
1785 2513 1821 2535 ea
1830 2513 1904 2548 quae
1917 2502 2111 2547 didicimus,
2121 2504 2187 2542 stu—

1249 2548 1382 2584 deamus
1401 2546 1556 2595 implere.
1583 2550 1676 2595 Ergo
1693 2553 1743 2585 vis
1760 2555 1780 2572 ¹³
1797 2554 1917 2594 animi,
1942 2564 2016 2599 quae
2035 2557 2068 2588 in
2088 2556 2186 2603 appe-

1250 2602 1352 2635 titum
1363 2601 1591 2644 rationemque
1607 2597 1792 2643 dividitur,
1817 2601 1858 2637 ad
1877 2601 2187 2649 perfectionembo-

1251 2661 1300 2684 nat
1311 2648 1449 2684 actionis
1460 2647 1662 2696 implendam
1673 2674 1686 2691 ‚
1704 2653 1995 2699 cognitionemque
2015 2648 2126 2690 rerum
2145 2654 2190 2691 la-

1252 2701 1393 2735 tentium
1403 2696 1664 2746 consequendam
1674 2723 1687 2742 ,
1711 2698 1762 2736 his
1770 2699 1914 2747 quatuor
1923 2702 2098 2740 virtutibus
2108 2729 2119 2746 ‚
2129 2717 2190 2740 un·

1251 2749 1426 2785 dexetiam
1437 2749 1566 2794 jamdiu
1586 2747 1811 2794 dislervimus,
1834 2752 2006 2798 adjuvatur
2027 2778 2035 2789 .
2063 2764 2082 2792 y
2100 2758 2190 2801 Qua—

1253 2811 1330 2836 rum
1342 2796 1468 2843 tribus,
1493 2802 1705 2846 temperantia
1714 2799 1856 2843 scilicet,
1882 2806 1916 2838 &
1938 2805 2036 2839 animi
2056 2802 2191 2842 fortitu-

1253 2849 1354 2891 dine,
1378 2859 1476 2895 atque
1501 2847 1622 2895 justitia
1639 2849 1837 2888 informatur
1856 2851 2118 2901 ipseappetitus,
2153 2866 2192 2891 ut

1253 2900 1341 2936 aetio
1351 2897 1425 2935 fiat:
1453 2898 1625 2945 prudentia
1643 2913 1725 2936 vero
1741 2904 1925 2944 rationem,
1955 2915 2031 2949 quae
2051 2902 2191 2940 estat-ies

1255 2951 1395 2992 mentis,
1428 2947 1613 2987 illuminat.-
1647 2961 1684 2987 ut
1700 2955 1735 2988 δι
1764 2953 1850 2987 ratio
1880 2954 2068 3000 appetitum
2066 2962 2114 3039 bez
2131 2965 2190 3002 gu-

1773 3012 1795 3049 g
1847 3012 1869 3042 t
1989 3040 1991 3043 Α
2110 3013 2142 3040 r-

1295 3099 1307 3130 1
1328 3098 1385 3129 Ms.
1405 3107 1496 3134 unus,
1513 3105 1621 3139 propter
1641 3099 1714 3140 ipsa.

1297 3149 1328 3170 m
1349 3136 1418 3171 Mis.
1438 3138 1568 3171 Colbert.
1579 3149 1671 3176 unus,
1689 3141 1779 3170 omnis
1796 3137 1940 3178 perseflio.
1962 3141 2064 3177 Alter,
2086 3141 2188 3173 &im-

1256 3180 1340 3222 pleta
1361 3179 1415 3209 erit
1436 3180 1466 3208 in
1487 3179 1569 3209 nohis
1588 3188 1651 3209 tota
1666 3180 1814 3219 perfidio.
1832 3191 1834 3194 ’

1299 3230 1321 3251 n
1343 3218 1407 3249 ΜΠ.
1452 3226 1555 3250 uatuot
1575 3219 1663 3251 Colb.
1682 3230 1717 3249 ut
1733 3219 1819 3257 sicut.
1983 3243 1986 3247 .
2027 3254 2030 3259 Ι

1298 3271 1319 3290 ο
1338 3257 1398 3289 Ms.
1445 3258 1508 3290 olb.
1527 3268 1619 3296 unus,
1631 3259 1744 3298 santii-r
1765 3259 1804 3291 (9·
1819 3257 2191 3302 perfifflspeuseezioraprae-

1253 3300 1406 3339 firamus.

1298 3350 1317 3380 p
1340 3337 1401 3369 Mis
1424 3337 1549 3378 septem,
1571 3340 1603 3370 in
1622 3350 1691 3380 agro
1702 3338 1756 3378 suo
1774 3339 1854 3369 corde
1873 3339 1974 3378 nostro.
1994 3340 2096 3379 Editi,
2110 3340 2190 3378 βαίη

1259 3380 1339 3410 corde
1359 3377 1461 3416 nostro.
2059 3395 2064 3411 ,-

1298 3429 1319 3458 q
1341 3419 1407 3451 Mss'.
1430 3419 1493 3454 sex,
1516 3419 1555 3451 (9·
1574 3419 1730 3460 quidquid.

1299 3470 1314 3490 t
1335 3456 1400 3490 Mis.
1422 3466 1496 3494 tres,
1512 3459 1560 3495 fit
1580 3461 1731 3491 voluntas.
2110 3486 2113 3490 ,

1301 3499 1315 3530 s
1335 3497 1392 3529 Ms.
1413 3507 1507 3533 unus,
1522 3498 1553 3536 st
1567 3499 1650 3538 quis.
2096 3534 2098 3537 ι
2145 3511 2155 3534 ·,

1299 3546 1313 3570 t
1334 3537 1530 3574 Mmomnes,
1549 3538 1705 3577 viJaJimt.
1727 3538 1809 3569 Unus
1819 3537 2007 3571 exhistotum
2017 3539 2053 3569 fic
2062 3538 2192 3572 exhibet-

1263 3581 1363 3620 ·Quum
1383 3577 1520 3608 aflualem
1541 3579 1637 3608 vitam
1659 3588 1717 3608 tres
1736 3578 1792 3607 illa
1812 3578 2155 3621 virtutes...porficiunt.

1304 3629 1321 3649 u
1343 3615 1411 3649 Mis.
1429 3618 1506 3652 duo,
1527 3617 1574 3648 vis
1595 3618 1715 3648 anima.
1910 3650 1914 3654 <

1302 3669 1322 3689 x
1345 3657 1412 3688 ΜΠ.
1431 3667 1556 3692 omnes,
1577 3657 1649 3687 unde
1667 3667 1729 3688 ecce
1743 3657 1808 3698 jam
1826 3658 1894 3691 diu.

1302 3708 1323 3737 y
1344 3695 1409 3728 ΜΠ.
1433 3706 1508 3732 tres,
1529 3697 1647 3739 ,Quibus
1667 3697 1775 3730 tribus.
1932 3730 1935 3732 ,
1997 3729 1999 3734 Α
2107 3711 2122 3738 :'

1304 3748 1320 3768 z
1345 3736 1400 3768 Ms-
1424 3747 1516 3775 unus,
1533 3739 1634 3776 juvet.
1653 3738 1727 3772 Haec'
1747 3738 1862 3776 verba,
1882 3747 1916 3772 ut
1936 3739 1983 3773 ’(9·
2001 3740 2107 3778 satio,
2133 3740 2197 3774 &c-

1266 3778 1367 3811 desunt
1388 3780 1419 3808 in
1440 3777 1498 3809 Ms.
1522 3788 1598 3809 uno.
