2652 4126
417 147 494 205 IN
535 145 768 209 Aposr-
808 147 1148 210 PRINcipi-:S
1192 151 1464 213 PETRUM
1493 167 1584 215 &ET
1627 152 1923 212 PAULUM.

246 244 412 281 fei-tarum
431 244 697 295 disputationum
717 247 820 286 finem
829 273 842 291 ,
859 251 1003 287 cicutam
1015 251 1143 284 invenit
1163 273 1176 291 ‚

250 294 473 333 interficiente
491 295 733 347 discipulorum
743 297 882 343 choro,
903 310 993 338 tanta
1011 302 1175 336 nimirum

253 343 404 395 pollebat
413 349 447 382 vi
458 344 563 384 suadae
572 373 580 382 .
593 349 640 383 At
651 351 782 390 Petrus,
794 349 938 396 piscator
949 349 1007 386 ille
1016 374 1028 393 ‚
1040 348 1097 385 ille
1109 361 1177 385 ma·

252 408 360 434 nuum
370 406 440 433 arte
451 397 581 434 vietum
593 409 754 445 quaerens:
765 399 824 436 ille
836 403 1027 448 imperitus,
1037 412 1074 437 ac
1084 401 1177 447 quic-

254 445 338 495 quid
350 458 410 495 per
419 457 656 495 contemptum
670 447 753 485 velis
764 449 934 498 appellare
943 476 955 492 ,
973 463 1044 487 uno
1053 449 1178 486 sermo·

255 499 305 533 nis
324 495 415 533 fafitu
425 522 438 540 ‚
461 499 527 534 tria
547 500 704 534 virorum
722 499 830 537 millia
851 511 988 537 venatus
998 525 1011 542 ‚
1037 500 1182 538 firmiter

255 546 426 586 transtulit
438 560 450 588 ς
460 546 563 596 idque
573 560 650 584 cum
662 547 711 585 illi
723 548 864 587 moleste
874 549 1001 586 strrent
1010 562 1048 587 ac
1058 548 1183 586 tumul-

256 607 455 683 }uareutur,
478 610 517 637 ac
527 610 567 635 ne
584 611 623 634 os
633 598 772 649 quidem
792 599 952 639 diducere
973 613 991 637 a
1011 602 1185 651 principio

271 659 400 684 merent
413 675 421 685 .

308 697 491 745 Postquam
501 709 613 734 autem
635 696 911 737 Christianorum
922 699 1012 736 ordo
1021 713 1059 737 ac
1076 710 1184 737 coetus

204 764 206 768 ³
259 744 391 784 abunde
399 747 475 788 satis
490 750 708 792 au6tuserat,
733 750 863 789 eumad
882 749 1042 786 sermonis
1061 751 1187 789 doctri-

66 1219 142 1254 PCn'l
154 1218 248 1253 stcun·

30 1295 36 1314 γ,
65 1266 101 1310 da
113 1262 247 1305 praedica·

26 1423 32 1438 2
67 1401 244 1441 dada-iz-

70 1719 116 1759 Plij
126 1729 140 1761 3
146 1729 172 1757 3.
181 1730 212 1755 υ,
219 1721 248 1750 6.

65 2053 184 2087 Deum.
199 2053 246 2086 18.

65 2104 97 2125 v.
111 2098 158 2129 ις.

69 2462 250 2500 deidati-1.

126 2619 253 2654 Ariani*

69 2665 153 2691 mors
169 2659 252 2690 calii-

67 2706 161 2737 ὅπως·
181 2700 233 2732 Pe-

69 2745 136 2771 tto.

259 809 387 837 namne
396 796 647 838 admonitiones
658 824 670 843 ‚
680 803 815 839 virtutis
825 814 861 837 ac
872 804 1034 854 potentiae
1043 800 1187 836 efficacis

260 845 416 889 mirabile
425 846 670 886 documentum
689 848 876 899 praebuisset
884 875 896 892 ,
921 850 1078 888 claudum
1092 849 1191 898 sospi-

260 907 348 942 tem,
356 911 395 939 ae
405 901 545 947 integris
555 898 697 948 pedibus
708 914 724 936 a
736 900 855 949 templi
868 899 1037 939 vestibulo
1048 903 1189 947 erigens:

261 946 363 986 illum
371 973 384 992 ,
395 952 535 998 inquam
545 974 557 991 ,
567 949 727 988 claudum
738 962 779 986 ex
792 954 908 987 matris
915 961 1016 990 utero
1026 976 1037 993 ‚
1063 953 1190 999 quique

261 1008 389 1037 nature
409 1001 497 1039 vitio
512 998 687 1039 laborabat
705 1024 719 1042 ‚
743 1000 936 1038 confluente
953 999 996 1036 ad
1023 999 1192 1047 templum

262 1048 423 1087 universo
443 1048 579 1098 populo
591 1075 603 1095 ,
627 1061 731 1098 quem
745 1050 902 1090 miraculi
913 1050 1000 1087 firma
1010 1050 1053 1089 ad
1072 1048 1193 1098 speeta-

263 1098 380 1139 culum
390 1110 597 1153 provocarat
609 1112 622 1140 ;
646 1099 871 1149 universisque
890 1103 1018 1136 intente
1028 1104 1060 1137 in
1082 1103 1194 1139 virum

263 1147 523 1196 adspicientibus
533 1175 545 1194 ‚
570 1162 648 1186 curn
660 1150 828 1190 miraculo
846 1149 897 1187 stu
903 1150 1022 1197 pesacti
1043 1149 1167 1189 starent
1185 1163 1195 1187 i

263 1197 438 1240 obstrueta
448 1198 522 1240 sunt
541 1212 601 1238 ora
614 1198 747 1236 Christi
759 1198 912 1238 hostium
934 1213 942 1235 ε
962 1200 1093 1248 fuitque
1103 1198 1195 1237 dein-

263 1261 343 1298 ceps
352 1260 438 1286 crux
447 1274 460 1292 ‚
469 1262 539 1288 non
549 1249 719 1299 probrum
730 1275 743 1293 ,
751 1249 806 1287 led
817 1251 969 1287 vistoriae
978 1249 1172 1299 trophaeum
1186 1263 1194 1287 τ

264 1298 375 1340 rursus
385 1312 468 1348 ergo
479 1302 658 1349 imperitus
669 1300 727 1336 ille
736 1325 749 1343 ‚
760 1299 820 1336 ille
831 1298 1047 1336 mechanicus
1059 1298 1196 1342 artifex,

264 1348 427 1389 secundos
439 1350 633 1397 aggreditur
651 1349 820 1390 sermones
832 1353 864 1386 in
877 1349 948 1388 haec
962 1348 1063 1389 verba
1074 1350 1115 1387 ad
1138 1362 1197 1387 eos

265 1400 410 1448 loquens
428 1414 438 1437 ε
457 1404 584 1446 oviri,
595 1400 750 1448 siquidem
767 1401 973 1437 admiratione
981 1402 1108 1447 dignam
1119 1425 1131 1442 ,
1159 1411 1197 1436 ac

263 1453 382 1488 divina
397 1453 544 1497 potentia
560 1449 761 1489 arbitramini
777 1452 858 1495 quod
876 1449 1045 1495 elisatium
1057 1475 1068 1492 ‚
1094 1450 1197 1495 ipsum

263 1503 393 1542 adorare
403 1503 459 1551 qui
467 1501 614 1542 claudum
623 1503 758 1536 curavit
767 1525 779 1542 ,
788 1505 809 1544 Ῑ
809 1499 893 1544 esum
904 1526 915 1544 ‚
924 1511 1015 1546 quem
1026 1499 1176 1543 cecidistis
1186 1524 1198 1542 2

263 1562 417 1600 quemque
425 1553 548 1590 demum
565 1555 618 1589 irae
637 1554 825 1596 exuperanti
843 1549 913 1592 aeliu
923 1575 935 1594 ,
961 1554 994 1587 in
1012 1550 1093 1594 ligno
1113 1550 1199 1586 exac-

263 1598 354 1644 tastis'
364 1627 373 1641 ,
397 1601 453 1638 Ille
461 1600 524 1646 ipse
532 1599 574 1643 esi
584 1626 596 1643 ,
615 1603 771 1646 vivitque
780 1625 792 1642 ‚
802 1613 838 1637 ac
842 1600 926 1646 ficut
937 1599 1028 1638 vobis
1032 1600 1146 1645 saep1'us
1155 1601 1201 1636 di-

265 1650 351 1691 tium
360 1649 402 1692 ιβ
411 1676 423 1696 ,
435 1663 456 1686 a
465 1654 597 1689 mortuis
605 1654 767 1689 excitatus
775 1649 990 1696 univerfiirum
1000 1652 1181 1686 dominatur
1191 1677 1199 1687 .

266 1699 481 1756 Qamobrem
502 1712 581 1738 nunc
605 1713 709 1737 eorum
730 1713 796 1746 quat
813 1699 964 1746 peccastis
981 1696 1198 1746 poenitentiam

265 1760 395 1796 agentes
406 1775 416 1792 .
435 1752 576 1789 accedite
585 1752 627 1787 ad
636 1763 706 1790 eum
718 1776 730 1792 ,
749 1752 792 1788 &⁴
800 1751 1043 1792 illuminamini,
1051 1751 1199 1795 quemad-

262 1802 391 1838 modum
402 1799 506 1843 vester
513 1800 566 1841 ille
572 1809 686 1845 parens
695 1803 808 1838 David
817 1805 883 1837 ait.
903 1802 1060 1848 Siquidem
1069 1803 1151 1836 enim
1160 1797 1197 1841 fi·-

263 1851 301 1889 lii
309 1850 545 1896 ‘Prophetarum
564 1849 634 1892 eliis
641 1863 679 1887 ac
697 1850 839 1895 discipuli
850 1851 941 1896 Moysi
949 1876 960 1893 ‚
987 1850 1080 1889 nolite
1098 1848 1198 1895 majo-

261 1911 334 1942 rum
343 1899 814 1946 velimrumgratiamspernere
824 1926 836 1942 ,
854 1904 893 1935 iis
902 1906 1043 1939 animum
1054 1899 1199 1939 adhiben-

263 1953 314 1987 tes'
321 1949 466 1996 quisalsa
476 1950 648 1996 loquuntur
658 1965 669 1986 .-
670 1951 728 1995 sed
733 1953 882 1998 prudenti
884 1950 1004 1999 judicie
1013 1962 1080 1996 quae
1089 1949 1129 1986 ab
1139 1949 1202 1985 illis

259 2000 394 2049 fuerunt
403 2004 614 2047 praenuntiata
623 2000 846 2046 considerantes
857 2025 868 2042 ‚
879 2000 989 2043 velim
1001 2000 1203 2041 salvatorem

259 2053 366 2098 gentis
377 2075 389 2095 ,
398 2055 511 2091 animis
518 2051 685 2096 suscipite.
699 2055 823 2103 ,Quippe
834 2051 886 2087 ille
894 2050 934 2093 esi
947 2076 958 2093 ‚
985 2062 1076 2096 quem
1087 2049 1203 2092 Mo‘yfi’s

265 2101 461 2146 'prophetam
473 2100 566 2139 vobis
579 2100 793 2146 sustitandum
804 2101 945 2146 promisit
955 2128 963 2140 ,
991 2104 1074 2138 Haec
1084 2105 1202 2137 Petrus

264 2163 304 2188 ac
326 2153 365 2185 iis
386 2148 506 2184 fimilia
523 2147 566 2182 ad
586 2149 758 2194 populum
777 2149 940 2185 differens·
951 2176 964 2192 ,
989 2150 1072 2187 abiit
1092 2149 1201 2187 tribus

265 2197 421 2239 millibus
431 2196 574 2245 aequales
592 2195 680 2234 alios
697 2196 850 2236 auctario
871 2197 1036 2231 referens.
1064 2203 1117 2232 Ac
1127 2205 1203 2243 qui-

267 2247 347 2283 dem
364 2246 441 2286 talis
449 2251 570 2286 Petrus
589 2243 729 2292 publica
739 2246 909 2284 concione
929 2243 1074 2283 fidenter
1094 2247 1203 2279 Evan-

269 2296 349 2345 gelii
370 2294 566 2335 dod-‘trinam
577 2291 773 2342 exponebat
793 2292 938 2341 loquens
947 2317 960 2336 ,
985 2294 1094 2329 alacer
1104 2318 1116 2335 ‚
1143 2296 1205 2329 irn-

268 2344 438 2396 perculsus
450 2370 463 2388 2
487 2342 636 2395 prudens
655 2357 665 2383 t
689 2339 830 2383 suorum
850 2342 971 2381 fiducia
983 2367 994 2386 ‚
1017 2355 1056 2378 ac
1074 2341 1209 2381 advesa-

269 2401 409 2434 riorum
431 2407 541 2444 pavor
552 2421 563 2434 ,

286 2450 379 2493 Quia
393 2458 477 2483 vero
487 2456 557 2480 non
570 2444 604 2480 id
613 2454 745 2480 tantum
757 2446 891 2491 pietatis
902 2445 1040 2479 Doc'tor
1050 2445 1206 2490 optimus

269 2496 415 2537 studiose,
426 2494 544 2544 agebat
556 2519 567 2536 ,
586 2506 624 2530 ut
636 2497 702 2530 Dei
715 2493 884 2542 populum
905 2492 1081 2527 numerosa
1093 2491 1207 2527 multi-

270 2548 388 2586 tudine
399 2556 551 2593 augerets
586 2543 640 2581 sed
651 2543 752 2589 longe
761 2542 906 2593 amplius,
918 2567 930 2586 ,
939 2553 976 2578 ut
988 2540 1141 2589 discipuli
1155 2554 1207 2576 ac·

271 2609 384 2635 curate
396 2610 461 2646 pro
481 2594 679 2631 traditarum
701 2593 815 2640 legum
835 2595 966 2629 ratione
987 2595 1094 2627 vitam
1114 2589 1209 2626 insti«

270 2647 427 2687 tuerent:
445 2657 483 2687 ut
494 2644 582 2683 vidit
594 2656 680 2682 vero
695 2646 862 2679 Ananiam
875 2642 972 2678 illum
985 2667 997 2685 ,
1007 2640 1145 2678 suorum
1157 2644 1206 2688 ip-

271 2699 345 2736 sum
354 2697 528 2738 fruetuum
537 2694 861 2740 furem‚novumque
871 2690 1206 2738 sacrilegum,malam

270 2752 402 2798 peccati
412 2748 630 2784 investurum
648 2747 682 2780 in
693 2741 907 2781 Christianos
927 2740 1204 2778 consuetudinem

269 2800 383 2836 severe
393 2810 473 2834 eum
482 2795 523 2832 ab
542 2793 689 2835 Ecclefia
699 2791 826 2832 excidit
845 2807 854 2827 ε
874 2804 944 2827 non
954 2791 1047 2827 velut
1057 2790 1203 2827 crudelis

269 2853 391 2887 animo
399 2862 437 2888 ac
446 2844 621 2884 homicida
632 2870 644 2887 ,
654 2842 708 2880 sed
720 2842 869 2891 spectato
879 2841 975 2891 quod
984 2841 1205 2882 conduceret,

269 2898 435 2946 ejusmodi
458 2906 634 2946 peccatum
653 2906 772 2930 curans
781 2892 949 2930 medicina
960 2918 972 2930 .,
997 2895 1088 2928 Cum
1109 2894 1202 2926 enim

270 2949 422 2999 populus
441 2943 744 2987 recensconversus
760 2953 860 2991 atque
870 2942 1034 2979 conflatus
1045 2967 1056 2984 ‚
1075 2953 1091 2976 a
1110 2942 1203 2976 Gen-

270 3001 352 3039 tilio
361 3013 400 3041 ac
411 2997 556 3041 Iudaico
563 2997 672 3037 νίἂιι,
684 3006 888 3042 morumque
899 2992 1055 3039 neglectu
1067 3016 1079 3033 ,
1091 2993 1202 3026 Evan-

270 3050 396 3097 gelicas
406 3061 518 3096 nuperv
533 3046 621 3093 leges
631 3041 805 3092 accepiss‘et
814 3068 826 3085 ‚
846 3045 971 3079 merito
981 3042 1079 3089 plane
1089 3039 1205 3075 existi-

270 3102 380 3138 mavit
399 3098 526 3138 nedum
547 3095 732 3134 verborum
751 3096 1010 3141 correptionem
1026 3090 1198 3138 discipulis

270 3146 484 3187 necessariam
495 3144 570 3188 effe,
582 3156 701 3183 verum
712 3147 816 3181 etiam
824 3141 971 3179 secundo
979 3151 1072 3177 metu
1082 3141 1203 3187 aliquo

272 3199 421 3247 indigere
432 3225 440 3233 .
469 3200 522 3233 Sic
539 3199 630 3232 enim
651 3193 802 3232 moribus
813 3203 1047 3240 comparatum
1068 3189 1115 3226 est
1126 3216 1137 3232 ‚
1162 3200 1199 3225 ut

271 3263 338 3298 qua
348 3252 479 3286 ratione
491 3249 600 3293 prima
620 3243 726 3284 studia
746 3243 891 3290 regulata
911 3243 1036 3281 fuerint
1046 3266 1058 3284 ‚
1084 3239 1198 3276 eadem

272 3300 314 3338 ad
335 3300 440 3339 finem
450 3297 551 3344 usque
573 3294 774 3331 inolescente
794 3291 1034 3330 consuetudine
1052 3290 1200 3339 persevc—

273 3349 490 3389 rentiidcirco
499 3345 556 3382 ubi
567 3355 741 3394 peccatum
750 3347 1022 3390 arguit‚mortem
1033 3353 1116 3377 mox
1128 3339 1200 3387 sup-

273 3402 383 3451 plicio
392 3399 526 3437 induxit
537 3422 549 3439 ‚
569 3408 638 3431 non
647 3393 721 3431 usus
730 3395 844 3442 gladio
855 3419 867 3436 ,
877 3404 976 3429 autve
987 3388 1202 3428 carnificibus

273 3464 370 3489 reum
382 3448 514 3486 tradens
525 3445 597 3485 3sed
607 3454 786 3483 momento
797 3443 859 3480 illo
868 3446 1034 3490 temporis
1044 3467 1055 3484 ,
1075 3454 1140 3488 qua
1151 3453 1198 3475 ra-

272 3505 368 3539 tione
379 3498 509 3537 sustulit
520 3522 532 3539 ‚
554 3495 751 3545 praeclarum
770 3491 904 3531 Christi
920 3495 1080 3542 potentiae
1099 3490 1199 3537 speci-

274 3564 353 3589 men
363 3550 463 3588 edens
474 3576 481 3583 .
508 3549 661 3582 Tantum
680 3547 770 3580 enim
782 3543 907 3588 obiecit
925 3546 1052 3579 crimen
1063 3566 1072 3582 ‚
1098 3543 1199 3587 inque

274 3600 362 3640 illud
373 3610 512 3637 vocatus
521 3595 633 3633 homo
641 3597 811 3643 expiravit
821 3618 829 3626 .
848 3595 933 3631 Hoc
943 3604 1028 3627 vero
1037 3601 1197 3639 quantum

276 3652 338 3694 fit,
361 3660 587 3700 quantamque
596 3643 751 3682 Ecclefiae
771 3646 994 3679 reverentiam
1013 3654 1051 3677 ac
1068 3651 1198 3677 metum

276 3704 442 3747 injecerit,
451 3697 543 3734 haud
553 3709 639 3744 opus
651 3694 763 3731 doceri
777 3692 967 3730 habeamus.
979 3694 1063 3728 Duo
1073 3694 1197 3738 quippe

276 3753 373 3795 fimul
383 3749 529 3788 confecit
549 3762 556 3783 :
583 3757 620 3783 ut
631 3747 791 3783 nimirum
806 3769 818 3787 ‚
843 3755 920 3781 cum
931 3742 1084 3779 Salvator
1105 3743 1198 3777 Deus

2046 162 2155 224 289

1235 247 1300 286 eise
1315 248 1508 286 crederetur
1528 262 1538 286 5
1563 258 1638 286 tum
1650 248 1761 293 &ejus
1779 247 1914 285 doctori
1934 249 2042 293 legum
2054 251 2155 289 adesse
2179 272 2181 276 ⁴

1236 303 1377 335 comites
1391 299 1541 346 Angelos
1553 324 1564 342 ‚
1590 301 1649 348 qui
1662 309 1822 347 prompte
1842 309 1879 334 ut
1895 300 2075 345 Apostolus
2095 315 2154 337 vo-

1236 347 1364 392 luilset‚
1391 359 1654 396 exequerentur.
1681 349 1806 386 Volui-t
1815 347 1937 385 claudo
1958 348 2157 389 beneficium

1238 398 1578 447 praestare‚nihilque
1588 402 1694 447 gratia
1704 399 1849 436 tardavit
1870 413 1879 435 :
1905 398 2018 436 voluit
2041 406 2157 448 punire

1240 448 1437 498 sacrilegum
1448 455 1471 492 ‚'
1485 462 1633 497 moxque
1645 462 1742 498 poena
1754 447 1875 497 praesto
1893 449 1955 485 fuit
1964 476 1972 486 .

1293 502 1399 538 Erant
1409 498 1481 536 haec
1499 498 1651 542 abunde,
1676 510 1713 536 ut
1723 499 1778 535 vel
1789 498 1933 547 lapideas
1951 511 2078 538 mentes
2098 500 2161 538 stu-

1245 549 1523 599 poreafficerent‚
1532 561 1725 598 certamque
1736 554 1880 585 omnino
1890 549 2034 586 facerent
2045 551 2162 594 fidem,

1245 599 1474 638 nullam'l’etri
1487 599 1587 637 verba
1596 598 1719 637 habere
1730 600 1966 647 deceptionem
1985 614 1995 639 ³
2015 601 2075 638 <fed
2083 614 2162 638 vere

1245 653 1360 686 Deum
1370 663 1447 686 cum
1459 650 1531 699 ipso
1543 648 1624 690 effe,
1650 648 1866 697 unctumque
1883 663 1924 686 ac
1943 653 2082 687 veritate
2100 652 2164 688 ful-

1244 711 1316 736 tum
1323 726 1333 742 ,
1342 699 1434 748 quod
1443 699 1663 737 annunciabat
1672 699 1926 742 sacramentum,
1935 700 2074 737 existere
2084 729 2092 736 .
2102 701 2165 738 Sed

1246 755 1280 786 &
1292 749 1361 786 hoc
1380 750 1587 787 attendamus
1598 747 1759 786 necess'um
1772 749 1809 785 fit
1829 763 1838 786 t
1858 750 1943 785 illud
1952 751 2097 798 quidem.
2108 764 2166 799 pu·
2183 768 2184 771 ¹

1249 799 1374 835 rtiendo
1391 813 1428 836 ac
1439 813 1554 836 necem
1567 799 1762 840 inserendo,
1779 799 1878 835 semel
1889 799 2049 837 duntaxat
2068 800 2110 837 ab
2121 805 2167 838 A·
2182 813 2187 824 ¹
2203 812 2299 845 Petrus
2322 807 2362 845 sess

1251 849 1390 898 postolo
1410 849 1467 885 usu
1479 849 1630 886 suadente
1647 848 1773 896 {ignum
1786 848 1978 897 usurpatum
1989 848 2071 893 effe,
2096 860 2166 899 quo
2182 854 2240 883 mel
2268 865 2361 886 morie

1251 904 1290 936 iis
1299 904 1356 946 qui
1369 899 1455 936 mala
1472 898 1570 935 essent
1584 900 1755 936 voluntate
1766 922 1778 940 ,
1797 898 1975 946 castigandi
1995 899 2169 948 potestatis
2186 894 2270 940 puni?
2287 905 2294 929 3
2316 894 2362 924 ὗε·

1251 949 1418 998 specimen
1437 948 1615 986 exhiberet
1626 975 1637 992 ‚
1664 948 1822 984 beneficia
1832 959 1941 985 autem
1949 963 1987 985 ac
1999 948 2170 994 sanitates,
2186 932 2341 1003 afficta?

1250 999 1406 1048 quotidie
1425 1012 1463 1035 ac
1481 1000 1602 1046 jugiter
1622 995 1800 1047 praestitiile
1819 1012 1828 1033 ι
1853 1009 2009 1047 tantaque
2027 1012 2098 1038 erat
2115 1012 2172 1037 cu·
2188 1016 2266 1051 juges
2290 1023 2343 1043 lm.

1255 1049 1349 1086 randi
1370 1062 1408 1085 ac
1426 1053 1538 1094 gratiae
1558 1049 1720 1090 facilitas,
1745 1059 1782 1085 ut
1802 1061 1903 1083 nemo
1923 1060 2065 1095 aegrotus
2082 1062 2172 1087 acce·
2189 1054 2295 1093 pettit.

1255 1099 1335 1135 dens
1354 1098 1407 1147 spe
1422 1098 1477 1135 sua
1487 1098 1661 1136 frustratus
1671 1097 1799 1136 abiret3
1826 1097 1881 1134 sed
1891 1102 2016 1145 integer
2025 1111 2062 1135 ac
2081 1099 2172 1136 sanus

1255 1149 1398 1187 domum
1419 1159 1661 1185 reverteretur.
1689 1147 1850 1196 Quisquis
1868 1160 1953 1183 vero
1968 1148 2175 1195 Hierosoly-

1256 1202 1318 1237 mis
1327 1203 1466 1236 Petrum
1484 1198 1579 1235 locus
1590 1197 1734 1236 habebat
1745 1223 1757 1240 ,
1784 1202 1809 1234 is
1820 1195 1995 1235 Christum
2016 1198 2176 1247 loqueba-

1255 1260 1334 1285 tur:
1352 1247 1562 1296 habebatque
1581 1249 1770 1296 sequentem
1791 1247 2008 1284 infirmorum
2025 1250 2178 1285 multitu-

1256 1299 1372 1337 dinem
1382 1324 1395 1341 ,
1418 1312 1456 1334 ac
1466 1298 1620 1336 mirabile
1631 1297 1746 1334 diebus
1758 1297 1889 1345 lingulis
1900 1297 2097 1344 promiscuae
2107 1299 2178 1346 ple-

1257 1349 1308 1385 bis
1318 1348 1544 1397 spectaculum
1556 1374 1567 1391 ,
1593 1351 1802 1395 congregatis
1814 1348 1886 1383 aliis
1895 1347 2076 1395 quaerendae
2085 1348 2187 1385 causa

1258 1398 1468 1437 liberationis
1479 1412 1495 1434 a
1507 1399 1675 1435 malorum
1689 1396 1841 1434 molestia
1852 1422 1864 1439 ,
1873 1397 1944 1432 aliis
1954 1409 2039 1432 vero
2048 1422 2060 1439 ‚
2068 1408 2107 1434 ut
2118 1402 2180 1435 im-.

1258 1448 1441 1497 pertiendae
1452 1449 1595 1484 sanitatis
1614 1447 1814 1495 spectatores
1824 1445 1940 1483 essent.
1966 1451 2018 1483 Sic
2035 1460 2179 1496 namque
2217 1441 2291 1488 9⁶²³}
2306 1454 2374 1483 Ρῑ-τ-

1258 1502 1360 1535 etiam
1374 1498 1458 1535 illud
1469 1497 1624 1534 mirabile
1635 1498 1676 1533 de
1687 1496 1862 1544 Apostolo
1870 1497 2097 1544 conscriptum
2108 1496 2158 1533 est
2167 1521 2179 1540 ,
2197 1491 2331 1552 {¹23²ng
2348 1542 2351 1546 .

1258 1549 1301 1585 de
1312 1552 1436 1596 quovis
1445 1548 1514 1584 alio
1524 1548 1723 1586 inauditum:
1733 1558 1770 1583 ut
1778 1550 1951 1586 nimirum,
1962 1548 2180 1584 infirmorum
2199 1570 2229 1590 m
2239 1531 2379 1594 {0152}

1260 1602 1394 1646 cognati
1403 1597 1626 1636 acdomestici
1639 1623 1650 1640 ‚
1669 1597 1801 1647 publice
1811 1600 1912 1633 eosin
1930 1597 2025 1634 lectis
2034 1609 2180 1645 expone·
2199 1602 2248 1630 bra
2264 1601 2360 1634 sanet.

1261 1659 1336 1686 rent
1354 1674 1366 1691 ,
1390 1657 1427 1684 ut
1445 1651 1590 1685 veniente
1607 1654 1704 1684 ‘Petro
1724 1673 1734 1689 ,
1761 1646 1871 1685 umbra
1889 1646 1970 1683 illius
1987 1645 2183 1683 obumbraret
2203 1640 2290 1679 Ati-5.
2302 1654 2382 1679 v-15·

1259 1710 1448 1743 quemquam
1459 1699 1582 1734 illorum
1602 1712 1610 1733 ε
1631 1697 1788 1744 'adeoque
1800 1696 1912 1733 servus
1922 1695 2104 1733 celebriori
2116 1709 2184 1746 prae

1261 1751 1418 1784 Domino
1429 1747 1515 1783 fama
1526 1747 1670 1783 habetur
1683 1773 1689 1779 .
1701 1750 1752 1782 Ac
1767 1747 1855 1782 sorte
1867 1750 1899 1782 in
1910 1746 2004 1793 {igno
2016 1745 2081 1782 isto
2092 1757 2188 1782 com-

1260 1798 1490 1847 pletur,quam
1501 1797 1654 1833 Salvator
1668 1796 1886 1843 prophetiam
1897 1795 1937 1831 ad
1948 1795 2130 1843 discipulos
2139 1794 2188 1831 est

1260 1849 1410 1885 locutus:
1420 1852 1543 1888 Amen,
1551 1847 1644 1882 amen
1651 1848 1717 1882 dico
1728 1845 1833 1888 vobis,
1843 1849 1897 1890 qui
1904 1846 2003 1880 credit
2011 1847 2043 1881 in
2050 1857 2114 1887 me,
2123 1856 2190 1891 ope·
2203 1857 2287 1892 sm..
2298 1866 2309 1886 ι
2314 1867 2341 1893 4-
2351 1869 2383 1887 v.

1238 1923 1240 1925 -
1261 1911 1298 1935 ra
1308 1910 1375 1944 quae
1383 1909 1435 1941 ego
1438 1897 1524 1943 facio
1538 1922 1547 1938 ,
1567 1898 1609 1933 ά·
1618 1896 1679 1942 ipse
1692 1895 1795 1939 faciet
1806 1921 1818 1937 ‚
1837 1897 1880 1932 ό·
1889 1894 2010 1940 majora
2017 1895 2123 1931 horum
2138 1896 2191 1940 fa-
2209 1905 2221 1927 1
2230 1906 2257 1927 τ..

1262 1952 1333 1987 ciet.
1347 1952 1439 1987 Cum
1450 1958 1563 1984 autem
1575 1946 1643 1983 hoc
1653 1945 1885 1988 dico,minime
1893 1948 2043 1991 gentium
2055 1944 2187 1982 servum

1263 2011 1342 2036 cum
1353 2001 1513 2035 Domino
1522 2009 1707 2045 comparo.
1730 1994 1884 2045 Apagefis
1895 1994 2031 2030 furentis
2042 1994 2188 2032 sensum:
2209 1998 2260 2044 {Iti
2275 1997 2359 2042 donis
2378 2022 2383 2030 ,

1263 2049 1317 2088 std
1327 2051 1440 2085 Deum
1453 2074 1465 2090 ‚
1481 2051 1539 2097 qui
1552 2060 1611 2096 per
1622 2046 1766 2085 famulos
1788 2046 1861 2084 suos
1871 2049 2030 2094 potentiae
2049 2045 2111 2082 suae
2121 2047 2189 2095 spe·
2208 2048 2243 2068 '¹¹⁶
2259 2045 2366 2084 ,Vff‘P'e

1262 2104 1374 2137 cimen
1384 2099 1459 2135 edat
1471 2124 1481 2140 ‚
1492 2098 1623 2135 nullum
1634 2110 1651 2133 e
1661 2095 1830 2145 discipulis
1842 2095 1902 2133 suis
1912 2121 1923 2138 ,
1935 2094 2073 2144 perinde
2080 2107 2121 2134 ¹ac
2132 2101 2190 2134 Pe·
2208 2084 2388 2149 ffiffg5¹m⁶f

1262 2161 1356 2187 trum
1369 2148 1565 2186 muneribus
1578 2145 1792 2195 locupletaffe
1804 2172 1815 2188 ,
1826 2150 2018 2194 pronuncio
2029 2150 2129 2193 :quin
2141 2145 2190 2183 su·
2319 2139 2329 2151 ⁵

1265 2203 1377 2247 pernis
1393 2197 1570 2234 sublimem
1601 2196 1757 2234 effectum
1779 2196 1874 2232 donis
1895 2221 1907 2238 ,
1932 2195 2092 2233 universis
2113 2209 2191 2232 eum

1267 2245 1444 2292 praetulifl'e
1454 2271 1461 2279 .
1472 2249 1531 2280 Uti
1543 2257 1628 2279 vcro
1637 2246 1882 2291 discipulorum
1892 2249 2075 2292 primatum
2087 2256 2191 2281 tenet:

1266 2296 1377 2336 major
1385 2306 1523 2342 quoque
1533 2296 1622 2328 inter
1631 2293 1747 2328 fratres
1761 2305 1874 2328 rerum
1885 2297 2121 2341 experimento
2132 2307 2192 2341 per

1267 2346 1411 2391 Spiritus
1421 2343 1522 2378 saneti
1535 2346 1695 2377 virtutem
1705 2341 1854 2377 ostensus
1864 2342 1912 2376 est
1925 2370 1931 2376 .
1954 2347 2082 2378 Primus
2094 2355 2193 2379 voca-

1264 2402 1317 2428 tus
1328 2417 1339 2433 ‚
1350 2394 1422 2426 cito
1432 2390 1607 2428 obsecutus
1617 2389 1665 2425 est
1676 2414 1686 2431 ,
1696 2402 1773 2424 cum
1787 2392 1821 2424 in
1834 2391 1932 2424 litore
1945 2415 1956 2430 ,
1968 2394 1999 2425 in
2013 2391 2128 2426 mundi
2142 2391 2193 2426 Ιο-

1263 2453 1309 2476 co
1334 2440 1453 2487 aspero
1479 2442 1635 2474 inventus
1661 2436 1737 2474 ell'et
1754 2465 1761 2473 .
1797 2441 1829 2477 Is
1860 2451 2000 2485 namque
2038 2438 2193 2477 humanae

1266 2503 1344 2526 euni
1364 2487 1568 2536 tempestatis
1586 2487 2065 2536 jugiter-circumstrepentibus
2083 2489 2193 2526 flueti-

1267 2540 1327 2577 bus
1339 2566 1349 2581 ‚
1360 2542 1558 2576 continuum
1570 2541 1658 2574 circa
1669 2537 1785 2573 littora
1801 2550 1937 2585 precum
1948 2538 2132 2575 clamorem
2153 2554 2191 2576 ac

1267 2600 1348 2627 vota
1367 2587 1489 2624 habet.
1513 2591 1646 2624 Primus
1666 2591 1753 2623 inter
1779 2586 1994 2624 Christianos
2011 2586 2117 2625 saeculi
2141 2603 2191 2625 res

1267 2640 1394 2688 sprevit
1413 2636 1637 2686 despectisque
1656 2635 1815 2673 omnibus
1841 2650 1913 2684 quae
1933 2641 1966 2673 in
1993 2637 2131 2684 pedibus
2153 2651 2191 2675 ac

1268 2689 1433 2726 mundana
1454 2687 1550 2729 sunt,
1576 2686 1723 2726 studium
1734 2690 1950 2737 animumque
1969 2687 2011 2726 ad
2031 2687 2190 2739 spiritalia

1267 2753 1305 2776 ac
1317 2737 1465 2775 coelestia
1482 2736 1651 2773 traduxit.

1315 2792 1416 2825 Dicat
1428 2801 1511 2824 vero
1521 2812 1533 2829 ,
1559 2786 1648 2823 forte
1658 2800 1777 2825 eorum
1788 2788 1927 2836 aliquis,
1937 2792 1994 2836 qui
2007 2801 2188 2837 pauperem
2206 2780 2246 2811 υ(
2255 2781 2377 2810 multum

1265 2851 1363 2887 atque
1376 2837 1556 2874 obscurum
1575 2847 1627 2873 ter
1639 2836 1772 2874 beatum
1786 2837 1884 2873 illum
1895 2839 2040 2884 apellare
2059 2839 2189 2878 solent:
2203 2831 2327 2892 ssazffij‘t’
2339 2831 2382 2851 κ’

1264 2889 1358 2936 Quid
1368 2891 1544 2923 enimvero
1553 2886 1610 2922 ille
1620 2888 1782 2935 reliquit?
1798 2890 1876 2932 Qua
1886 2887 1916 2922 se
1927 2887 2121 2935 posseffione
2131 2889 2190 2926 ab-
2226 2871 2245 2901 q
2326 2881 2337 2891 ⁶

1263 2935 1581 2976 dicavitmniverss
1592 2962 1603 2979 ‚
1623 2936 1765 2972 ohomo
1776 2935 1942 2978 ,dimifit‚
1961 2950 2034 2984 quae
2045 2937 2183 2975 habuit.

1260 2992 1396 3036 Cuique
1408 2987 1601 3035 vero,quod
1613 2986 1770 3034 poffidet,
1780 2998 1939 3033 magnum
1947 2986 2006 3022 estz
2017 2987 2183 3035 illudque,

1259 3040 1386 3076 divitiae
1396 3036 1490 3079 sunt,
1508 3036 1603 3083 quod
1614 3040 1721 3072 tenuis
1731 3049 1768 3081 ac
1788 3048 1908 3083 egenus
1920 3034 2039 3072 habet.
2059 3038 2182 3074 Similis

1259 3088 1347 3138 apud
1361 3091 1473 3124 Deum
1484 3085 1598 3128 hahet,
1607 3097 1682 3122 tum
1692 3089 1748 3134 qui
1761 3098 1876 3122 currus
1884 3085 2111 3127 dimittit,tum
2123 3091 2182 3134 qui

1259 3141 1449 3176 contemnit
1459 3136 1594 3173 alinum.
1604 3136 1713 3183 Quod
1720 3140 1810 3172 enim
1821 3133 1919 3171 diviti
1930 3139 2179 3184 equisquatuor

1260 3191 1376 3225 vestus
1386 3198 1524 3228 currus,
1535 3185 1605 3224 hoc.
1613 3185 1840 3224 clitellaeviles
1852 3189 2007 3233 pauperi.
2038 3186 2180 3222 Perinde

1260 3250 1372 3275 autem
1383 3235 1615 3284 Philosophus
1626 3235 1672 3272 est
1683 3262 1694 3278 ,
1721 3246 1795 3272 turn
1805 3239 1861 3284 qui
1872 3246 2061 3283 argenteam
2071 3247 2107 3270 ac
2127 3234 2180 3272 hi-

1263 3289 1374 3324 storiis
1393 3290 1484 3322 varie
1498 3285 1691 3323 distinRam
1710 3296 1952 3333 ornatamque,
1976 3295 2049 3320 tum
2060 3289 2118 3333 qui
2140 3286 2180 3321 li-

1259 3350 1377 3386 gneam
1388 3335 1528 3383 viiisque
1549 3338 1648 3383 pretii
1661 3335 1805 3370 mensam
1825 3334 2002 3383 relinquit:
2019 3347 2056 3370 ac
2066 3335 2179 3371 fimili-

1260 3400 1336 3432 tei·²
1351 3398 1425 3425 tum
1436 3390 1492 3433 qui
1504 3385 1657 3432 frequens
1676 3383 1875 3421 hominibus
1894 3384 2060 3432 oppidum
2073 3410 2084 3427 ‚
2103 3396 2178 3421 tum

1259 3441 1486 3486 quiexiguum
1506 3434 1683 3471 hortulum
1696 3449 1708 3472 t
1725 3438 1781 3482 qui
1794 3434 2014 3470 vestemauro
2028 3444 2153 3470 textam
2165 3460 2177 3476 ‚

1258 3491 1382 3536 quique
1402 3498 1551 3523 veterem
1570 3498 1607 3520 ac
1625 3484 1783 3520 detritam
1794 3487 1939 3522 tunicam
1950 3511 1961 3520 ,Α
1983 3487 2066 3519 Non
2086 3487 2177 3519 enim

1259 3541 1350 3574 Deus
1362 3535 1577 3573 multitudine
1587 3545 1643 3570 aut
1652 3534 1810 3584 qualitate
1817 3544 1950 3576 eorum,
1960 3547 2032 3582 quae
2041 3533 2177 3575 dantur,

1259 3587 1479 3623 collationem
1498 3583 1669 3621 indicatae
1685 3583 1929 3620 humanitatem
1949 3597 1957 3617 ε
1985 3582 2037 3618 sed
2047 3593 2176 3628 gratam

1258 3636 1361 3674 habet
1372 3649 1408 3672 ac
1426 3633 1548 3683 probat
1558 3633 1666 3670 dantis
1685 3634 1911 3670 voluntatem.
1938 3631 2176 3677 Quamobrem
2192 3630 2258 3659 Luc.
2275 3637 2320 3660 2¹·
2334 3640 2375 3659 v·

1257 3691 1359 3723 etiam
1380 3684 1601 3732 Evangelium
1624 3683 1758 3720 viduam
1777 3682 1868 3718 illam
1889 3686 1939 3719 uti
1959 3680 2102 3730 probam
2121 3681 2175 3718 de-
2190 3678 2238 3699 ²²·

1259 3737 1416 3787 praedicat
1433 3760 1445 3779 ,
1480 3746 1552 3783 quae
1572 3733 1714 3770 obolum
1744 3736 1914 3782 impertita
1939 3730 2027 3769 effeti
2039 3747 2049 3767 ε
2077 3733 2175 3816 Ι(1ιίοεί

2040 3794 2070 3815 m
2087 3794 2108 3815 ll
