2652 4126
589 191 838 251 L'IBER
897 190 1208 251 CONTRA
1271 191 1892 249 COLLATOREM..

244 300 324 326 >ma
351 283 412 327 die
441 286 556 342 usque
585 296 709 329 nunes·
733 285 921 342 confidem·
949 285 1016 327 boc
1044 286 1186 346 ipsum,

262 345 351 400 quia
380 347 446 401 qui
475 347 589 405 caepit
617 346 658 386 in
688 344 794 391 vobis
824 344 1076 404 opusbonum,
1098 357 1184 403 per-

169 442 187 463 ,
250 402 363 461 ficiet
391 404 504 461 usque
533 407 576 447 in
602 405 701 446 diem
727 404 821 459 Jesu
852 404 1024 461 Christi.
1056 422 1070 439 ι
1102 406 1184 446 Cu-

149 480 151 486 *
262 463 319 519 jus
350 465 418 506 hic
447 466 632 507 humanm
672 462 795 505 laudis
826 477 871 505 ac
901 465 1036 506 meriti
1076 478 1181 506 nunc

244 524 301 564 vin
335 525 428 566 Deo
459 522 582 567 caussa
613 522 793 580 suspensa
810 522 890 565 est?
920 522 1031 581 Quid
1063 524 1185 566 virtu-

165 589 184 619 b
259 583 310 625 tis
349 585 366 611 ¹³
404 595 473 626 aut
503 583 665 640 pietatis
695 594 910 639 exceptum
951 582 1007 624 est
1026 612 1039 636 ‚
1077 582 1181 639 quod

148 672 151 685 .
249 654 347 686 'non
373 656 424 685 ex
455 640 731 700 gratierfonte
762 643 1024 699 profluxerit,
1053 643 1119 684 ubi
1132 644 1181 684 ab

82 711 115 760 ’ᾖ
165 716 182 738 e
258 701 378 743 initio
407 707 422 728 ⁶
451 699 648 758 usquead
680 699 825 754 finem,
855 701 893 743 8<
923 701 1181 743 inchoatio&

120 766 125 793 ἰ
249 759 452 818 -perfeffio
482 761 576 803 boni
607 761 738 817 operis
760 761 942 801 Domino
953 760 1179 818 deputatur?

83 829 167 870 psat.
192 828 240 858 88.
259 821 340 863 Cui
371 820 526 863 canitur
554 819 602 863 de
634 819 775 861 sanetis
795 819 891 872 suis,
924 821 1107 873 Domine,
1137 821 1178 860 in

86 870 563 930 ¹⁶·&²⁷'1Qmine‘vultus
590 879 649 920 tm·
675 876 940 932 ambulabunt,
969 880 1019 922 (9⁴
1046 880 1088 920 in
1117 895 1180 919 no·

256 940 363 988 mine·
384 952 450 981 tuo
478 936 713 994 exultabam⁴
729 950 812 980 tota
840 939 923 991 die,
964 939 1179 994 &injusti-

257 1001 408 1040 rin-zuen
424 997 726 1040 exaltabuntur.-
757 999 933 1054 quoniam
958 995 1084 1056 gloria
1103 999 1184 1039 vir·

162 1080 181 1112 d
254 1058 349 1101 tutis
366 1073 499 1102 reorum
527 1056 545 1087 ⁶¹
573 1071 618 1100 tu
646 1073 704 1100 es.

435 1195 476 1242 ἐ
526 1205 559 1240 A
607 1207 633 1241 Ρ
682 1205 716 1256 t]
765 1205 800 1240 T
873 1205 982 1242 xvn.

253 1288 421 1332 Quantum
450 1285 616 1332 thffianus
651 1287 685 1323 in
706 1285 809 1334 supra
845 1288 998 1336 refutatis
1031 1288 1174 1332 adjuvet

250 1362 274 1383 *2
305 1337 498 1386 Pelagianos
525 1336 662 1373 dicentes
689 1362 700 1381 ,
734 1337 886 1377 Gratiam
916 1337 980 1373 Dei
1001 1338 1175 1385 secundum

271 1386 275 1393 “
307 1387 420 1423 merita
441 1385 542 1430 nostra
561 1386 637 1420 dari
645 1400 660 1433 ,-
684 1399 758 1433 quos
777 1398 883 1422 tamen
900 1388 1043 1436 profanae
1062 1387 1178 1434 opinio-

255 1447 276 1462 -’
302 1437 359 1472 ‘nis
369 1436 497 1485 arguit,
521 1437 555 1470 in
573 1449 633 1482 quo
642 1434 835 1485 sthimetipfi
848 1438 1024 1472 contrarius
1043 1438 1098 1483 effe
1108 1438 1178 1471 con'.

308 1487 473 1522 vincitur.
499 1485 596 1521 Salus
615 1486 807 1522 omnimodo
827 1514 838 1530 ‚
873 1486 934 1529 nisi
960 1500 998 1521 ex
1021 1487 1090 1531 fide
1118 1485 1178 1532 effe

252 1550 291 1573 -.’
308 1549 373 1572 nm
382 1536 502 1585 potest.

122 1675 139 1693 »-
165 1654 290 1705 ,ἢκ-ὲ
364 1679 366 1682 >
430 1647 753 1692 Onfiderandum
793 1649 885 1692 sane
911 1648 977 1691 est
1017 1650 1059 1691 in
1099 1649 1178 1692 hac

83 1718 285 1786 gffnsshss'
414 1716 417 1718 ’
457 1709 657 1752 sententia
686 1721 777 1762 tna,
806 1722 1000 1766 quantum
1021 1708 1179 1765 adjuves

86 1782 325 1835 fibimetip-'ssoe
355 1769 423 1825 qui
451 1768 623 1821 dicunt«,
663 1769 840 1810 Gratiam
878 1770 954 1811 Dei
975 1769 1180 1824 secundum

84 1835 111 1879 1³⁸
125 1843 244 1866 contra·
258 1827 396 1870 mer-ita
423 1829 548 1883 nostra
576 1828 684 1870 dari:
711 1842 808 1886 quos
827 1841 843 1858 0
873 1841 1034 1881 tamen,
1064 1841 1181 1871 utca-

85 1883 185 1945 ¹¹“⁸·e
258 1887 418 1932 tholicae
446 1886 539 1930 fidei
568 1887 794 1931 defendaris
813 1888 1065 1941 umbraculo,
1095 1902 1185 1946 pro·

172 1951 173 1957 ’
253 1947 361 1989 -fanae
398 1948 604 2004 opinionis
634 1948 708 1991 effe
748 1947 947 2004 profiteris
963 1976 982 2002 ‚-
1015 1947 1184 1991 dicens,-

163 2029 182 2062 ς
254 2008 380 2047 Nemo
409 2018 539 2046 autem
566 2003 583 2030 f
611 2007 768 2060 aestt'met
798 2007 874 2049 haec
901 2007 1045 2050 anobis«
1065 2007 1109 2049 ob
1118 2007 1186 2051 hoc

190 2100 203 2117 f
247 2061 371 2121 suffe
393 2061 571 2122 prolata,
599 2078 645 2105 ut
675 2066 844 2106 nitamur
852 2068 1060 2122 adstruere,
1080 2067 1185 2123 sicm-

252 2139 358 2169 maem
386 2121 527 2178 salutis
556 2125 598 2164 in
628 2125 760 2180 nostrae
779 2125 881 2181 fidei
917 2128 1063 2169 ditione
1102 2143 1187 2168 con·

250 2184 420 2242 sistere,
449 2182 656 2239 secundum
695 2186 940 2240 quorumdam
986 2186 1186 2244 profanam

252 2244 492 2303 opinionem,
521 2245 587 2299 qui
614 2257 736 2286 totum
764 2240 880 2286 libero
910 2245 1062 2287 arbitrio
1072 2246 1186 2304 depu-

255 2315 382 2346 tantes
399 2333 414 2356 ,
447 2305 610 2362 gratiam
640 2305 717 2345 Dei
744 2303 949 2362 dispensari
968 2305 1186 2361 secundum

256 2365 436 2406 meritum
465 2363 752 2418 uniuscujusque
779 2364 991 2422 definiunt.
1024 2364 1102 2407 Sed
1112 2365 1187 2406 mi—

259 2436 328 2465 ror
355 2421 472 2465 valde
512 2422 711 2480 quomodo
742 2437 824 2465 non
855 2424 966 2467 vides
984 2454 998 2477 ‚
1037 2436 1105 2466 aut
1136 2424 1186 2465 ab

260 2482 349 2525 aliis
379 2480 543 2525 aestimas
574 2495 656 2523 non
687 2482 840 2533 videri,
869 2483 974 2539 quod
1003 2481 1187 2537 teipsum

256 2551 332 2583 tuo
359 2554 428 2582 ore
458 2539 727 2581 condemnas.
758 2540 948 2583 Dicendo
959 2541 1069 2581 enim
1081 2535 1187 2593 quod

265 2599 477 2650 Centurio,
504 2598 606 2647 cujus
625 2597 728 2653 fides
758 2599 918 2639 Domini
947 2611 1039 2638 voce
1058 2593 1188 2637 lauda·

260 2671 302 2700 ta
331 2657 406 2713 est,
435 2653 577 2698 nullius
604 2654 726 2698 laudis
755 2654 851 2712 eff‘et
879 2671 923 2698 ac
950 2655 1098 2707 meriti,
1126 2654 1189 2711 ast

258 2718 302 2759 id
329 2718 370 2758 in
399 2731 439 2758 ea
470 2715 654 2773 quodipse
682 2716 917 2768 donaverat,
942 2711 1185 2774 praetuliffit:

260 2775 431 2818 definisti
472 2775 768 2817 centurionem
798 2775 914 2819 illum
944 2789 1027 2816 non
1066 2773 1187 2819 dona.-

257 2848 346 2878 tam
376 2833 497 2876 fidem
527 2832 702 2876 habuisse
722 2863 735 2886 ,
764 2832 830 2874 sed
859 2835 1101 2891 propriam3
1139 2848 1186 2876 ac

259 2893 428 2953 perinde
439 2893 544 2936 nihil
573 2893 654 2949 ejus
674 2893 884 2951 principiis
895 2894 1083 2936 collatum
1096 2892 1187 2935 fuis·
1215 2944 1224 2952 ι

257 2954 403 3012 seper
431 2953 641 3011 gratiam;
679 2954 722 2994 in
754 2952 896 2995 eadem
935 2965 1069 2996 autem
1110 2951 1186 2995 fide

255 3013 430 3058 cauffam
459 3012 568 3056 fuiss'e
599 3013 639 3055 &
667 3010 792 3056 laudis
822 3014 860 3054 8<
891 3013 1061 3066 meriti,
1088 3027 1182 3069 quo,-

377 3076 421 3115 S.
450 3072 652 3132 Prosperi-

300 3193 318 3215 a
338 3184 385 3218 Ita
404 3184 470 3217 Mff.
489 3184 578 3215 Cotb.
598 3182 717 3223 Remig.
737 3182 767 3213 &
787 3183 846 3220 Jol.
864 3192 931 3214 cum
950 3182 1033 3223 Mog.
1053 3182 1084 3214 &
1106 3184 1182 3215 Ven-

261 3223 337 3263 editg‘
353 3225 392 3255 At
414 3225 509 3266 Lugd.
529 3225 605 3256 Lov.
628 3224 720 3254 Duae.
746 3222 777 3253 &
806 3223 914 3255 Coton.
939 3223 1029 3262 eujus
1055 3222 1183 3255 humane

262 3263 360 3302 lundis
377 3275 413 3294 ac
430 3265 525 3296 meriti
543 3266 597 3294 min
617 3262 663 3294 hic
682 3263 772 3302 cauffa
788 3263 919 3303 [adpensa
937 3263 1003 3301 oli?

299 3302 320 3333 b
339 3303 395 3334 ΜΓ.
416 3305 473 3341 101.
492 3314 563 3335 cum
582 3303 678 3343 Lugd.
697 3303 729 3334 δι
751 3302 953 3342 posterioribus
968 3323 978 3339 ,
998 3314 1033 3333 ac
1050 3304 1182 3344 pietatis.

302 3351 320 3372 ο
338 3342 421 3375 Edit.
441 3345 524 3386 Mog.
544 3343 575 3376 ἃ
596 3345 674 3374 Ven.
692 3343 774 3382 ufiyue
794 3344 824 3373 in
839 3342 942 3382 finem.

300 3381 319 3412 d
340 3384 376 3412 In
395 3383 454 3416 Ms.
473 3385 529 3420 Jol.
548 3384 696 3415 adduntur
717 3384 764 3414 hic
785 3383 934 3424 sequentia
955 3404 963 3419 ‚
993 3383 1032 3415 (¹)-
1051 3385 1081 3413 in
1101 3382 1179 3413 hene·

255 3421 366 3462 pluita
385 3431 436 3453 tuo
453 3423 628 3454 exaltabitur
644 3434 731 3454 cornu
750 3423 883 3462 nostrum.

301 3473 316 3492 e
339 3462 419 3493 Edit.
438 3462 483 3494 Lu
505 3465 535 3495 d.
554 3463 583 3495 8:
643 3465 773 3495 steriores
792 3465 951 3498 omittunt,
974 3472 1084 3495 umen.

300 3502 315 3531 s
331 3502 388 3532 Ms.
415 3502 472 3538 Jol.
524 3513 570 3534 en.
625 3504 692 3544 ugd.
713 3503 744 3534 &
765 3505 938 3535 recentiores
963 3505 1057 3540 editi,
1085 3502 1176 3539 exilii·

255 3551 331 3573 met.
352 3541 432 3573 Infra
450 3552 521 3573 veto
542 3542 620 3573 idem
639 3544 697 3575 Ms.
717 3553 784 3575 cum
807 3543 871 3574 Mis.
892 3543 981 3576 Cotb.
1002 3543 1032 3574 δε
1058 3545 1175 3584 Rem1g.

258 3582 400 3652 langog.
419 3582 487 3613 edit.v
508 3581 644 3620 estimas»,
663 3584 711 3615 ubi
732 3584 819 3616 ceteri
838 3584 952 3615 codices
967 3604 977 3620 ,
1003 3584 1144 3623 existimas
1165 3604 1174 3618 ,

267 3631 988 3743 ·2÷1‘}³'{·‚1{‘3¹as,;‚‘ffissvc‘zm'iszzizxxszztffl2
1017 3665 1096 3694 ”m
1118 3674 1126 3694 ²
1147 3663 1177 3694 ἃ

256 3711 317 3772 Ph
337 3713 433 3782 ngd.
452 3740 483 3773 &
503 3740 688 3782 posteriores,
707 3753 770 3773 cum
789 3712 899 3774 omrii‘no
921 3753 929 3772 z
950 3743 1026 3774 idem
1047 3744 1133 3775 habet
1146 3743 1177 3775 δε

256 3779 318 3816 ΜΓ.
336 3782 393 3818 Jol,
412 3782 464 3824 qui
485 3780 595 3818 subdit,
613 3781 695 3820 litas
713 3783 825 3822 nonnist
840 3794 874 3813 ex
886 3782 946 3822 fide
962 3783 1012 3822 effe
1025 3784 1122 3824 poffit·

295 3821 307 3851 i
326 3821 410 3854 Edit.
438 3822 521 3863 Mog-
539 3820 571 3854 &
592 3821 668 3856 Ven.
686 3821 772 3855 habet
789 3823 904 3859 vitam,
924 3823 966 3857 (θ’
984 3834 1016 3854 m
1030 3823 1180 3863 judicium

997 3990 1036 4008 Q

2064 209 2167 265 203

1246 299 1334 327 rum
1367 298 1554 328 neutrum
1585 284 1779 337 haberet,
1809 283 1837 325 fi
1867 282 1931 336 id,
1960 284 2022 325 cui
2042 286 2171 326 &laus

1244 345 1412 388 debetur
1442 348 1480 388 8<
1510 344 1723 397 merit-um,
1755 345 1958 399 Dominus
1988 342 2173 385 contulis-

1246 405 1325 447 set.
1360 404 1518 446 Frustra
1548 418 1667 463 ergo‚
1698 415 1740 446 ut
1771 402 1970 445 invidiam
1989 401 2171 444 damnati
2187 428 2342 460 Salus'non

1244 464 1387 505 erroris
1417 462 1585 516 evadas,
1615 463 1810 506 summam
1844 462 2169 520 salutisnegasin
2187 469 2289 499 nifiex
2310 472 2341 499 fi-

1245 521 1337 566 fidei
1369 522 1505 564 nostrae
1535 523 1687 566 ditione
1719 521 1947 566 consistere:
1977 537 2068 565 cum
2088 536 2173 564 om-
2186 509 2237 540 ⁶⁶·

1245 583 1289 624 ni
1328 580 1448 624 modo
1487 582 1585 624 salus
1616 590 1633 616 ¹¹
1664 583 1736 624 nifi
1777 599 1828 626 ex
1858 580 1934 624 fide
1973 581 2048 625 effe
2088 595 2171 630 non
2246 589 2266 618 h

1244 641 1381 699 poffit.
1403 643 1441 695 J
1443 642 1541 696 ustus
1571 643 1682 683 enirn
1713 658 1760 683 ex
1781 642 1866 699 fide
1895 642 2027 683 vivit.
2059 644 2172 699 Quo·
2184 669 2342 704 Rom.1.x7.

1227 702 1354 742 -niam
1387 702 1547 743 Veritas
1586 701 1684 743 dicit
1718 718 1727 727 ·
1760 706 1889 743 Amen
1908 732 1921 754 ‚
1950 717 2060 742 amen
2089 702 2169 742 dico
2185 708 2348 745 nahum

1240 760 1368 813 vobis,
1398 762 1574 817 quoniam
1603 762 1669 818 qui
1698 737 1806 803 a'udit
1836 761 1993 802 verbum
2023 775 2171 813 meum,

1239 819 1288 862 δ’
1318 821 1435 862 credit
1464 821 1505 861 in
1535 835 1618 861 eum
1645 822 1712 875 qui
1742 837 1799 862 me
1840 821 1947 878 misit
1966 850 1979 873 ‚
2020 816 2029 841 ¹
2060 819 2171 861 babet
2252 829 2262 858 i

1241 881 1365 920 vitam
1393 893 1595 931 aeternam,
1625 880 1674 921 (T
1703 881 1744 921 in
1768 881 1952 931 judicium
1991 880 2066 920 non
2105 896 2172 920 ve-

1244 941 1347 991 niet,
1368 938 1439 993 sed
1467 938 1645 995 transibit
1674 939 1720 980 de
1758 952 1877 980 morte
1916 940 1966 980 ad
2004 936 2129 979 viram
2162 956 2170 980 :

1245 1001 1304 1041 Et
1334 1000 1503 1051 iterum,
1533 1001 1626 1039 Haec
1655 998 1709 1053 est
1737 995 1917 1039 voluntas
1935 998 2067 1039 Patris
2084 999 2335 1064 meivoamlw

1244 1071 1288 1100 ut
1317 1059 1434 1099 omnis
1462 1059 1530 1114 qui
1559 1057 1668 1099 videt
1698 1055 1851 1099 filium
1891 1057 1940 1099 (9⁹
1978 1059 2100 1100 credit
2127 1058 2170 1098 in
2340 1060 2348 1068 “

1237 1133 1344 1170 eum,
1373 1118 1506 1159 habeat
1534 1118 1660 1159 vitam
1694 1131 1873 1159 aternam
1897 1133 1907 1159 :
1938 1117 1987 1160 (Τ
2017 1134 2083 1177 ego
2113 1132 2169 1159 re-

1229 1177 1414 1234 suscitabo
1445 1193 1528 1219 eum
1558 1179 1600 1219 in
1629 1178 1831 1235 novffmo
1860 1177 1921 1219 die
1946 1207 1956 1218 .
1998 1177 2056 1218 Et
2094 1178 2167 1219 ite-

1234 1254 1340 1290 rum,
1370 1245 1388 1270 k
1419 1240 1512 1280 Haec
1539 1238 1593 1293 est
1631 1250 1755 1278 autem
1794 1238 1883 1278 vita
1919 1249 2058 1278 aeterna
2074 1267 2087 1290 ,
2126 1249 2170 1277 ut
2249 1265 2270 1296 k

1238 1297 1457 1355 cognoscant
1496 1310 1534 1338 te
1564 1293 1690 1351 solum
1733 1312 1868 1339 verum
1909 1298 2034 1337 Deum
2061 1326 2074 1349 ‚
2118 1296 2346 1345 &Joaen.t7.3.

1241 1372 1351 1413 quem
1380 1356 1515 1414 misisti
1535 1355 1892 1412 Jesum-Chrq‘stum
1912 1386 1922 1396 .
1956 1358 2064 1398 Cum
2097 1356 2171 1398 ita-

1242 1431 1317 1474 que
1349 1416 1442 1458 huic
1482 1414 1607 1468 fidei,
1645 1431 1767 1473 quam
1807 1414 1897 1458 ideo
1937 1416 2091 1458 meritis
2131 1417 2169 1457 8<

1239 1475 1418 1519 laudibus
1449 1474 1652 1518 honorasti
1685 1507 1698 1529 ,
1737 1483 1747 1507 ¹
1777 1476 1870 1533 quia
1909 1477 2038 1517 mavis
2079 1489 2171 1517 eam
2251 1504 2262 1533 1

1236 1537 1347 1578 inter
1375 1536 1492 1578 liberi
1521 1535 1678 1576 arbitrii
1709 1535 1816 1577 bona
1848 1565 1862 1588 ,
1901 1548 2032 1592 quam.
2061 1535 2171 1584 inter

1241 1596 1325 1638 Dei
1355 1594 1462 1636 dona
1491 1596 1726 1648 numerari,
1756 1608 1948 1637 aeternam
1988 1598 2167 1638 beatam-

2184 751 2344 786 Ioan.6.24.

1239 1670 1315 1712 que
1356 1655 1487 1696 vitam
1516 1655 1668 1696 constet
1699 1669 1727 1686 ¹¹²
1756 1654 1830 1697 effe
1862 1668 2128 1712 praeparatam
2149 1669 2170 1707 ‚·
2233 1673 2264 1693 m

1239 1713 1438 1771 quomodo
1479 1714 1556 1755 hoc
1588 1715 1729 1756 vulnus
1768 1714 1986 1756 declinabis
2006 1744 2019 1767 ‚
2046 1729 2064 1748 ¹¹
2094 1728 2172 1770 quo

1244 1788 1284 1817 te
1315 1773 1446 1831 ipsum
1475 1772 1666 1829 configis,
1694 1773 2071 1831 pronuntiandoeos
2083 1787 2172 1829 pro-

1245 1834 1382 1887 fanos,
1411 1833 1480 1890 qui
1510 1834 1684 1891 gratiam
1703 1832 1922 1890 dispensari
1953 1832 2170 1875 secundum

1245 1894 1392 1937 merita
1421 1895 1603 1935 humana
1628 1891 1827 1935 definiant
1850 1909 1864 1950 ;
1903 1894 1942 1935 8<
1971 1891 2173 1935 afferendo

1245 1953 1351 2012 quod
1391 1968 1465 1996 nec
1505 1951 1665 1995 laudem
1696 1952 1848 1995 constet
1878 1952 2027 1995 habere
2048 1981 2061 2004 ‚
2099 1966 2175 1994 nec

1246 2014 1438 2057 meritum
1477 2027 1543 2055 eos
1563 2043 1576 2065 ,
1613 2012 1682 2070 qui
1710 2027 1762 2054 ex
1793 2011 1899 2054 dono
1929 2013 2077 2070 gratiae.
2097 2011 2176 2053 sint
2203 2017 2205 2020 ’

1246 2072 1409 2116 fideles?
1439 2070 1773 2129 Quoquoversum
1784 2085 1879 2129 ergo
1899 2085 1939 2114 te
1971 2070 2174 2123 conferas,

1248 2149 1272 2176 a
1311 2131 1524 2190 temetipso
1562 2147 1580 2167 ο
1610 2133 1647 2173 8<
1679 2132 1874 2184 vinceris,
1903 2133 1942 2173 8<
1973 2130 2139 2172 vinciris
2159 2161 2171 2172 .
2247 2151 2266 2172 ο

1248 2194 1291 2236 Si
1321 2194 1434 2235 enim
1464 2191 1638 2248 gratiam
1667 2192 1815 2233 merita
1839 2205 1919 2232 non
1931 2189 2175 2247 praecedunt,

1246 2254 1286 2294 8(
1317 2250 1411 2293 fides
1441 2265 1523 2292 non
1556 2249 1683 2308 potest
1713 2250 1788 2292 effe
1808 2250 1890 2292 fine
1921 2250 2102 2304 meritis3
2133 2247 2176 2289 fi-

1247 2311 1314 2353 des
1353 2310 1525 2368 gratiam
1554 2323 1572 2349 i>
1603 2324 1683 2351 non
1728 2309 1947 2367 praecedit,
1984 2311 2022 2351 8<
2060 2309 2174 2350 omni

1247 2369 1371 2413 modo
1401 2384 1480 2411 qex
1511 2370 1640 2426 gratia
1651 2370 1843 2422 habetur,
1873 2367 2062 2424 quidquid
2073 2367 2172 2408 illud

1247 2428 1317 2479 est,
1335 2442 1474 2483 exquo
1504 2429 1695 2470 meritum
1708 2428 1903 2479 nascitur,
1932 2425 2037 2481 quod
2076 2437 2172 2471 ante

1248 2486 1422 2541 gratiam
1451 2498 1533 2527 non
1565 2485 1757 2528 habetur.

2246 1751 2266 1772 n

2245 2351 2267 2419 -0'0

1715 3074 1785 3116 Cc
1849 3088 1869 3115 2
2013 3076 2111 3118 CA-

1243 3192 1298 3212 non
1317 3182 1414 3217 venit,
1428 3182 1483 3221 fid
1500 3182 1601 3218 transit
1619 3182 1654 3213 de
1673 3193 1760 3213 morte
1779 3183 1810 3213 in
1831 3183 1924 3214 vitam
1943 3205 1952 3213 .
1981 3183 2037 3215 ΜΓ.
2057 3183 2112 3220 Jol.
2135 3192 2168 3214 ut

1241 3222 1344 3261 supra:
1365 3231 1393 3253 at
1406 3224 1460 3261 sed
1479 3222 1613 3260 nausiet,
1635 3224 1698 3256 &aa
1719 3223 1805 3254 habet
1827 3233 1880 3263 pro
1900 3223 2032 3260 transibit
2046 3244 2055 3259 ‚
2086 3223 2114 3254 ἃ
2137 3226 2167 3255 in

1242 3263 1353 3293 vitam.
1373 3263 1431 3292 ΜΓ.
1452 3263 1569 3303 Remig.
1581 3263 1635 3302 sed
1653 3263 1770 3302 transit.

1281 3302 1301 3332 k
1321 3303 1377 3334 Ms.
1398 3303 1457 3338 Jol.
1477 3305 1546 3333 Haeo
1563 3303 1600 3341 est
1618 3305 1708 3332 mim.
1729 3302 1788 3333 Ms.
1807 3302 1896 3333 Corb.
1915 3303 1983 3331 Haec
2003 3301 2039 3339 est
2059 3311 2165 3331 autem:

1241 3343 1273 3373 δι
1293 3342 1356 3382 post
1377 3352 1470 3382 pauca
1490 3342 1558 3373 Mff.
1577 3343 1667 3374 Corb-
1687 3343 1717 3374 ὅτ
1740 3343 1856 3381 Remig.
1883 3341 1922 3373 <9-
1941 3352 1989 3382 ega
2009 3342 2168 3380 resqscitem

1240 3393 1318 3413 eum.
1336 3383 1438 3414 Ceteri
1460 3383 1577 3413 codices
1596 3391 1629 3413 ut
1649 3385 1680 3413 in
1702 3391 1803 3412 textu.
1951 3384 1954 3387 “

1277 3421 1287 3451 l
1309 3422 1367 3453 Ms.
1395 3423 1452 3458 Jol.
1472 3425 1514 3452 Ac
1533 3422 1643 3461 tunsus.
1662 3458 1664 3460 ,
1992 3432 1994 3434 ’

1276 3471 1306 3491 m
1328 3463 1483 3493 Editiones
1503 3463 1598 3502 Lugd.
1618 3460 1827 3495 Lov.Duac.&
1846 3460 1954 3491 Calon.
1972 3461 2020 3499 effe
2036 3469 2162 3501 partam.

1276 3511 1296 3531 n
1318 3503 1412 3542 Lugd.
1433 3502 1503 3533 edit.
1522 3503 1598 3541 quod
1615 3503 1672 3543 ipſs
1693 3504 1784 3542 cogis.

1229 3564 1234 3569 -
1274 3552 1295 3573 o
1314 3542 1371 3573 Ms.
1390 3543 1510 3581 Remig.
1530 3543 1569 3573 (9·
1587 3541 1731 3572 bimaris.
1751 3540 1907 3572 Editiones
1926 3540 2013 3581 Mog.
2030 3539 2063 3572 &
2085 3541 2162 3571 Ven.

1240 3581 1382 3612 omittunt
1403 3584 1480 3616 haec,
1501 3581 1542 3612 (¹9-
1560 3582 1696 3612 vincin's.
1717 3580 1812 3621 Lugd.
1839 3579 1870 3611 ἃ
1898 3583 2077 3612 recentiores
2094 3598 2110 3616 ‚⁴
2124 3583 2163 3613 Θ·

1239 3623 1360 3653 vinciris
1381 3623 1420 3654 &
1439 3621 1579 3656 mnceris,

1278 3673 1297 3702 p
1320 3661 1401 3692 Editi
1423 3662 1508 3700 Mog.
1527 3658 1557 3690 δι
1578 3662 1653 3691 Ven.
1677 3671 1731 3690 nnn
1744 3660 1893 3701 precedat.

1277 3712 1297 3742 q
1318 3701 1375 3732 Ms.
1397 3702 1511 3740 Remig.
1525 3708 1576 3740 per
1592 3702 1719 3741 gratiam
1745 3701 1865 3732 babetur
1879 3723 1888 3733 .

1238 3742 1325 3781 Mog.
1345 3741 1376 3773 &
1396 3742 1473 3771 Ven.
1490 3738 1562 3771 edit.
1579 3749 1630 3781 pro
1645 3741 1743 3781 gratia
1761 3740 1896 3772 habetur.
1919 3740 2000 3771 Idem
2025 3739 2081 3770 Ms.
2102 3739 2157 3775 Jol.

1236 3781 1363 3817 deinde,
1382 3793 1416 3812 ex
1436 3791 1551 3822 quotum
1570 3781 1670 3811 merito
1689 3781 1830 3821 naesbieur,
1852 3781 1885 3814 δε
1903 3782 2001 3822 postea
2020 3781 2104 3819 Mog-
2126 3778 2157 3808 δι

1235 3821 1315 3854 Veri.
1334 3823 1407 3863 quod
1424 3831 1492 3853 ante
1508 3821 1635 3863 gratiam
1654 3831 1710 3853 non
1727 3820 1826 3852 habet.
2126 3832 2144 3843 υ

1918 3700 1980 3736 Ms.
2008 3687 2078 3737 105(
2093 3709 2160 3730 cum
