2652 4126
587 168 1640 226 ADMONITIO.
1951 191 2052 240 113

138 255 269 339 poffe
293 255 577 334 affirmat,-(
616 259 809 338 quaeest¹
846 260 1008 338 haerefis
1048 262 1227 336 Pelagii
1263 283 1283 314 .·
1321 266 1342 332 )
1384 266 1584 320 Natam
1623 283 1728 318 vero
1761 303 1776 331 ,
1814 261 1915 338 quia
1953 260 2058 315 Ne·

135 335 292 416 florius
312 336 451 415 ,suam
491 363 574 396 non
623 335 844 414 ‹uulgavit
896 341 1080 419 haerefim
1110 384 1125 411 ,
1180 339 1262 415 nisi
1305 342 1404 421 post
1455 341 1684 398 damnatos
1733 342 2003 417 Pelagianos
2039 382 2056 396 .

143 426 293 493 Atque
314 416 445 490 ³adeo
477 414 573 492 cun}
612 422 658 474 in
697 419 823 497 istius
862 423 1104 498 Epitaphii
1141 422 1286 475 limine
1327 422 1642 500 Nestorianam
1682 421 1867 499 haerefim
1917 420 2056 475 Pela-

134 500 283 572 gianae
313 499 548 575 succeffiffe
591 497 758 576 dixiffet
777 543 791 569 ,
830 501 949 578 quafi
985 500 1249 583 postmodum
1289 516 1450 570 ortam,
1492 501 1600 577 quod
1647 525 1806 559 ‘vernem
1859 500 1920 581 est
1954 542 1971 571 ,
2013 499 2057 578 fi

139 576 263 634 illius
300 596 379 654 per
417 578 675 656 Nestorium
713 578 1058 655 divulgationem
1097 580 1358 660 confideres,
1394 579 1539 659 postea
1578 598 1724 638 tamen
1748 599 1973 658 utramque
1995 579 2058 659 fi-

140 659 234 712 mul
289 673 442 729 ortam·
476 659 553 736 effe
613 663 678 714 ait
712 702 727 729 ,
778 677 871 715 tum
930 660 977 714 ob
1034 661 1298 741 affinitatem
1339 660 1400 715 (Ἰ
1440 665 1773 735 cognationem,
1813 686 1903 740 quae
1944 663 2055 716 inter

139 737 352 814 utriusque
391 759 546 794 errores
583 738 831 811 intercedit,
873 757 968 796 tum
1008 745 1138 797 etiam
1177 743 1277 818 quia
1317 757 1417 795 ante
1472 741 1732 822 Nestorium
1782 742 2056 822 Nestoriana

139 817 313 894 haerefis
340 820 387 874 in
429 820 678 895 pelagiana
717 819 1006 877 continebatur
1046 841 1058 875 :
1100 837 1152 876 ut
1186 836 1311 897 patet
1349 843 1401 875 ex
1440 822 1625 897 Leporio
1665 824 1906 880 Gallicano
1938 823 2057 877 Mo-

137 898 270 952 nacho
286 941 300 968 ,
341 901 412 975 qui
451 922 545 954 cum
586 891 686 980 effet
725 902 969 977 Pelagiani
1009 899 1226 978 dogmatis
1266 902 1498 955 acerrimus
1521 900 1708 978 desenfhr
1724 950 1740 974 ,
1782 905 1907 957 illam
1923 906 2056 956 etiam

137 976 187 1031 ob
227 1000 354 1054 quam
389 979 538 1058 postea
578 979 813 1058 Nestorius
853 981 1091 1040 damnatus
1130 982 1195 1062 esi
1235 980 1422 1058 haerefim
1462 978 1603 1036 docuit
1640 1001 1655 1043 3
1689 979 1767 1054 fid
1808 981 2059 1059 Augustini

32 1051 49 1079 ²
133 1076 262 1134 opera
301 1057 362 1112 ad
392 1059 552 1132 sanam
593 1077 773 1115 mentem
815 1060 973 1117 rediit.
1016 1061 1249 1142 Nestorius
1280 1063 1410 1137 suam
1451 1059 1719 1137 divulgavit
1740 1060 1924 1138 haerefim
1941 1079 2056 1138 pau-

34 1139 41 1190 1
130 1138 172 1193 lo
206 1137 306 1216 post
345 1137 576 1197 damnatos
615 1141 882 1218 Pelagianos
922 1145 1032 1198 cirea
1073 1165 1238 1199 annum
1278 1163 1397 1214 429.

213 1219 322 1273 Hoc
361 1218 473 1274 idem
515 1222 813 1297 Epitaphium
852 1247 882 1278 a
922 1223 1134 1298 Prospero
1173 1224 1313 1303 nostro
1353 1223 1565 1299 utriusque
1608 1221 1776 1298 haerefis
1797 1223 1961 1277 tumulo
1977 1239 2057 1296 ap-

131 1299 314 1376 pensum
354 1317 538 1375 negarat
580 1303 653 1371 Ῑο.
693 1303 945 1358 Garnerius
983 1303 1082 1358 Soc.
1111 1306 1161 1375 ]
1162 1304 1232 1379 esu
1271 1307 1318 1359 in
1361 1322 1457 1378 cap.
1478 1323 1525 1373 7.
1545 1300 1704 1377 differt.
1725 1322 1774 1373 7.
1790 1300 1852 1356 ad
1897 1303 2059 1358 Marii

131 1380 404 1435 Mercatoris
444 1398 567 1456 opera
608 1403 633 1442 5
669 1381 810 1459 simile
850 1381 1059 1460 quiddam
1099 1387 1324 1457 aenigmati
1367 1381 1559 1457 proferri
1608 1380 1861 1438 contendens
1891 1425 1906 1453 ‚
1934 1404 2058 1437 -cum

133 1457 294 1515 dicitur
309 1503 326 1531 ,
368 1461 552 1515 alteram
592 1461 780 1542 haeresim
819 1465 1002 1518 alterius
1033 1460 1167 1538 fiaeiffe
1208 1477 1388 1515 matrem
1421 1460 1559 1538 simul
1608 1462 1670 1515 (3'
1712 1462 1860 1539 filiam
1900 1483 1918 1515 .·
1967 1485 2058 1538 quae

27 1531 47 1602 Ξ,
132 1540 341 1615 ingeniose
381 1540 549 1617 quidem
590 1539 716 1598 diffla
741 1542 926 1618 fatetur
941 1583 958 1612 ,
989 1538 1073 1615 fid
1113 1562 1217 1596 vere
1246 1538 1379 1617 suiffi’
1428 1553 1562 1613 negat
1604 1557 1615 1591 :
1645 1542 1831 1618 hincque
1875 1539 2058 1616 probare

127 1621 289 1676 nititur
329 1620 437 1698 quod
476 1644 505 1675 a
545 1625 668 1677 tertio
700 1623 856 1696 saeculo
891 1638 972 1697 per
1012 1619 1170 1675 deliria
1209 1618 1482 1693 samosateni
1506 1617 1770 1698 Nestorium
1796 1624 1923 1677 errori
1944 1640 2059 1700 prae-

129 1698 227 1754 ludi
266 1705 440 1775 caeperit
470 1744 486 1771 ,
518 1701 768 1776 subiicitque
820 1699 1015 1770 dandam
1064 1721 1108 1753 eo
1150 1698 1390 1775 faciliorem
1442 1701 1622 1755 eveniam
1672 1703 1822 1759 Poetae
1863 1701 2002 1781 nostro
2045 1745 2060 1771 ‚

127 1777 237 1855 quod
277 1781 364 1854 ipse
405 1803 560 1857 quoque
601 1780 851 1856 Cassianus
891 1781 938 1834 in
976 1776 1122 1834 eodem
1154 1781 1437 1855 peccaverit,
1479 1778 1540 1834 (ξδ’
1558 1779 1688 1853 suam
1720 1782 1766 1835 in
1798 1782 2064 1856 sententiam

126 1863 312 1914 traxerit
351 1863 536 1915 amicum
577 1862 769 1936 Leonem
809 1863 1066 1934 Magnum,
1104 1860 1292 1937 aliosque
1326 1856 1594 1939 postmodum
1627 1861 1783 1937 plures
1822 1882 1963 1917 eorum
1982 1884 2063 1917 au-

31 1968 36 1975 ·
125 1936 376 1992 Horitatern
407 1943 579 2010 secutos
591 1982 606 1995 .

207 2014 386 2090 Quibus
426 2040 508 2072 non
550 2018 814 2096 obstantibus
854 2023 944 2077 tale
983 2021 1228 2097 opusculum
1269 2023 1482 2098 Prospero
1537 2020 1876 2093 abjudicandum
1929 2039 2065 2099 negat

31 2150 35 2158 .
126 2096 424 2174 {Anthelmius
464 2097 625 2177 differt.
641 2120 695 2168 9.
712 2101 758 2154 in
787 2104 944 2176 Opera
974 2101 1065 2157 55.
1087 2103 1248 2165 Leonis
1290 2103 1351 2158 (9²
1393 2101 1598 2176 Prosperi
1616 2145 1631 2170 ‚
1670 2118 1765 2158 tum
1785 2118 1959 2180 propter
1985 2125 2065 2158 au-

129 2167 378 2236 &ritatem
419 2180 464 2232 C
467 2179 631 2254 affiani
671 2178 732 2234 θ’
774 2183 940 2236 Leonis
982 2184 1182 2256 Magni,
1223 2181 1373 2260 quibus
1402 2181 1447 2260 si
1487 2181 1560 2235 hoc
1599 2183 1723 2237 licuit
1775 2185 1880 2256 serio
1932 2181 2065 2258 disse-

129 2257 349 2329 rentibus,
389 2260 524 2315 multo
565 2258 863 2334 indulgentius
903 2263 1050 2316 Poetae
1091 2260 1415 2316 condonandum
1434 2303 1449 2331 ‚
1490 2283 1574 2316 non
1614 2276 1708 2317 tam
1748 2261 1811 2318 ad
1849 2261 2068 2342 Historia

126 2344 326 2410 normam
365 2340 580 2416 loquenti,
620 2362 749 2417 quam
789 2342 1045 2416 consepultis
1087 2339 1295 2397 erroribus
1337 2342 1506 2396 laxatis
1547 2340 1723 2399 habenis
1761 2342 2011 2420 inflatisque
2050 2384 2068 2412 ,

127 2433 190 2489 utj
216 2419 389 2496 ajunt,
421 2418 540 2476 tibiis
579 2422 750 2477 ‘volenti
791 2420 975 2477 illudere
989 2463 1003 2477 .
1043 2424 1253 2478 Maxime
1309 2444 1405 2477 cum
1455 2422 1540 2478 haec
1590 2423 1809 2498 utriusque
1867 2420 2069 2493 haereseos

132 2500 400 2573 comparatio*
433 2521 517 2555 non
549 2501 682 2574 fi’mel
721 2499 777 2554 ab
816 2525 860 2557 eo
900 2503 1110 2575 usurpata
1151 2499 1521 2572 deprehendatur,
1551 2499 1633 2571 sed
1674 2500 1736 2554 (ὕ
1767 2503 1823 2554 ⁴in
1855 2499 2068 2553 Chronico

131 2577 227 2654 ipso
264 2582 416 2633 narret
455 2578 565 2655 quod
622 2579 759 2653 apud
815 2581 1074 2655 Ephesum
1126 2575 1413 2631 Nestorius·
1450 2594 1572 2630 cum
1625 2575 1800 2634 haerefi
1839 2576 2067 2633 nominis

132 2656 239 2726 sui,
278 2657 333 2716 δε
372 2677 491 2713 cum
533 2656 711 2714 multis
754 2656 1073 2736 PelagianiS,
1115 2655 1206 2732 qui
1247 2667 1532 2734 cognatum
1573 2657 1742 2712 errori
1782 2657 1888 2729 suo·
1925 2660 2068 2726 juva-

133 2734 264 2792 bant
306 2737 530 2815 dogma,
571 2736 729 2792 fuerit
771 2738 1068 2806 damnatuS,
1113 2736 1175 2790 θ’
1218 2736 1328 2791 hane
1365 2733 1506 2811 ipsam
1544 2737 1762 2814 utriusque
1789 2739 1943 2792 erroris
1966 2759 2067 2795 con-

133 2817 458 2892 teſserationem
499 2815 713 2892 Cassiano
754 2817 974 2892 exprobret
1012 2815 1115 2871 libri
1153 2814 1368 2890 adversus
1408 2837 1503 2871 eum
1533 2816 1695 2892 ftripti
1735 2835 1831 2892 cap.
1860 2839 1928 2873 21.
1971 2818 2066 2871 Pet

133 2895 276 2953 hunc
315 2899 489 2954 virum
529 2905 551 2972 (
590 2894 872 2975 Caelestinum
909 2901 931 2968 )
971 2896 1130 2952 etiam
1173 2897 1466 2966 orientales
1498 2895 1720 2952 Ecclefiae
1746 2897 1954 2975 gemina
1981 2916 2068 2972 pe-

133 2975 207 3033 ste
248 2993 477 3059 purgatae
517 2978 634 3034 sunt
656 3021 672 3050 ,
713 2978 921 3053 quando
961 2977 1177 3052 Cyrillo
1232 2974 1589 3032 Alexandrinae
1637 2975 1777 3032 urbis
1827 2975 2068 3032 Antistiti

141 3059 589 3116 ad²·e5<ecrandam
629 3058 1000 3117 Nestorianam
1044 3057 1367 3134 impietatem
1391 3099 1408 3127 ‚
1448 3057 1753 3133 Apostolico
1794 3056 2067 3113 auxiliatus

141 3137 466 3218 estssgladio,
507 3160 614 3218 quo
655 3140 816 3195 etiam
866 3138 1130 3217 Pelagiani
1180 3136 1304 3193 dum
1354 3138 1603 3215 cognatis
1650 3136 2067 3194 confoederantur

145 3218 405 3281 ettoribus
421 3262 439 3292 ‚
478 3221 670 3277 iterum
710 3217 1178 3296 prosternerentur.
1218 3218 1323 3289 Quo
1363 3232 1506 3273 autem
1514 3218 1642 3295 sensu
1657 3220 1744 3274 haee
1759 3221 1874 3274 inter
1899 3234 2068 3273 utram-

148 3290 241 3376 que
263 3298 469 3379 affinitas
505 3299 789 3380 intelligenda
832 3302 987 3359 veniat
1016 3301 1115 3372 jam
1148 3299 1289 3376 supra
1321 3298 1418 3377 fust:
1451 3298 1567 3373 satis
1606 3302 1870 3377 explicatum
1909 3296 2065 3353 habes.

196 3835 202 3838 -
219 3837 223 3842 ν
274 3816 314 3856 S.
341 3814 495 3864 Prospera*
503 3839 515 3852 .
1588 3822 1623 3862 Β
1941 3819 2048 3857 SAN-
