2652 4126
557 200 911 259 IGNoTi
963 212 1462 261 AUCTORIS
1515 201 2024 262 EPISTOLA.

146 311 298 351 2402„sp
317 294 368 334 lus
384 293 482 331 docet
498 294 632 337 dicens,
658 294 788 339 Scimus
807 293 884 341 quia
904 307 943 329 ex
963 294 1032 331 Deo
1047 292 1174 338 sumus,
1200 293 1244 327 (θ’

148 346 201 388 19.'
316 343 453 378 mundus
470 354 558 379 totus
577 343 611 378 in
623 344 763 391 maligno
770 342 963 391 positusest.
989 345 1035 380 Et
1043 342 1162 390 fiximus
1170 354 1243 389 quo-

315 392 404 429 niam
424 393 531 429 Filius
547 393 614 430 Dei
633 395 745 436 venit,
771 393 814 429 Θ·
835 394 926 428 dedit
938 393 1026 430 nobis
1038 392 1182 438 sensumt
1207 401 1243 427 ut

6 484 11 491 ‚
314 443 537 491 cognoscamus
557 453 672 478 verum
692 443 799 480 Deum
813 469 823 486 ,
847 445 890 480 dv·
898 442 1000 486 fimus
1017 442 1051 477 in
1069 454 1148 476 vero
1157 442 1244 477 Filio

4 494 13 543 ξ
315 494 406 538 ejus.
433 493 539 539 Quod
555 496 671 542 utique
688 505 778 530 nunc
795 494 909 532 eadem
928 497 1071 542 potentia
1081 495 1246 532 Dominus

5 545 12 591 l
138 551 233 583 Meet.
249 554 297 585 ιε.
316 543 534 582 indesinenter
548 552 730 591 operatur,
755 555 819 591 qua
837 548 903 587 ait,
926 544 1006 578 Ecce
1016 554 1071 589 ego
1081 541 1247 588 vobiscum

5 599 11 615 ⁸
138 601 186 623 ²0·
311 594 385 678 stirp¹
400 593 548 634 omnibus
567 589 681 635 diebus
700 591 796 639 usque
816 596 862 629 ad
878 591 1169 639 consummationem
1188 591 1247 638 sae·

316 656 356 679 cu
371 657 383 678 ι
396 671 405 680 .
462 669 464 671 -
530 679 533 685 ,
818 665 819 668 =

3 699 6 701 ’
53 686 73 744 ’,κ
138 708 298 743 011³.le
363 696 536 743 UTvergo
560 691 819 732 misericordiam
847 697 912 738 Dei
940 705 1118 742 quaeramus
1135 717 1146 736 ‚
1180 694 1246 730 Dei

20 766 21 775 π
63 754 67 762 ’
159 753 196 781 In
218 754 300 783 nullo
316 744 535 784 misericordia
555 742 622 786 est,
645 748 703 790 qui
723 747 789 787 ait,
818 743 999 789 Miserebor
1025 743 1078 777 cui
1097 741 1244 788 misertus

136 791 238 836 gratiae
265 803 298 824 o·
317 806 390 839 ero,
415 791 728 839 &vuisericardiam
744 791 903 839 praestabo
920 792 973 828 eui
998 791 1245 838 misericordiam

131 839 264 902 {22:¹¹ssss
313 841 517 891 prestiteross
534 842 631 880 Unde
649 846 731 880 mire
751 856 809 892 per
829 846 1001 886 Ieremiam
1020 843 1108 880 idem
1127 845 1245 879 Domi-

143 909 276 943 humana·
305 905 376 941 *nus
393 891 578 935 manifestat
597 916 608 936 ,
633 893 723 941 quod
745 896 812 933 Dei
840 898 973 942 gratiam
1001 905 1100 929 nemo
1128 904 1246 939 preve·

138 951 290 983 voluntate
314 946 384 989 aiat
406 946 527 981 merito
566 942 625 981 suo
651 955 666 984 3
696 943 749 981 sed
778 955 915 993 propter
941 942 1152 980 dileetionem
1180 954 1245 988 qua

128 992 278 1038 preveni·
314 996 409 1032 Deus
425 993 558 1040 diligit,
582 995 682 1031 etiam
699 993 827 1032 aversos
850 993 890 1031 ad
909 992 1167 1030 misericordiam
1183 1003 1245 1028 tra-

136 1041 218 1102 {aiod
314 1041 353 1081 hi
377 1059 386 1081 =
414 1042 597 1082 Dilefflone
617 1068 627 1086 ‚
652 1047 790 1092 inquit,
823 1053 940 1079 aeterna
967 1041 1117 1077 dilexite
1143 1055 1154 1080 t
1176 1050 1250 1087 pro.

144 1121 193 1148 ¹9·
215 1093 225 1103 ’
248 1080 298 1110 33⁸
311 1101 429 1140 pterea
445 1092 537 1128 traxi
555 1102 587 1136 te
613 1093 660 1127 ad
688 1091 916 1139 miserationem
942 1107 953 1132 3
978 1091 1056 1138 quia
1082 1089 1245 1134 aedtficabo

133 1152 297 1190 Rom.9.t5.
315 1152 369 1187 te,
396 1139 440 1176 Θ·
458 1142 690 1188 edificaberis,
718 1142 816 1189 virgo
845 1141 963 1189 Israel.
988 1144 1056 1180 Cui
1084 1140 1246 1178 sententia:

125 1191 294 1232 Imm-3¹3
316 1197 457 1240 Ioannes
473 1207 611 1244 quoque
627 1193 795 1242 apostolus
815 1196 988 1241 congruit,
1011 1192 1144 1234 dicens,
1170 1190 1244 1224 Non

141 1231 299 1302 {alvan-4·
314 1242 411 1291 quasi
438 1256 496 1287 nos
522 1243 731 1280 dilexerimus
759 1243 865 1278 Deum
884 1267 895 1286 ‚
916 1241 977 1288 sed
1003 1240 1154 1288 quoniam
1181 1239 1244 1286 ipse

184 1292 193 1302 '
314 1292 437 1330 dilexit
455 1307 532 1333 nos.
559 1298 605 1335 Et
624 1294 730 1338 infra,
754 1293 826 1333 Nos
846 1303 921 1339 ergo
939 1290 1114 1338 diligamus
1126 1291 1245 1333 Deum,

313 1344 465 1391 quoniam¹
486 1346 579 1386 Deus
600 1343 692 1390 prior
717 1342 832 1385 dilexit
858 1353 913 1376 nos
932 1366 942 1377 .
968 1341 1083 1380 Paulus
1112 1353 1247 1389 quoque

208 1432 212 1439 ‚
313 1393 488 1443 apostolus
507 1399 545 1433 in
563 1394 677 1432 eadem
694 1392 741 1432 est
759 1392 936 1436 sententia,
962 1393 1076 1429 dicens
1101 1395 1135 1427 in
1165 1393 1246 1438 Epi-

136 1433 251 1504 ²3·Tg²·
271 1441 297 1463 ¹·
313 1442 396 1486 stola
413 1445 457 1484 ad
470 1470 473 1472 -
487 1442 709 1485 Timotheum
736 1443 874 1482 secunda
892 1468 905 1487 ,
930 1441 1103 1478 collabora
1133 1441 1247 1475 Evan-

163 1492 171 1501 '
247 1482 267 1511 9
268 1494 277 1505 ⁸
308 1493 397 1542 gelio
410 1493 588 1542 secundum
606 1492 763 1533 virtutem
782 1492 869 1537 Dei,
894 1491 950 1538 qui
967 1504 1020 1526 nos
1050 1489 1210 1526 liberavit
1233 1515 1248 1534 ,

314 1543 364 1581 Φ*
377 1545 522 1583 vocavit
541 1543 710 1580 vocatione
722 1541 844 1590 sanRa
874 1556 885 1578 t
909 1554 970 1576 non
982 1541 1158 1587 secundum
1176 1548 1247 1587 ope-

315 1605 357 1632 ra
375 1593 486 1638 nostra
500 1621 511 1640 ,
527 1593 591 1640 sed
600 1592 775 1640 secundum
782 1590 980 1640 propositum
996 1591 1093 1636 suum
1109 1591 1152 1626 &¹
1167 1602 1247 1637 gra·

313 1643 427 1691 tiam,
452 1655 526 1692 quae
541 1644 623 1680 data
641 1642 685 1687 est
704 1641 795 1678 nobis
822 1652 893 1677 ante
922 1651 1064 1688 tempora
1094 1651 1213 1675 aeterna
1238 1668 1248 1677 .

316 1695 378 1736 Ad
399 1699 527 1739 Titum·
535 1698 638 1738 ⁴etiam
655 1692 798 1734 scribens
815 1693 935 1735 docet,
961 1692 1054 1730 nullo
1074 1690 1168 1730 bono
1184 1689 1247 1728 ho-

129 1750 200 1783 Tic,
218 1759 248 1789 ³·
268 1758 300 1791 3·
318 1749 417 1785 minis
437 1749 560 1790 merito
589 1748 653 1784 Dei
681 1748 819 1794 gratiam
849 1746 1037 1791 praeveniri.
1065 1742 1203 1775 Erannos
1236 1765 1248 1784 ‚

135 1790 252 1833 ΘΜ·
319 1799 455 1845 inquit,
479 1793 523 1829 θ’
542 1807 600 1829 nos
618 1793 805 1841 insipientes
824 1793 1024 1840 aliquando,
1050 1788 1212 1826 increduli
1235 1815 1247 1834 ,

318 1854 487 1890 errantes,
505 1843 690 1892 servientes
701 1842 869 1888 desideriis
886 1842 930 1880 Ο·
946 1840 1168 1889 voluptatibus
1186 1852 1247 1875 va-

318 1893 382 1931 riis
401 1919 412 1938 ‚
447 1893 481 1929 itt
509 1894 640 1931 malitia
665 1897 709 1929 δ’
738 1893 871 1929 invidia
890 1902 1016 1941 agentes
1037 1918 1047 1936 ,
1072 1891 1210 1928 odibiles
1237 1915 1248 1934 ,

319 1944 462 1982 odientes
478 1943 643 1981 invicem.
671 1945 754 1981 Cum
772 1952 878 1979 autem
905 1942 1093 1991 benignitas
1118 1941 1161 1978 Θ·
1189 1939 1247 1976 hu-

316 1994 460 2031 manitas
479 1995 636 2042 apparuit
654 1994 846 2031 salvatoris
865 1992 962 2036 nostri
987 2007 999 2028 .-
1025 2003 1084 2026 non
1112 2003 1151 2024 ex
1179 2000 1248 2037 ope-

316 2041 411 2078 ribus
422 2043 637 2089 justitiaeque
648 2042 787 2086 fecimus
804 2055 861 2077 nos
872 2068 884 2086 ,
905 2042 963 2089 sed
974 2040 1249 2088 fieundumsuam

317 2089 573 2136 misericordiam
584 2087 700 2134 salvos
719 2102 775 2124 nos
797 2092 898 2135 fecit,
922 2101 982 2136 per
1007 2092 1178 2125 lavacrum
1205 2102 1253 2125 re-

264 2171 266 2173 ,
315 2138 536 2188 generationis
556 2137 847 2185 Spiritus-sitnm,
871 2150 962 2184 quem
979 2139 1098 2184 effudit
1126 2139 1254 2173 abunde

276 2225 278 2227 ,
318 2189 355 2226 in
374 2201 430 2225 nos
440 2198 501 2237 per
514 2188 627 2236 Iesum
645 2187 1052 2231 Christum-salvatorem
1079 2187 1217 2229 nostrum
1243 2211 1255 2230 ,

317 2248 356 2277 ut
370 2237 538 2283 justificati
553 2237 666 2286 gratia
694 2235 792 2285 ipsius
809 2263 822 2282 ‚
856 2236 996 2271 heredes
1012 2235 1120 2279 simus
1142 2236 1255 2282 secun-

317 2287 397 2324 dum
411 2288 500 2335 spem
521 2288 605 2325 vitae
623 2298 764 2327 aterne.
791 2291 919 2326 Omnis
938 2291 1041 2335 igitur
1059 2286 1257 2326 illuminata-

315 2351 394 2377 rum
413 2342 577 2378 mentium
597 2342 671 2388 pius
698 2349 810 2377 motus
828 2364 841 2383 ‚
866 2338 996 2376 alienari
1024 2338 1161 2386 quidem
1186 2348 1256 2374 non

315 2388 430 2436 potest
454 2403 473 2430 a
501 2393 636 2438 propria
662 2388 810 2430 hominis
837 2388 1009 2426 voluntate
1033 2401 1045 2427 3
1070 2387 1093 2425 fi
1121 2387 1257 2436 quidem

318 2435 408 2472 nihil
424 2439 514 2473 reete
534 2439 635 2477 faciet
652 2465 667 2483 ‚
690 2439 748 2476 nisi
775 2439 869 2487 quod
897 2439 1013 2476 volens
1038 2441 1142 2483 egerit
1168 2452 1178 2474 z
1203 2436 1257 2473 sed

320 2494 362 2523 nt
378 2484 420 2521 ad
439 2485 473 2521 id
492 2485 585 2532 quod
603 2499 735 2532 aequum
752 2491 786 2523 δε
804 2487 886 2523 utile
913 2487 960 2524 est
978 2511 989 2528 ,
1014 2489 1113 2522 animi
1143 2485 1256 2521 tendat

322 2536 467 2573 intentio
491 2546 504 2573 i
527 2533 571 2570 de
589 2533 677 2570 illius
694 2545 822 2571 aeternat
840 2531 1172 2577 &incommutabilis
1193 2545 1254 2567 vo·

143 2577 308 2618 Quomodo
322 2582 460 2621 luntatis
476 2583 686 2632 inspiratione
703 2586 910 2630 concipitur.
935 2586 981 2620 Et
1000 2583 1081 2617 sicut
1098 2591 1167 2616 arte
1186 2591 1256 2615 me·

91 2657 95 2660 ·
146 2619 308 2692 {2³1stthoe
325 2634 391 2672 dici
410 2633 449 2672 fit
468 2637 503 2678 in
531 2633 637 2670 oculis
661 2630 874 2680 caligantibus
892 2656 905 2674 ,
931 2641 968 2667 ut
995 2630 1116 2677 posunt
1144 2627 1256 2664 videre

148 2700 184 2732 ᾗ,
206 2710 245 2730 no
266 2700 291 2730 j,
326 2683 420 2732 quod
439 2695 508 2720 non
527 2683 663 2727 vident,
688 2694 749 2720 nec
769 2693 876 2719 tamen
895 2692 963 2717 non
974 2679 1120 2727 ipsorum
1140 2677 1188 2714 est
1206 2680 1255 2714 vi-

144 2746 293 2821 eezt.
327 2734 500 2821 strui?
517 2733 692 2820 retr
721 2730 937 2769 ¹
972 2727 1259 2815 ‘reiteret

149 2819 284 2853 ‘maus'
327 2795 473 2871 galidii&
489 2795 630 2880 tei-{itui-
647 2795 724 2876 'usi
747 2795 808 2870 ΕΞ..
816 2792 1050 2867 νεξειιηΙυὲἰηε
1081 2825 1258 2864 tenebrose

328 2884 394 2930 jam
412 2886 447 2921 &
464 2882 653 2921 deficientes
669 2882 810 2920 lucernae
837 2879 947 2917 lumen
976 2881 1139 2926 accipiunt
1165 2890 1176 2916 3
1200 2889 1259 2913 nec

328 2944 439 2971 tamen
460 2932 517 2968 nifi
537 2932 680 2979 ipssrum
701 2935 762 2969 erit
779 2929 943 2980 quidquid
961 2928 1101 2976 fulgoris
1127 2939 1260 2975 accepe-

330 2986 417 3021 rint.
447 2982 543 3020 Unde
562 2982 643 3019 dicit
660 2985 848 3024 Dominus,
873 2980 981 3027 Ignem
1001 2976 1083 3012 veni
1094 2977 1217 3011 minere
1225 2975 1259 3010 in

332 3043 476 3077 terram,
501 3030 544 3066 Θ
565 3030 647 3078 quid
666 3032 742 3066 volo
761 3030 822 3073 uisi
850 3038 888 3063 ut
914 3028 1031 3064 ardeat
1057 3031 1072 3066 Ξ·
1094 3030 1140 3065 Et
1170 3027 1260 3064 idem

331 3082 449 3131 jubet,
471 3093 508 3119 ut
533 3081 673 3121 lucernae
697 3081 814 3120 nostrae
840 3079 902 3117 fint
924 3078 1050 3128 semper
1077 3078 1223 3115 ardentes
1247 3101 1261 3121 ,

0 3170 8 3184 Ἰ,
333 3144 372 3172 ut
390 3133 511 3170 seilicet
530 3132 676 3180 superno
691 3136 766 3180 igne
784 3130 933 3169 accensus
951 3132 1075 3167 animus
1094 3140 1162 3165 non
1171 3139 1258 3176 tepe-

2 3188 39 3231 ig'
334 3184 400 3222 scat
417 3210 431 3229 ‚
463 3182 522 3220 sed
545 3181 671 3220 studeat
698 3182 825 3231 semper
838 3180 951 3218 ardere
976 3195 986 3216 t
1012 3192 1048 3216 ac
1067 3178 1089 3215 fi
1108 3181 1258 3225 vigorem

0 3232 6 3246 ’“
336 3237 404 3278 eius
429 3233 538 3281 aliqua
563 3231 702 3270 turbarit
728 3231 898 3281 adversitas
924 3243 941 3271 ;
965 3229 1054 3266 unde
1081 3231 1186 3277 coepit
1212 3231 1259 3264 in·

337 3285 519 3326 flammari,
543 3282 619 3320 inde
637 3282 749 3331 poseat
768 3285 883 3330 igniri.

158 3334 234 3367 CAP·
250 3332 320 3378 XV?
384 3334 710 3382 PROINDEquia
727 3331 975 3369 manifestiffime
994 3333 1028 3366 δι
1050 3326 1261 3377 Prophetica,

159 3375 234 3406 ¹⁶⁶⁰
258 3374 319 3404 ‘¹³¹¹
337 3389 372 3422 δε
391 3382 611 3431 Evangeli'ca,
634 3381 872 3442 &Apostolica
881 3381 1052 3422 doctrina,
1078 3391 1136 3415 nec
1150 3378 1260 3426 supet-

127 3470 130 3473 .
161 3423 301 3486 Pffiffi'ut
337 3434 400 3472 bos
418 3446 479 3470 nos
495 3432 568 3469 vult
584 3429 662 3470 effe.
690 3445 749 3468 nec
766 3431 889 3469 desides
913 3444 924 3470 3
948 3440 1181 3478 cooperatores
1200 3440 1261 3464 nos

155 3464 327 3536 1¹»)raecipien-
339 3483 399 3521 effe
418 3493 554 3532 oportet
571 3485 682 3528 gratiae
703 3472 791 3526 Dei,
815 3493 852 3518 ut
868 3481 954 3519 illam
973 3482 1190 3523 excitantem,
1214 3480 1263 3526 ju-

164 3536 205 3566 tis
218 3544 322 3578 quaera-
341 3545 493 3578 vantem,
518 3530 776 3578 locupletantem
795 3557 806 3575 ,
830 3537 866 3568 δε
893 3530 1046 3579 quotidie
1073 3527 1262 3577 provehen-

165 3582 214 3605 ω’
240 3584 324 3619 ““’“ῗ
341 3596 407 3623 tem
419 3610 430 3629 ‚
454 3582 627 3631 vigilanter
645 3583 679 3617 &
698 3579 805 3617 sobrie
814 3579 1063 3629 subsequamun
1083 3591 1265 3627 numquam

166 3615 260 3687 223:ss
275 3623 324 3646 cu¹
339 3633 490 3718 cessangfs
504 3631 549 3716 {b
565 3631 693 3724 Jffione
712 3634 889 3678 gratiarum
913 3646 927 3669 .-
951 3632 1027 3678 quia
1043 3631 1129 3666 inter
1154 3628 1266 3666 secun.

467 3713 475 3721 .
537 3693 570 3716 ro
582 3689 652 3726 peri
663 3707 672 3716 .

155 3007 240 3050 [utu
248 3026 271 3046 2.
278 3026 314 3053 49

157 3056 266 3094 ibid-9.
268 3065 283 3096 3
288 3065 315 3096 5.

1 3767 38 3806 δὲ)

14 3870 28 3907 Jv

0 3795 42 3916 {t

0 3888 46 4126 i

0 4078 6 4126 i

2121 223 2144 276 S
2159 224 2186 259 2
2197 227 2225 275 9

1304 296 1345 332 da
1365 300 1439 334 vitae
1458 297 1548 335 istius
1564 302 1601 335 δι
1619 297 1750 335 adversi
1768 323 1779 340 ‚
1805 295 1925 344 quibus
1953 297 2080 342 gemini
2104 294 2228 342 semper
2244 311 2408 345 obediendo

1302 351 1480 383 tentatione
1499 347 1684 396 pulsamur,
1708 347 1731 384 fi
1754 347 1968 395 proficimus,
1994 343 2070 380 inde
2088 342 2227 380 alimum
2246 361 2380 392 coopere-

1303 395 1326 431 fi
1353 395 1468 434 stamus
1487 425 1499 443 ,
1525 398 1601 434 inde
1627 397 1820 435 subfistimus
1843 410 1854 436 3
1878 396 1901 433 fi
1929 393 2128 437 recidimus,
2154 393 2230 428 inde
2248 399 2312 423 tur·

1303 458 1492 492 reparamur
1509 476 1517 484 .
1552 450 1647 484 Dicit
1673 451 1760 484 enim
1792 449 1929 496 Spiritus
1954 457 2012 494 per
2028 441 2230 492 prophetam

1305 496 1440 542 David,
1465 497 1503 531 A
1517 496 1656 533 Domino
1671 496 1793 544 greffus
1813 494 1947 531 hominis
1957 493 2162 541 dirigentur,
2185 490 2231 525 Φ·
2245 509 2294 551 Pl:
2304 512 2401 551 3⁶·23·

1307 544 1398 578 viam
1419 547 1488 590 ejus
1506 546 1618 581 volet.
1644 547 1728 580 Cum
1753 545 1903 581 ceciderit
1930 555 1990 578 non
2017 542 2188 578 collidetur
2212 555 2231 584 ;

1307 594 1384 639 quia
1404 595 1558 630 Dominus
1570 596 1724 643 supponit
1741 608 1870 630 manum
1882 595 1994 642 suam.
2017 598 2100 631 Non
2119 596 2231 640 itaque

1305 643 1423 682 frustra
1443 650 1632 695 praecipitur
1650 658 1688 684 ut
1707 646 1788 684 boni
1815 646 1912 683 fimus
1928 671 1941 689 ‚
1965 657 2043 681 cum
2068 644 2192 681 dicitur
2215 667 2229 686 ,

1305 694 1444 729 Declina
1463 708 1484 728 a
1504 696 1608 739 malo,
1633 694 1676 730 (9'
1692 696 1748 741 sac
1765 697 1881 731 bonum
1897 721 1908 730 .
1933 695 1997 731 Sed
2024 706 2086 731 nec
2111 691 2228 730 frustra
2245 705 2406 745 uffan·

1304 756 1364 791 per
1382 748 1555 788 Jeremiam
1572 747 1653 784 dicit
1672 750 1860 790 Dominus,
1885 745 2047 780 Timorem
2057 753 2160 777 meum
2169 741 2227 776 da·
2240 751 2407 790 Jamqu-

1303 794 1342 827 bo
1362 794 1395 828 in
1415 806 1467 829 cor
1484 807 1588 830 eorum
1600 823 1610 840 ‚
1636 795 1679 830 (9⁶
1697 795 1836 837 visitabo
1854 808 1906 830 eos
1917 820 1927 839 ‚
1953 804 1990 828 ut
2007 794 2103 828 honos
2121 803 2170 826 eos
2175 792 2228 837 fa·
2245 801 2295 825 40·

1304 842 1404 881 ciam.
1431 848 1504 882 Nec
1523 847 1685 895 superflua
1701 858 1769 884 erat
1788 849 1969 894 praeceptio
1988 844 2077 882 Pauli
2097 842 2228 892 aposto·

1305 892 1328 930 li
1340 894 1389 948 ‘ad
1407 897 1580 947 Romanos
1597 897 1756 941 dicentis,
1781 896 1861 930 Noli
1881 895 1975 928 vinci
1993 907 2013 927 a
2033 893 2116 926 malo
2136 918 2149 936 ,
2169 891 2229 938 sed
2246 910 2405 941 Ram-¹23¹

1305 954 1400 977 vmce
1424 955 1457 977 m
1482 943 1561 978 bono
1588 941 1707 979 maliem
1740 959 1756 987 ;
1788 959 1867 983 cum
1895 942 2080 982 Corinthiis
2106 943 2193 980 dicat
2218 951 2405 988 ,2.Cor.t3.7

1308 994 1444 1027 Oramus
1461 1003 1569 1028 autem
1586 995 1632 1028 ad
1650 995 1757 1029 Deum
1769 1021 1780 1037 ‚
1806 1004 1843 1029 ut
1864 993 1946 1028 nibil
1965 993 2044 1027 mali
2059 992 2196 1036 faciatis
2220 1015 2232 1028 .

1307 1046 1348 1080 In
1378 1042 1530 1080 omnibus
1554 1048 1642 1081 enim
1671 1048 1807 1081 monitis
1834 1048 1899 1082 Dei
1918 1056 2016 1091 atque
2034 1043 2193 1079 mandatis
2219 1067 2232 1086 ,

1307 1105 1370 1130 una
1387 1094 1564 1142 eademque
1584 1098 1670 1131 ratio
1688 1094 1734 1131 est
1750 1098 1785 1131 δι
1803 1095 1922 1131 divinae
1946 1098 2053 1141 gratiae
2071 1117 2083 1135 ,
2107 1097 2140 1128 δι
2170 1089 2234 1127 hu·

1305 1155 1404 1180 manae
1422 1142 1636 1182 obedientiae.
1662 1147 1735 1183 Nec
1759 1143 1804 1180 ob
1834 1144 1923 1182 aliud
1952 1155 2109 1192 umquam
2136 1141 2232 1178 datur

1308 1205 1530 1242 praeceptum,
1554 1194 1611 1230 nifi
1642 1205 1679 1230 ut
1706 1205 1871 1242 quaeratur
1901 1195 2116 1242 praecipientis
2142 1193 2233 1227 auxi-

1307 1244 1410 1280 lium.
1435 1247 1546 1281 Voces
1567 1247 1652 1280 enim
1672 1244 1890 1287 docentium,
1915 1247 1951 1280 δι
1969 1243 2087 1279 litterae
2104 1244 2232 1289 pagina·

1307 1307 1404 1336 rum,
1430 1306 1503 1341 quae
1520 1295 1559 1331 ad
1579 1294 1796 1332 eruditionem
1813 1294 2017 1331 audientium
2045 1289 2096 1328 vel
2124 1290 2234 1338 legen-

1306 1347 1390 1380 tium
1410 1346 1487 1380 Deo
1503 1344 1676 1389 serviunt,
1701 1357 1768 1380 non
1795 1355 1905 1380 carent
1932 1345 2000 1388 ejus
2027 1346 2149 1378 virtute
2177 1343 2233 1377 cui

1306 1392 1470 1432 terviuntt
1495 1398 1529 1431 δε
1553 1395 1686 1442 quando
1704 1395 1737 1430 id
1756 1394 1849 1441 quod
1867 1392 2000 1439 jubetur
2020 1391 2061 1428 ab
2077 1389 2234 1426 obedien-

1307 1454 1340 1480 te
1369 1444 1539 1491 perficitur
1557 1469 1569 1487 ‚
1604 1456 1683 1482 tunc
1711 1442 1843 1481 effeaus
1869 1444 1972 1480 divini
1999 1443 2112 1491 operis
2129 1439 2234 1477 deela-

1306 1505 1414 1531 ratur.
1795 1526 1800 1530 .
1974 1511 1975 1514 ¹

1357 1545 1600 1584 VIGILANT
1623 1558 1731 1584 autem
1750 1544 2055 1583 tentatoris‘insidiae
2073 1570 2086 1588 ,
2119 1553 2158 1580 ut
2175 1539 2232 1579 ubi
2249 1539 2403 1574 CAP·XV1

1308 1595 1442 1644 proficit
1460 1598 1620 1640 devotio,
1646 1597 1790 1645 surrepat
1808 1596 1931 1639 elatio,
1955 1600 1990 1631 δε
2009 1608 2046 1633 ut
2065 1594 2175 1632 homo
2193 1592 2234 1628 de
2269 1582 2412 1650 Qruant-o-

1306 1645 1399 1683 bono
1418 1658 1521 1693 opere
1542 1650 1574 1682 in
1593 1648 1622 1684 se
1645 1651 1756 1695 potius
1775 1659 1876 1694 quam
1894 1650 1928 1682 in
1947 1649 2101 1682 Domino
2117 1644 2234 1691 glorie·
2251 1631 2413 1690 eenedacafit

1310 1707 1383 1733 tur.
1409 1696 1470 1732 Sed
1491 1696 1679 1733 sollicitudo
1697 1709 1760 1732 nos
1778 1695 1936 1743 Apostoli
1952 1708 2070 1732 contra
2083 1692 2153 1731 hoc
2181 1704 2234 1738 pe·
2251 1703 2282 1731 in
2307 1700 2394 1729 bonis

1308 1746 1451 1782 ticulum
1473 1757 1611 1790 monet,
1635 1746 1769 1790 dicens,
1795 1747 1880 1778 Cum
1907 1743 2017 1777 timore
2036 1744 2080 1778 (θ’
2099 1751 2234 1777 tremore
2250 1740 2387 1778 operibus

1308 1797 1450 1837 vestram
1471 1794 1611 1840 salutem
1639 1793 1846 1840 operamini.
1880 1794 1972 1828 Deus
2001 1792 2044 1836 est
2069 1793 2153 1827 enim
2180 1786 2236 1835 qui
2252 1780 2415 1823 ‘⁷¹²⁸qu

1309 1854 1459 1892 oporatur
1477 1846 1510 1878 in
1531 1845 1628 1879 vobis
1645 1843 1691 1878 θ’
1712 1843 1800 1878 velle
1818 1843 1862 1877 θ
1881 1843 2010 1890 operari
2031 1867 2040 1884 ,
2062 1852 2122 1888 pro
2150 1840 2235 1874 hona
2251 1828 2381 1890 ἓξὲξ,-

1309 1895 1498 1932 voluntate.
1524 1898 1665 1942 Quanto
1683 1907 1764 1942 ergo
1782 1893 1994 1931 excellentius
2013 1896 2046 1929 in
2077 1891 2235 1930 mandatis
2253 1901 2315 1940 pit.

1307 1949 1372 1984 Dei
1391 1948 1516 1992 quique
1536 1945 1735 1993 proficiunt,
1760 1957 1855 1982 tanto
1873 1947 2011 1990 majores
2021 1941 2142 1980 habent
2151 1938 2238 1977 caus-
2258 1939 2363 1979 Philip.
2384 1946 2415 1969 2.

1308 1995 1354 2032 fis
1375 1995 1562 2031 formidinis
1579 1999 1614 2033 δε
1636 1998 1791 2032 tremoris
1818 2008 1830 2026 :
1857 2007 1896 2029 ne
1915 1994 1955 2029 de
1975 1993 2048 2039 ipsis
2066 1990 2240 2038 probitatis
2257 1988 2314 2012 ¹·2·

1311 2049 1491 2093 augmentis
1510 2058 1598 2081 mens
1619 2044 1675 2081 fibi
1695 2044 1842 2086 conscia,
1869 2047 1902 2078 &
1925 2042 2028 2079 laudis
2054 2041 2146 2078 avida
2165 2064 2177 2082 ‚
2202 2041 2238 2074 in

1311 2096 1467 2144 superbiae
1487 2099 1631 2143 rapiatur
1648 2093 1810 2136 excessus,
1835 2097 1868 2129 δι
1889 2093 1943 2128 fiat
1962 2091 2133 2129 immunda
2150 2090 2242 2126 vani·

1314 2157 1399 2185 tate,
1423 2146 1504 2181 dum
1524 2144 1581 2180 fibi
1602 2145 1735 2181 videtur
1754 2144 1839 2180 clara
1858 2145 1981 2178 virtute
2001 2170 2009 2178 .
2034 2141 2096 2178 Sed
2121 2149 2241 2177 eontra

1315 2194 1383 2230 hoc
1403 2193 1589 2241 periculum
1606 2194 1688 2240 quid
1707 2193 1820 2229 beatus
1839 2196 1952 2229 Petrus
1969 2194 2004 2228 in
2034 2194 2141 2239 prima
2159 2190 2242 2236 Epi-

1317 2243 1399 2280 stola
1417 2244 1593 2292 praedicet,
1617 2243 1784 2281 audiamus
1810 2257 1819 2278 ε
1846 2242 1972 2287 Siquis
1989 2268 2002 2286 ,
2026 2244 2134 2291 inquit
2153 2266 2168 2286 ,
2199 2238 2242 2271 lv·
2261 2258 2371 2289 ¹‘pem
2392 2264 2423 2291 4·

1316 2292 1427 2340 quitur
1440 2318 1451 2336 ,
1476 2301 1642 2340 tamquam
1657 2293 1817 2340 sermones
1827 2292 1912 2326 Dei:
1930 2290 1964 2333 si
1981 2291 2053 2338 quis
2073 2288 2244 2332 ministrat,
2263 2310 2310 2332 „⁸

1315 2354 1479 2390 tamquam
1497 2356 1534 2378 ex
1556 2342 1680 2377 virtute
1699 2355 1794 2389 quam
1820 2340 2029 2382 administrat
2054 2341 2147 2375 Deus
2174 2352 2182 2372 ε
2210 2345 2245 2372 ut

1316 2394 1353 2427 in
1369 2393 1513 2428 omnibus
1531 2391 1755 2434 honorificetur
1773 2392 1867 2424 Deus
1882 2400 1940 2434 per
1952 2390 2059 2434 Iesum
2069 2387 2246 2430 Christum,

1316 2441 1371 2476 cui
1388 2441 1432 2484 est
1444 2440 1554 2486 gloria
1574 2439 1618 2472 O*
1634 2438 1802 2483 imperium
1819 2437 1854 2469 in
1867 2436 1986 2480 saecula
2005 2461 2014 2471 .
2049 2441 2137 2473 Item
2156 2437 2244 2472 idem

1317 2494 1352 2527 &
1380 2494 1415 2526 in
1444 2488 1593 2535 Epistola
1620 2486 1758 2523 secunda
1780 2510 1791 2528 ‚
1817 2484 1938 2518 Gratia
1956 2509 1968 2528 ‚
1993 2488 2120 2532 inquit,
2147 2485 2243 2519 vobis
2263 2507 2290 2527 2,

1316 2536 1536 2581 adimpleatur
1564 2536 1598 2568 in
1627 2534 1838 2581 recognitione
1874 2534 2007 2568 Domini
2040 2534 2140 2576 nostri
2166 2534 2244 2581 Jesu
2262 2545 2290 2565 2.
2308 2532 2422 2573 &seq-

1316 2583 1440 2627 Christi
1451 2610 1462 2628 ,
1487 2583 1545 2629 qui
1564 2595 1649 2619 nune
1667 2584 1774 2618 omnia
1791 2582 1880 2618 nobis
1896 2583 2019 2618 divina
2037 2584 2166 2619 virtute
2167 2583 2244 2630 sua,

1315 2647 1384 2682 quae
1403 2634 1449 2669 ad
1465 2633 1573 2668 vitam
1593 2633 1636 2668 (9·
1657 2633 1808 2680 pietatem
1829 2634 2015 2680 pertinent,
2043 2635 2180 2669 dona-vit
2185 2643 2246 2681 per

1315 2683 1507 2732 agnitionem
1522 2683 1615 2730 suam
1640 2698 1655 2726 ,-
1680 2685 1736 2730 qui
1760 2688 1776 2707 ⁸
1803 2683 1940 2718 vocavit
1955 2697 2009 2719 nos
2023 2685 2158 2731 propria
2174 2683 2245 2730 glo·
2317 2706 2336 2728 ι

1319 2734 1377 2769 riae
1394 2733 1541 2777 virtute,
1563 2743 1623 2780 per
1641 2745 1738 2779 quam
1767 2733 1908 2768 maxima
1938 2734 2029 2768 nobis
2046 2734 2090 2768 (θ’
2107 2733 2244 2780 pretioſst

1317 2783 1470 2832 promiffa
1489 2783 1627 2818 donavit
1652 2798 1664 2818 :
1690 2792 1725 2817 ut
1741 2793 1801 2830 per
1818 2783 1885 2818 baec
1911 2783 2091 2829 efficiamini
2120 2782 2245 2817 divinae

1320 2835 1474 2880 consortes
1494 2844 1637 2876 nature,
1658 2833 1818 2879 fugientes
1837 2835 1907 2876 ejus
1927 2846 1997 2880 quae
2015 2834 2048 2867 in
2063 2833 2178 2867 mundo
2187 2830 2245 2876 est,

1320 2883 1572 2930 concupiscentie
1589 2883 1818 2930 corruptionem
1836 2908 1845 2917 .
1881 2887 1913 2920 Si
1935 2895 2017 2931 ergo
2042 2887 2151 2921 omnia
2169 2895 2244 2930 quae

1320 2935 1361 2972 ad
1380 2938 1482 2971 vitam
1499 2938 1533 2971 &
1556 2937 1706 2982 pietatem
1726 2937 1892 2983 pertinent
1912 2957 1923 2976 ‚
1948 2936 2042 2971 Deus
2069 2932 2165 2970 nobis
2193 2931 2244 2968 di-

1320 2989 1396 3021 vina
1414 2985 1467 3021 sua
1496 2989 1618 3022 virtute
1644 2984 1798 3021 donavit:
1826 2981 1911 3019 nihil
1937 2986 2035 3030 magis
2052 2982 2243 3030 fugiendum

1321 3034 1389 3079 est,
1412 3047 1512 3083 quam
1529 3037 1693 3083 appetitus
1708 3033 1807 3080 hujus
1835 3032 2107 3082 concupiscentiae
2124 3060 2136 3077 ‚
2170 3044 2243 3080 quae

1321 3090 1478 3123 virtutem
1497 3096 1592 3133 negat
1611 3085 1714 3121 divini
1733 3086 1865 3131 operis,
1889 3095 2001 3119 amore
2022 3086 2166 3132 propriae
2192 3081 2243 3118 di-

1319 3138 1467 3183 gnitatis.
1493 3137 1539 3172 Et
1557 3147 1635 3172 cum
1654 3134 1722 3170 aliae
1741 3133 1934 3180 cupiditates
1954 3146 1990 3169 ea
2010 3144 2137 3170 tantum
2155 3131 2243 3168 bona

1318 3184 1439 3234 quibus
1455 3184 1681 3226 adversantur,
1696 3187 1900 3220 „imminuant
1924 3195 1938 3222 ‚⁴
1963 3181 2034 3220 haec
2061 3183 2143 3220 dum
2170 3193 2243 3217 om-

1317 3240 1368 3273 nia
1385 3237 1424 3273 ad
1445 3235 1475 3272 ie
1493 3234 1613 3277 trahit,
1639 3233 1732 3270 simul
1748 3232 1897 3270 universa
1913 3236 2097 3281 corrumpit
2117 3260 2125 3269 .
2150 3235 2242 3268 Cum
2258 3247 2421 3288 Nuflapars

1318 3290 1428 3332 itaque
1449 3289 1551 3322 totius
1581 3283 1739 3332 superbiae
1763 3282 1911 3331 generale
1940 3296 2061 3320 nomen
2091 3281 2241 3318 odiosum
2259 3289 2396 3326 superbiae

1319 3337 1358 3373 fit
1383 3350 1393 3374 ;
1418 3335 1482 3372 five
1502 3335 1555 3371 illa
1573 3335 1614 3370 de
1631 3332 1763 3371 honore
1781 3332 1863 3376 suo,
1887 3333 1940 3369 seu
1958 3334 1999 3369 de
2032 3332 2201 3368 nobilitate
2229 3356 2242 3373 ,
2257 3328 2422 3363 nocentior,

1321 3385 1374 3422 vel
1392 3386 1433 3422 de
1453 3384 1640 3421 immodicis
1662 3382 1782 3430 opibus
1817 3381 2005 3419 intumescat
2029 3397 2042 3418 .-
2068 3381 2138 3418 haec
2170 3394 2242 3428 pars
2259 3378 2358 3437 <1⁰³¹ss
2370 3368 2403 3435 (ΞΕ

1321 3436 1420 3484 ipsius
1435 3434 1591 3471 omnibus
1608 3431 1842 3471 tentationibus
1860 3435 2033 3468 nocentior
2058 3434 2242 3472 invenitur,
2258 3418 2344 3477 ἓξὲξ
2361 3417 2420 3476 2¹12.

1322 3499 1395 3535 quae
1413 3485 1545 3521 videtur
1564 3487 1602 3519 iis
1628 3496 1707 3532 quas
1737 3482 1876 3529 perditas
1905 3486 2026 3530 cupit,
2060 3485 2160 3518 amica
2186 3478 2244 3516 effe
2261 3487 2320 3519 tio.

1323 3534 1498 3573 virtutibus
1508 3559 1517 3567 .
1543 3533 1604 3570 Sed
1613 3536 1690 3580 quia
1698 3532 1880 3570 sublimiora
1889 3544 2025 3580 quaeque
2035 3535 2161 3579 gravius
2170 3542 2244 3567 cor·

1324 3597 1443 3623 ruunt;
1467 3583 1584 3631 gaudet
1603 3586 1752 3630 princeps
1770 3580 1944 3628 superbiae,
1971 3594 2119 3630 eosquos
2130 3591 2245 3629 potue·

1325 3640 1369 3673 rit
1388 3635 1440 3672 sua
1457 3638 1503 3671 im
1507 3632 1654 3682 pulfione
1662 3631 1866 3680 prosternere
1876 3657 1888 3675 ‚
1912 3631 1953 3669 ad
1962 3631 2094 3669 celsiora
2103 3629 2244 3668 creviffei

1705 3684 1738 3719 X
1747 3693 1769 3719 x
1779 3694 1800 3719 x
1852 3694 1873 3717 2.
2074 3684 2195 3725 HUIC,

378 3801 398 3822 a
416 3794 453 3826 In
471 3790 618 3832 Vulgata,
641 3788 759 3830 propria
774 3787 869 3829 gloria
888 3786 928 3822 Φ
945 3788 1053 3820 virtute
1065 3810 1075 3822 .
1103 3789 1141 3820 In
1161 3787 1388 3830 Graec-obtenu,
1406 3782 1501 3825 gloria
1522 3781 1561 3815 (9·
1579 3782 1707 3813 virtute:
1738 3779 1768 3813 in
1789 3786 1930 3821 utroque,
1952 3764 2003 3821 ptr
2023 3790 2101 3821 quae.
