2652 4126
290 1050 376 1090 Esaia·
385 1055 398 1087 ς
401 1056 431 1085 9·

506 200 617 252 272

482 271 648 312 conversa
657 297 671 317 ,
694 269 869 311 traductus
880 269 928 309 est
938 269 1061 305 statum
1071 294 1079 302 .
1116 265 1263 303 Addidit
1275 290 1286 307 ‚
1298 264 1428 301 vastum
1458 294 1461 297 ,

466 349 469 352 ,
480 327 737 373 immanemque
746 322 879 361 hiatum
891 318 1041 354 infelices
1054 317 1136 353 illos
1147 330 1163 352 a
1177 315 1280 352 beatis
1290 315 1428 351 dirime—

465 386 540 417 τε,
565 379 601 413 δε
614 379 710 411 omni
720 371 855 421 prorsus
868 368 1071 406 intercidere
1086 369 1302 403 commercio
1312 390 1323 407 ‚
1349 377 1420 414 quo

475 423 627 464 seorsum
639 428 761 471 utique
774 421 918 467 degant,
943 431 981 456 ac
991 418 1150 454 distinete
1162 416 1254 453 suam
1273 414 1419 452 habeant

465 487 543 523 qua
555 474 727 512 bonorum
740 497 752 514 ,
778 484 843 519 qua
854 468 1065 506 miseriarum
1078 469 1203 507 sortem
1218 470 1377 519 ,Verum
1387 480 1418 502 a-

476 524 551 562 liud
562 549 574 567 ‚
584 535 664 565 meo
674 521 814 570 quidem
824 523 941 557 animo
954 545 965 562 ‚
992 532 1062 556 non
1075 529 1143 555 tam
1154 517 1245 555 sensu
1255 529 1356 565 quam
1369 520 1417 552 in-

470 574 616 614 tellectu
637 571 895 620 percipiendum
915 570 1050 607 occulte
1069 568 1143 606 haec
1152 567 1314 617 parabola
1330 567 1416 602 ,defi-

475 633 573 670 gnat.
602 625 686 662 Non
697 625 790 659 enim
802 621 962 670 profesto
970 620 1191 667 cogitandum
1203 644 1215 661 ‚
1241 617 1357 654 fossam
1377 617 1415 652 il.

475 673 524 709 lic
534 684 590 709 aut
600 671 756 710 scrobem
770 698 782 715 ,
807 671 914 720 qualis
926 675 961 707 in
970 670 1086 708 castris
1096 669 1248 706 arcendis
1258 667 1414 704 hostibus

474 722 553 759 fieri
567 721 652 759 solet
661 748 674 766 ,
693 722 735 760 ab
751 722 892 770 Angelis
904 720 1018 769 reipsa
1029 720 1165 757 ductam
1177 734 1187 758 3
1207 718 1262 755 sed
1272 722 1386 767 potius
1397 731 1416 754 a

473 776 568 810 Luca
580 798 592 816 ,
611 772 695 810 dum
716 773 889 810 diffidium
901 771 1210 819 sejunffionemque
1228 781 1350 805 eorum
1362 768 1418 804 ad·

474 821 636 860 umbrare
648 822 759 862 studet
773 848 785 865 ‚
810 827 868 872 qui
882 836 942 871 per
965 827 1128 859 virtutem
1141 846 1153 863 ‚
1179 824 1307 868 quique
1326 818 1416 856 secus

474 877 585 909 vitam
597 873 779 910 coluerunt
790 898 802 916 ,
821 873 1074 909 similitudinem
1086 870 1174 907 hanc
1186 873 1413 918 &imaginem

473 921 585 959 hiatus
597 923 809 972 propositam
820 922 911 960 fuisse
922 951 930 959 .
941 927 986 959 Et
996 922 1084 959 hanc
1097 924 1343 970 cogitationem
1356 932 1416 955 no-

472 971 576 1016 stram
591 974 686 1010 velut
697 973 808 1022 figillo
819 973 994 1014 concludit
1006 1001 1012 1008 .
1040 971 1150 1008 Esaias
1160 998 1172 1015 ‚
1194 975 1239 1008 ita
1249 970 1415 1019 quodam·

471 1023 583 1060 modo
592 1024 738 1072 loquens
756 1038 765 1064 z
791 1030 851 1065 ,An
870 1038 926 1062 non
938 1025 1050 1060 valida
1065 1022 1148 1065 satis
1159 1034 1270 1059 manus
1289 1022 1416 1059 Domini

473 1076 516 1110 ad
520 1073 718 1118 servandum
735 1099 748 1117 ,
772 1084 832 1111 aut
841 1083 1026 1119 aggravata
1045 1071 1084 1115 est
1096 1075 1182 1108 auris
1193 1071 1261 1118 ejus
1271 1095 1284 1113 ,
1309 1079 1348 1106 ut
1356 1083 1414 1107 non

473 1127 629 1163 exaudiat
647 1126 657 1158 ἓ
684 1129 744 1164 imo
762 1137 839 1161 vero
856 1133 988 1170 peccata
1008 1122 1115 1166 vestra
1134 1120 1315 1165 diviserunt
1333 1123 1414 1158 inter

471 1185 536 1215 vos
548 1177 704 1214 &Deum
723 1174 861 1218 vestrum
871 1204 881 1216 ἱ
939 1197 942 1201 -

638 1345 919 1385 EJUSDEM
955 1343 1258 1381 HOMILIA.

562 1448 604 1484 In
623 1443 740 1501 locum
764 1443 945 1499 Evangelii
967 1443 1148 1486 secundum
1170 1447 1323 1497 Lucam.

710 1552 759 1582 De
784 1551 950 1583 oeconomo
974 1548 1171 1592 iniquitatis.

463 1632 508 1720 I
523 1628 615 1666 Nter
623 1627 846 1667 disserendum
858 1629 1088 1678 saepenumero
1098 1628 1198 1666 vobis
1207 1628 1280 1665 dixi
1292 1654 1304 1672 ,
1315 1629 1410 1677 quod

505 1702 508 1705 <
539 1684 775 1719 commentitia
786 1694 824 1720 ac
842 1681 919 1718 falsa
928 1681 1071 1730 quadam
1084 1683 1226 1716 notione
1237 1679 1407 1716 mentibus

462 1729 650 1768 hominum
661 1731 756 1770 inlita
767 1744 844 1768 cum
859 1742 992 1779 peccata
1014 1730 1288 1779 multiplicantur
1299 1755 1308 1771 ,
1329 1741 1404 1766 tum

463 1793 569 1828 opera
579 1780 669 1818 bona
678 1806 690 1824 ‚
716 1794 793 1829 quae
803 1781 957 1830 praestare
969 1781 1111 1830 quisque
1120 1780 1196 1816 nost
1202 1793 1275 1816 rum
1288 1778 1352 1816 hac
1367 1785 1400 1817 in

466 1834 534 1873 vita
545 1829 705 1868 debemus
716 1857 729 1874 ‚
739 1831 952 1868 retardantur
960 1859 967 1866 .
980 1834 1066 1867 Haec
1075 1842 1187 1870 autem
1199 1831 1255 1866 illa
1267 1829 1403 1878 est,quae

458 1883 594 1924 ευιιὲὶα,
604 1880 729 1929 quibus
741 1881 1050 1924 utimur‚fruimur‚
1062 1894 1153 1918 nexu
1163 1884 1402 1929 mancipioque

457 1930 573 1967 nostra
583 1930 644 1966 effe
666 1929 766 1967 nobis
775 1931 950 1978 persuadet
960 1958 969 1966 .
997 1931 1058 1970 Ab
1065 1929 1130 1968 hac
1148 1934 1316 1979 opinione
1327 1931 1376 1968 est
1388 1952 1400 1974 ,-

457 1980 553 2028 quod
572 1992 692 2028 magna
711 1985 937 2020 contentione
956 1979 998 2017 de
1017 1980 1084 2016 ill-is
1103 1981 1273 2029 litigamus
1291 2007 1304 2024 ,
1338 1995 1399 2030 pu—

456 2043 596 2078 gnamus
606 2030 858 2078 ,digladiamur-
867 2056 878 2073 ,
905 2045 943 2068 ac
952 2029 1007 2070 stu
1017 2035 1184 2079 praecipua
1196 2032 1351 2079 quaedam
1363 2037 1397 2069 δε

456 2085 581 2118 eximia
592 2079 682 2119 bona
692 2107 709 2123 2
732 2085 882 2122 maxime
893 2094 930 2119 ea
952 2094 1103 2121 amamus
1120 2087 1155 2119 0&
1169 2082 1371 2119 aestimamus
1382 2086 1394 2116 “.

454 2134 587 2172 Verum
607 2131 708 2179 longe
717 2130 807 2168 secus
818 2158 833 2175 ,
857 2135 931 2169 imo
940 2131 1039 2181 plane
1050 2143 1170 2170 contra
1185 2131 1249 2169 sese
1261 2147 1313 2169 res
1336 2132 1393 2170 ha·

453 2181 511 2219 bet
522 2210 530 2218 .
542 2180 645 2221 Nihil
657 2185 747 2218 enim
758 2182 944 2231 quidquam
956 2196 1078 2220 eorum
1087 2197 1162 2230 quae
1172 2183 1394 2230 possidemus,

454 2245 534 2278 yere
554 2231 710 2269 nostrum
720 2232 769 2268 est
791 2247 800 2268 ε
820 2246 857 2269 ac
869 2245 910 2268 ne
919 2232 1138 2277 noe-quidem
1149 2236 1158 2264 i
1162 2233 1210 2274 pii
1231 2238 1392 2274 tanquam

453 2282 588 2321 domini
599 2280 658 2316 hic
669 2283 703 2315 in
712 2284 810 2319 terris
821 2304 833 2321 ‚
851 2291 889 2314 ac
900 2279 996 2315 velut
1006 2276 1231 2325 propr-iasede
1242 2281 1275 2312 δι
1286 2277 1395 2312 domo

426 2362 431 2365 .
454 2342 726 2369 commoramuri
738 2327 792 2365 sed
801 2327 892 2376 quafi
902 2327 1058 2375 inquilini
1069 2331 1102 2363 δι
1112 2326 1318 2368 advenoe‚vel
1331 2340 1391 2374 po-¹

429 2409 432 2412 -
454 2385 519 2417 tius
530 2380 645 2416 exules
655 2378 810 2414 nolentes
820 2402 832 2418 ‚
857 2390 895 2413 ac
909 2390 969 2415 nec
990 2380 1168 2423 opinantes
1178 2375 1370 2422 abripimur
1379 2400 1393 2416 ,

292 3190 379 3221 Luce⁴
400 3188 447 3221 16.

264 3239 294 3261 Ῥο
305 3239 331 3260 3.

454 2428 666 2476 fortunisque
677 2426 776 2464 fimul
795 2424 959 2463 omnibus
972 2450 984 2467 ,
1010 2437 1090 2461 cum
1101 2437 1215 2460 rerum
1226 2427 1394 2459 Domino,

456 2481 566 2518 visum
578 2479 680 2516 fuerit
688 2503 701 2521 ,
709 2480 867 2518 exuimur
879 2503 886 2511 .
900 2475 958 2512 Ad
968 2474 1135 2511 summam
1151 2499 1163 2516 ,
1173 2473 1394 2510 facillime‘res

456 2532 557 2570 fluxse
568 2528 667 2577 hujus
677 2532 754 2565 vitae
774 2538 947 2564 mutamur
967 2539 975 2563 ε
1002 2530 1037 2563 &
1047 2527 1106 2573 qui
1117 2524 1222 2561 hodie
1241 2523 1350 2562 clarus
1360 2528 1395 2560 δε

456 2581 614 2623 illustris,
624 2592 696 2615 cras
704 2577 920 2617 miseratione
930 2580 964 2612 &
974 2589 1042 2624 ope
1054 2575 1190 2623 dignus5
1199 2577 1258 2622 qui
1269 2577 1302 2610 in
1316 2588 1397 2622 prae,

456 2632 560 2668 sentia
570 2629 725 2678 locuples
736 2641 773 2666 ac
792 2627 925 2663 divitiis
935 2626 1075 2663 affluens
1086 2651 1097 2668 ,
1122 2625 1228 2672 paulo
1237 2624 1314 2673 post
1325 2638 1399 2673 ege·

453 2696 515 2725 se,
542 2685 668 2729 vixque
680 2679 777 2714 domi
799 2690 920 2726 panem
931 2676 972 2713 ad
992 2678 1125 2712 victum
1133 2675 1262 2711 habere
1278 2675 1397 2724 depr-e,

456 2731 621 2774 henditur
631 2758 639 2766 .
666 2733 712 2766 Et
723 2729 793 2764 hoc
813 2731 962 2769 maxime
972 2730 1068 2764 Deus
1089 2725 1187 2762 nobis
1196 2723 1397 2761 hominibus

458 2781 605 2830 praestat‚
615 2779 707 2828 quod
720 2778 850 2826 semper
860 2778 993 2816 idem&
1007 2781 1042 2813 in
1054 2777 1176 2814 eodem
1191 2776 1228 2811 fit
1240 2775 1339 2818 statu,
1350 2780 1399 2812 vi-

457 2843 594 2879 tamque
615 2835 648 2866 &
669 2829 815 2876 gloriam
825 2840 863 2864 ac
885 2831 1072 2875 potentiam
1095 2826 1257 2875 poffidcat
1278 2825 1399 2874 sempi-

456 2893 589 2918 ternam
600 2906 608 2915 .
634 2878 736 2916 Unde
746 2889 857 2915 autem
870 2877 1054 2918 exordium
1074 2876 1146 2913 hoc
1167 2876 1332 2912 sermonis
1342 2877 1398 2912 de-

459 2932 647 2979 sumptum,
655 2928 838 2977 prudentes
849 2942 885 2966 ac
896 2928 1038 2965 litterati
1051 2927 1147 2964 facile
1159 2927 1320 2975 profee‘m
1331 2928 1395 2972 jam

458 2981 732 3020 animadvertunt
742 3006 750 3015 .
772 2983 805 3015 A
816 2982 920 3016 Lucae
927 2981 1089 3014 nimirum
1101 2977 1260 3026 parabola
1271 2990 1397 3024 ,quam

461 3031 561 3077 hujus
580 3033 706 3067 intuitu
724 3033 774 3067 rei
784 3028 827 3074 de
846 3029 910 3065 illo
928 3027 1103 3065 bonorum
1123 3027 1322 3064 alienorum:
1336 3026 1398 3065 dil}

463 3081 636 3130 pensatore
649 3090 864 3116 commentus
877 3078 942 3117 est3
959 3092 1061 3127 quem
1072 3089 1264 3126 gementem
1276 3086 1317 3113 ac
1327 3077 1402 3125 plo-

462 3141 592 3168 rantem
615 3129 775 3166 describit
784 3155 797 3173 ,
818 3128 998 3177 postquam
1009 3140 1169 3176 tanquam
1189 3127 1354 3175 prodigus
1365 3140 1402 3169 ac

464 3181 641 3230 diffipator
651 3193 694 3216 ex
705 3182 864 3217 Domino
875 3178 1049 3215 bonorum
1059 3177 1223 3214 audieram
1234 3178 1338 3216 Redde
1352 3189 1403 3212 ra-

463 3236 578 3272 tionem
594 3230 803 3268 villicationis
813 3253 825 3271 ‚
835 3233 870 3267 &
882 3241 984 3276 quam
995 3231 1144 3276 primum
1156 3226 1238 3263 hinc
1247 3226 1302 3263 abi
1314 3239 1402 3262 :non

464 3286 557 3319 enim
569 3281 660 3319 ultra
671 3277 772 3316 rebus
782 3289 815 3315 te
829 3282 913 3315 meis
926 3278 1068 3314 illudere
1078 3303 1090 3320 ,
1101 3290 1229 3326 perque
1242 3276 1401 3325 volupta-

463 3343 535 3369 tem
546 3329 638 3368 abuti
650 3329 739 3378 quasi
751 3331 902 3377 propriis
911 3327 1015 3364 finam
1025 3355 1032 3362 .
1051 3327 1233 3364 Estautem
1245 3326 1318 3363 haec
1329 3339 1400 3362 non

465 3395 545 3419 vcra
557 3382 767 3418 reinarratio
779 3393 788 3417 ς
810 3378 864 3415 sed
874 3378 953 3415 fissa
962 3376 1122 3426 parabola
1132 3402 1144 3420 ‚
1163 3391 1240 3426 quae
1247 3377 1400 3416 sermone

465 3431 618 3479 quodam
627 3429 839 3467 obumbrato
848 3428 1030 3464 mortalem
1042 3430 1205 3464 virtutem
1215 3440 1279 3463 nos
1287 3426 1399 3463 docet.

466 3487 584 3529 Itaque
607 3483 747 3519 noveris.
761 3478 910 3526 quisquis
929 3492 962 3515 es
971 3504 984 3521 ,
1009 3490 1125 3515 rerum
1133 3477 1194 3515 tibi
1215 3477 1402 3513 alienarum

467 3530 748 3579 dispensationem
757 3527 819 3567 esse
830 3529 1202 3576 delegatam,eje&aque
1213 3526 1349 3575 prorsus
1359 3539 1401 3563 ex

470 3584 586 3617 animo
598 3579 773 3629 potestatis
784 3578 902 3616 herilis
912 3576 1355 3626 arrogantia‚dispensatori‚
1369 3579 1403 3616 δε

472 3634 646 3667 oeconomi
658 3628 844 3666 rationibus
856 3628 1034 3667 reddendis
1043 3627 1190 3663 obnoxii
1200 3625 1403 3673 circumspe-

473 3679 622 3715 ctionem
632 3684 665 3716 δι
676 3678 909 3716 humilitatem
920 3678 1010 3717 sume
1021 3703 1032 3720 ,
1050 3680 1311 3724 Dominamque
1324 3675 1404 3714 sem-

473 3739 534 3774 per
545 3730 722 3773 expec'tans
734 3755 746 3772 ,
771 3728 926 3766 codicem
940 3741 977 3765 ac
987 3727 1116 3764 tabulas
1125 3724 1406 3767 rationumsolli-

476 3779 540 3817 cite
551 3788 728 3823 compara.
749 3779 937 3825 Inquilinus
949 3782 1039 3819 enim
1050 3790 1099 3820 es²
1108 3781 1143 3819 ὃς
1152 3777 1193 3815 ad
1208 3776 1311 3818 breve
1321 3787 1405 3817 tem-

877 168 2037 233 SANCT1>ASTER11HOM1L1A

1490 278 1566 313 pus,
1578 265 1672 300 velut
1683 268 1717 300 in
1727 264 1865 301 transitu
1876 265 2022 302 concessa
2034 266 2095 303 tibi
2108 268 2163 305 usu
2170 283 2202 306 ra
2213 297 2219 304 .
2233 272 2371 317 Quodsi
2382 278 2414 310 in

1487 318 1579 351 notis
1587 328 1625 353 ac
1636 314 1857 361 familiaribus
1868 320 1968 352 etiam
1982 316 2108 354 haesitas
2119 344 2129 360 ,
2139 318 2256 366 abipsa
2268 335 2301 357 re
2313 327 2344 359 &
2358 337 2414 361 ex-

1487 369 1648 412 perientia
1667 364 1754 402 disce
1766 390 1777 406 ‚
1803 379 1877 413 quae
1891 367 2052 414 'magistra
2072 367 2119 405 est
2129 370 2271 417 minime
2290 373 2390 411 fallax
2402 403 2409 411 .

1479 415 1650 452 Praedium
1661 415 1788 463 p'osside
1802 441 1813 457 ‚
1834 415 1940 453 velex
1953 417 2147 455 haereditate
2155 422 2323 467 majorum
2334 448 2346 466 ,
2356 425 2410 461 vel

1481 478 1523 501 ex
1535 465 1650 512 aliquo
1661 468 1841 502 contractu
1853 481 1861 501 :
1886 471 2050 505 memoria
2061 472 2165 516 igitur
2175 482 2284 508 tecum
2297 485 2409 522 repete

1478 520 1511 551 δε
1526 528 1697 559 enumera,
1708 515 1731 551 fi
1743 527 1852 564 potes,
1863 528 2036 566 quotquot
2049 520 2195 568 idipsum
2205 533 2280 559 ante
2292 534 2324 559 te
2336 524 2408 572 pos-

1477 565 1631 602 sederunt
1642 595 1650 603 .
1669 565 1749 604 Post
1761 566 1884 606 deinde
1905 567 2055 605 futurum
2069 573 2101 606 in
2112 584 2220 607 aevum
2232 576 2408 622 cogitatio-

1478 629 1556 652 nem
1567 620 1677 660 mitte‚
1688 627 1869 664 tecumque
1879 629 2012 666 reputa,
2024 622 2125 667 qu'am
2136 622 2252 659 multis
2264 637 2406 662 numero

1478 666 1555 714 post
1570 678 1602 702 te
1616 676 1658 703 eo
1670 671 1848 720 potientur
1857 677 1869 700 .·
1888 681 1926 704 ac
1936 669 1991 704 dic
2002 669 2087 706 mihi
2099 670 2215 709 sodes?
2236 674 2405 718 cujusnam

1464 719 1546 763 ,ejus
1559 717 1753 758 dominium
1767 744 1778 760 ‚
1789 722 1822 754 &
1833 719 2005 765 quodnam
2017 724 2136 758 eximii
2145 721 2345 761 discriminis
2359 729 2406 762 in-

1477 777 1529 803 ter
1542 767 1620 803 illos
1629 772 1687 816 qui
1711 767 1895 816 aliquando
1906 768 1940 805 id
1950 768 2142 808 habuerunt
2148 773 2170 814 ‚⁴
2181 776 2240 821 qui
2251 787 2339 811 nunc
2349 774 2406 812 ha-

1477 816 1582 860 bent,
1598 829 1655 854 aut
1665 818 1822 865 deinceps
1835 817 1908 856 sun't
1917 817 2090 858 habituri?
2115 825 2206 859 Nam
2218 822 2241 860 fi
2251 829 2324 872 quis
2334 836 2408 862 om-

1463 881 1534 904 nes
1543 868 1638 906 velut
1647 882 1665 905 e
1676 868 1832 907 machina
1843 874 2063 918 congregavit
2073 897 2086 914 ‚
2104 871 2236 909 domini
2247 875 2406 922 prosecto

1476 918 1604 967 plures,
1613 932 1713 968 quam
1724 918 1829 966 glebae
1842 923 2062 967 reperientur.
2074 923 2248 970 Amplius,
2258 924 2281 960 fi
2291 926 2408 962 videre

1476 967 1755 1018 libet‘expressam
1768 969 1866 1012 huius
1878 973 1957 1006 vitae
1966 973 2148 1019 imaginem
2160 999 2171 1015 ‚
2183 975 2373 1017 recordare,
2384 976 2408 1013 fi

1476 1018 1566 1055 forte
1575 1020 1697 1056 accidit
1707 1045 1719 1063 ,
1737 1031 1792 1056 aut
1811 1019 1898 1066 finge
1909 1020 2092 1069 aliquando
2112 1034 2268 1072 tempore
2288 1025 2407 1062 aestatis

1476 1068 1637 1108 arborem
1658 1075 1692 1107 in
1713 1074 1767 1107 via
1787 1068 2018 1118 conspicatum
2039 1072 2188 1120 undique
2206 1075 2352 1111 viridem
2372 1081 2406 1113 &

1477 1119 1627 1168 patulam
1637 1146 1649 1163 ‚
1674 1122 1806 1169 lataque
1816 1131 1929 1168 aptam
1942 1122 2062 1159 umbra
2073 1149 2084 1166 ‚
2095 1123 2150 1159 vel
2160 1124 2283 1161 domus
2295 1127 2406 1162 vicem

1474 1175 1522 1207 im
1526 1170 1779 1220 plere,propter
1789 1175 2020 1209 amoenitatem
2030 1176 2059 1208 ei
2070 1172 2292 1218 succeffiss‘c:‚&
2303 1189 2407 1223 quan-

1471 1231 1547 1258 tum
1555 1221 1757 1264 licebat‚sub
1768 1235 1804 1258 ea
1816 1224 2163 1259 commoratum:dein
2175 1225 2327 1268 alium‚te
2340 1228 2408 1271 jam

1471 1270 1859 1315 abituriente,viatorem
1871 1271 2258 1323 adstitiffe5depoiitaque
2268 1275 2407 1319 sarcina,

1465 1333 1529 1359 ‚tua
1538 1320 1688 1359 abeuntis
1706 1321 1869 1371 excepisse
1879 1326 1994 1360 omnia
2006 1350 2018 1367 ‚
2037 1323 2157 1360 statum
2172 1331 2184 1366 ',
2203 1329 2314 1372 ignem
2325 1339 2337 1370 ‚³
2358 1340 2408 1363 ra-

1467 1385 1612 1413 morum
1625 1371 1745 1409 umbra
1765 1386 1803 1411 ac
1814 1373 1997 1422 lympham
2010 1374 2314 1421 praeterfluentem.
2341 1375 2407 1413 sed

1473 1428 1507 1459 δε
1519 1421 1627 1465 hunc,
1637 1422 1694 1459 ubi
1704 1422 1892 1471 pauxillum
1908 1427 1943 1469 in*
1952 1422 2056 1461 herba
2067 1450 2079 1466 ‚
2088 1436 2122 1460 te
2131 1425 2322 1462 ambulante
2334 1451 2347 1469 ,
2358 1439 2408 1462 re-

1464 1473 1619 1521 quiescet
1631 1498 1644 1517 ,
1669 1476 1759 1509 viam
1775 1473 1884 1511 rursus
1903 1478 1988 1511 inire
2000 1473 2157 1522 coepisses
2182 1477 2405 1525 eamdemque
2423 1504 2425 1506 ·
2464 1495 2474 1503 -ν
2516 1498 2519 1502 ·

1469 1523 1630 1562 arborem
1654 1523 1719 1563 una
1729 1523 1784 1564 die
1808 1523 1924 1571 decem
1936 1525 2026 1561 forte
2052 1524 2229 1574 hospitum
2240 1525 2282 1562 ab
2300 1526 2405 1564 breve

1467 1585 1604 1623 tempus
1623 1573 1858 1611 diversorium
1870 1573 2027 1612 exstitisse
2038 1601 2050 1619 ‚
2077 1580 2111 1612 &
2123 1578 2254 1613 cunetis
2265 1575 2323 1614 usu
2344 1589 2408 1626 po·-

1468 1624 1563 1662 tuisse
1577 1650 1590 1667 ,
1614 1638 1694 1662 cum
1705 1635 1813 1661 tamen
1834 1629 1932 1662 unius
1943 1630 2081 1675 propria
2100 1629 2247 1663 Domini
2260 1627 2407 1664 censere·-

1466 1689 1523 1713 tur
1535 1701 1543 1710 .
1569 1675 1674 1712 Haud
1685 1675 1783 1723 aliter
1801 1674 1865 1711 sese
1877 1675 2003 1713 habent
2023 1676 2176 1714 stationis
2185 1676 2286 1723 hujus
2303 1677 2406 1725 atque

1467 1730 1547 1763 vitae
1558 1729 1667 1774 copiae
1677 1730 1711 1763 &
1722 1725 1896 1763 facultates
1906 1754 1915 1764 .
1935 1727 2071 1764 Multos
2083 1727 2149 1764 iilae
2159 1727 2298 1775 quidem
2309 1727 2405 1775 alunt

1465 1781 1499 1813 δε
1510 1776 1686 1813 oblectant
1697 1790 1709 1814 i
1726 1776 1922 1813 dominium
1936 1789 2047 1813 autem
2059 1791 2175 1814 earum
2186 1791 2285 1826 penes
2297 1788 2404 1825 unum

1464 1830 1582 1865 Deum
1594 1852 1606 1870 ,
1624 1830 1680 1864 cui
1691 1826 1962 1875 incorruptibilis
1971 1830 2172 1865 &interitus
2181 1841 2303 1876 expers
2313 1831 2402 1867 vitai

1462 1881 1503 1914 In
1515 1876 1755 1926 pandocheum
1769 1880 1872 1915 etiam
1882 1878 2069 1926 aliquando
2080 1903 2091 1920 ,
2101 1891 2179 1914 cum
2191 1881 2257 1914 iter
2265 1878 2403 1922 faceres3

1462 1927 1632 1967 divertisti
1644 1953 1657 1970 ‚
1668 1927 1781 1975 ibique
1793 1927 1918 1964 lectum
1931 1954 1943 1970 ,
1953 1928 2100 1964 mensam
2112 1954 2124 1971 ,
2134 1929 2271 1977 pocula,
2278 1928 2402 1972 discos,

1460 1979 1593 2027 aliaque
1605 1991 1708 2015 omne
1722 1991 1825 2026 genus
1837 1977 1911 2014 vasa
1925 1977 2079 2027 reperisti
2095 2004 2106 2021 ,
2115 1991 2194 2016 cum
2204 1978 2294 2015 'nihil
2305 1979 2403 2027 quid·

1459 2042 1562 2078 quam
1574 2039 1687 2067 tecum
1699 2025 1875 2068 attuliffes;
1883 2034 1916 2066 δε
1931 2028 1990 2066 ubi
2001 2029 2155 2066 nondum
2165 2029 2207 2066 ad
2218 2029 2403 2074 strietatc‘m

1458 2085 1497 2117 iis
1508 2079 1582 2117 usus
1590 2077 1672 2116 effes
1680 2104 1692 2122 ,
1705 2079 1900 2127 supervenit
1909 2079 1993 2116 alius
2011 2078 2266 2119 anhelabundus
2276 2082 2316 2115 a'c
2327 2076 2404 2128 puls

1454 2131 1654 2168 verulentus
1671 2155 1683 2172 ‚
1703 2134 1736 2166 &
1749 2130 1854 2166 aliena
1868 2143 1929 2165 ceu
1941 2133 2082 2175 propria
2093 2123 2249 2164 affefflns
2258 2153 2270 2169 ,
2280 2128 2323 2164 ad
2332 2126 2402 2164 abi⁴

1453 2193 1528 2218 tum
1539 2192 1573 2216 te
1593 2182 1797 2217 excitavit&
1807 2176 1951 2220 impulit
1961 2201 1968 2208 .
1996 2175 2092 2210 Talis
2101 2180 2246 2212 omnino
2258 2180 2326 2213 vita
2339 2190 2402 2214 no-

1454 2227 1668 2267 stra‚fratres‚
1678 2233 1736 2261 aut
1745 2222 1767 2257 fi
1781 2225 1838 2269 qui
1846 2225 1874 2260 d
1885 2221 1939 2260 his
1949 2236 2024 2270 quae
2034 2223 2186 2261 diximus
2197 2230 2301 2272 magis
2313 2237 2402 2262 tran.

1456 2274 1613 2310 fitorium
1626 2277 1659 2309 &
1670 2272 1845 2307 caducum.
1864 2275 1980 2315 Quare
1991 2285 2070 2308 cum
2082 2273 2215 2320 aliquos
2223 2275 2340 2310 audito
2349 2275 2403 2311 di«

1451 2335 1578 2365 centes,
1590 2321 1755 2370 praedium
1767 2332 1883 2358 meum
1894 2334 1932 2356 ac
1943 2321 2066 2358 domus
2077 2335 2150 2358 mea
2162 2348 2173 2366 ‚
2185 2336 2254 2360 non
2267 2323 2400 2372 poffum

1454 2373 1527 2408 satis
1549 2372 1708 2407 admirari
1721 2394 1732 2411 ,
1758 2370 1941 2418 quomodo
1965 2384 2040 2420 quae
2060 2372 2209 2420 ipsorum
2234 2388 2302 2410 non
2323 2375 2399 2413 sunt·

1454 2424 1543 2461 inani
1555 2420 1684 2467 syllaba
1696 2419 1754 2456 fibi
1768 2420 1944 2458 vindicent
1956 2446 1968 2464 ‚
1988 2422 2160 2471 tribusque
2173 2423 2346 2462 fallacibus
2357 2427 2401 2461 it'-

1457 2471 1576 2509 terulis
1587 2471 1693 2507 aliena
1703 2483 1756 2506 am
1763 2470 1943 2518 plexentur
1953 2500 1960 2507 .
1983 2475 2074 2509 Sicut
2085 2477 2173 2509 enim
2185 2473 2402 2512 histrionum

1458 2521 1614 2571 personas
1627 2525 1765 2569 proprie
1775 2525 1808 2557 δε
1820 2522 2035 2569 peculiariter
2055 2537 2173 2559 eorum
2188 2526 2330 2573 poffidet
2340 2528 2401 2562 nes:

1457 2586 1532 2614 mo,
1544 2571 1597 2608 sed
1609 2584 1675 2620 pro
1688 2584 1723 2606 re
1735 2575 1768 2607 &
1779 2584 1981 2619 argumento
1993 2573 2184 2621 promiscue
2193 2575 2333 2623 quisquc
2346 2575 2398 2612 sus*

1459 2627 1524 2660 mit·
1545 2637 1552 2657 :
1579 2626 1624 2658 ita
1637 2632 1762 2657 ternam
1783 2621 1943 2670 faecesque
1965 2635 2114 2661 terrenas
2124 2626 2214 2673 quasi
2226 2625 2331 2662 vestes
2350 2631 2400 2672 eie

1458 2674 1533 2710 aliis
1545 2673 1601 2708 alii
1617 2671 1761 2707 induunt
1773 2699 1780 2706 .
1809 2674 1876 2708 Dic
1886 2672 2020 2720 quaeso,
2047 2687 2128 2711 num
2139 2675 2269 2723 aliquid
2287 2683 2400 2725 regnd

1458 2724 1587 2770 majus?
1599 2725 1706 2770 Atqui
1719 2721 1863 2758 scrutare
1874 2736 1947 2770 quae
1958 2737 2037 2771 regu
2044 2737 2074 2760 m
2089 2724 2179 2761 sunt:
2191 2722 2398 2774 chlamydes

1459 2777 1625 2822 conquire
1638 2775 1744 2819 regias
1756 2797 1768 2814 ‚
1778 2774 2046 2821 quamplurimas
2055 2775 2128 2811 sane
2141 2780 2285 2825 reperies
2296 2796 2308 2820 ,
2316 2791 2399 2826 quae}

1460 2822 1790 2873 regum‘multorum
1812 2832 1959 2871 corpora
1971 2835 2151 2862 texuerunt
2171 2840 2180 2861 ι
2200 2827 2293 2875 quod
2305 2832 2340 2864 Sc
2350 2827 2396 2864 de

1460 2872 1842 2915 coronis,fibulis,zonis
1853 2874 2183 2912 censendummmnia
2193 2890 2315 2925 nempe
2325 2877 2393 2913 haes

1459 2925 1638 2962 reditatem
1652 2922 1875 2964 instabilem,u
1881 2924 2016 2972 sumque
2027 2939 2147 2962 eorum
2158 2940 2392 2970 communem,

1461 2981 1495 3013 &
1505 2974 1546 3012 ab
1559 2978 1597 3010 iis
1607 2977 1666 3022 qui
1678 2972 1950 3016 abeunnadalios
1960 2979 2018 3022 qui
2031 2988 2216 3018 remanent,
2226 2976 2394 3013 transeun,

1459 3036 1550 3064 tem.
1570 3022 1667 3071 Quid·
1677 3034 1787 3060 autem
1797 3029 1833 3060 δε
1847 3029 1962 3072 quanti
1976 3036 2045 3061 tota
2059 3025 2115 3061 illa
2124 3031 2226 3073 quam
2236 3027 2394 3064 Praefides

1460 3075 1621 3112 obtinent
1631 3073 1724 3110 scena
1738 3100 1748 3116 ,
1767 3086 1962 3120 argenteum
1976 3074 2171 3114 vehiculum
2184 3080 2218 3112 ὅτ
2230 3081 2326 3124 virga
2338 3086 2394 3114 auv'·

1460 3139 1519 3162 rea
1532 3127 1543 3161 ‚²
1553 3128 1636 3161 Non
1645 3123 1777 3172 semper
1790 3124 1850 3162 ista
1860 3138 1876 3160 a
1887 3124 2025 3163 Praefide
2036 3123 2392 3175 habentur‚nunquam

1462 3186 1553 3216 certe
1564 3173 1606 3210 ab
1616 3173 1737 3211 eodem
1751 3200 1762 3217 ,
1782 3174 1843 3210 nifi-
1854 3174 1942 3210 forte
1951 3174 1993 3209 ad
2003 3178 2300 3224 exigu-i‘temporis
2321 3177 2392 3214 usus

1462 3238 1546 3263 ram.
1557 3227 1647 3260 Sicut
1659 3227 1751 3260 enim
1761 3225 1923 3263 feretrum
1936 3230 1991 3260 aut
2002 3223 2169 3273 sandapila
2179 3227 2243 3263 alia
2253 3225 2393 3264 subinde

1461 3274 1622 3312 cadavera
1633 3273 1767 3322 suscipit
1788 3288 1797 3308 ι
1827 3278 1869 3311 ita
1880 3276 2071 3323 principum
2085 3280 2241 3313 virorum
2256 3276 2393 3325 infignia

1461 3335 1592 3365 utentes
1605 3323 1790 3360 identidem
1799 3333 2014 3362 'commutant
2025 3353 2033 3361 .
2046 3326 2146 3374 Unde
2154 3330 2191 3362 δε
2200 3326 2393 3375 frequentes

1461 3373 1626 3423 Apostoli
1647 3373 1746 3410 nobis
1755 3373 1945 3410 erudiendis
1965 3378 1999 3412 in
2012 3373 2101 3412 hanc
2109 3376 2180 3412 fece
2197 3376 2393 3414 sententiam

1461 3437 1573 3460 voces.
1585 3423 1813 3472 Repraesentat
1822 3427 1913 3460 enim
1925 3422 2025 3471 hujus
2035 3426 2153 3463 mundi
2164 3426 2282 3463 faciem
2299 3427 2394 3464 illud:
2421 3453 2423 3455 »

1460 3481 1632 3519 Tanquam
1642 3473 1720 3510 nihil
1729 3471 1876 3510 habentes
1887 3499 1899 3516 ,
1918 3476 1961 3511 Θ·
1971 3484 2078 3512 tamen
2086 3480 2187 3512 omnia
2196 3475 2396 3525 pqffidentes‘x,
2442 3466 2476 3503 2·¹
2485 3475 2549 3514 <5⁰⁷-
2566 3479 2596 3510 6-

1455 3526 1508 3562 dy
1519 3532 1643 3564 utentes
1653 3548 1664 3565 ,
1690 3532 1842 3568 tanquam
1854 3537 1910 3560 non
1918 3533 2044 3561 utentes
2052 3553 2060 3561 .
2087 3529 2172 3563 Haec
2182 3530 2272 3563 enim
2282 3531 2396 3564 omnia
2416 3526 2444 3545 υ·
2458 3525 2467 3543 ¹
2475 3527 2503 3545 ⁰·

1453 3573 1506 3614 ad
1515 3585 1620 3610 unum
1641 3572 1781 3621 scopum
1793 3574 1935 3610 tendunt
1946 3599 1958 3617 ,
1984 3575 2079 3622 quod
2090 3576 2184 3613 velut
2194 3580 2227 3612 in
2238 3577 2328 3613 diem
2341 3576 2396 3613 hic

1465 3627 1585 3660 vivere
1592 3621 1772 3673 debeamus
1783 3647 1796 3666 ‚
1820 3622 2019 3672 semperque
2029 3629 2138 3662 exitus
2148 3626 2276 3673 {ignum
2289 3640 2326 3663 ac
2337 3628 2399 3664 tes-

1453 3673 1570 3715 :seram
1580 3674 1759 3720 expectare
1771 3699 1778 3707 .
1807 3676 1851 3709 Et
1861 3686 1932 3721 quo
1947 3674 2079 3722 plenius
2089 3675 2191 3712 discas
2201 3698 2212 3719 ,
2226 3676 2354 3725 legibus
2365 3689 2398 3714 te

1451 3729 1500 3760 .&
1521 3722 1646 3771 regulis
1663 3721 1783 3759 subiici
1794 3725 1990 3764 Dominicis
2003 3750 2012 3766 ‚
2039 3725 2081 3760 ad
2091 3738 2172 3773 quas
2191 3729 2305 3762 omnia
2317 3727 2399 3764 diri-

1451 3786 1504 3821 ge
1511 3772 1575 3814 nda
1585 3772 1647 3812 fint
1658 3797 1671 3817 2
1681 3772 1826 3824 teipsum
1838 3777 2006 3822 imprimis
2019 3777 2149 3815 intuere
2160 3800 2172 3819 ,
2185 3781 2219 3820 ὅ(
2229 3775 2400 3815 confidera

2284 3837 2353 3866 (Cm

2445 3565 2469 3584 ι.
2482 3559 2547 3587 Cor.
2562 3567 2592 3595 7.

2418 3605 2506 3631 'tl-31.
