2652 4126
447 252 561 313 '202
643 248 915 312 SCR11>TA
957 240 1036 303 ΕΤ
1077 257 1500 304 MONUMENTA
1541 262 1672 319 ρων.
1712 260 1806 304 op.
1849 246 1900 302 S.
1929 211 2274 306 PaospssR'i.

448 355 498 382 tas
519 345 677 388 aedfficat.
704 349 750 384 Et
769 354 850 381 tunc
875 340 1010 375 stientia
1035 353 1105 376 non
1132 339 1249 381 inflat,
1275 353 1378 388 quan-

250 394 497 436 r.eor.x.8.ido
521 400 639 435 caritas
665 395 804 432 aedificat
830 419 838 427 .
866 392 911 427 Et
937 402 1015 426 cum
1041 390 1079 426 fit
1105 401 1290 437 utrumque
1315 390 1376 427 do·

247 441 358 485 Gratia
370 451 436 480 pro-
449 458 531 489 num
557 450 647 487 Dei,
672 443 727 482 sed
753 453 859 477 unum
887 443 1000 477 minus
1022 465 1034 482 ,
1059 440 1204 477 alterum
1233 442 1336 486 majus
1363 455 1374 479 ε

243 480 518 550 ξὲκᾴῐοηέῑωῃοῃ
543 497 585 535 fic
610 493 767 538 justitiam
795 490 946 526 nostram
973 489 1072 538 super
1097 490 1231 527 laudem
1261 489 1378 538 justifi-

284 529 419 553 anans.
446 550 569 584 catoris
588 542 694 579 nostri
715 540 884 582 extollat,
909 550 947 576 ut
966 539 1098 578 horum
1115 541 1264 577 duorum
1284 540 1378 589 quod

445 600 555 634 minus
573 592 623 629 est
643 592 764 628 divino
785 589 914 627 tribuat
933 590 1128 637 adjutorio,
1151 591 1246 638 quod
1264 603 1378 628 autem

243 648 426 681 Meritanon
443 646 548 690 majus
568 640 638 684 est,
664 639 819 678 humano
838 640 976 688 usurpet
997 640 1160 683 arbitrio.
1187 644 1234 677 Et
1254 642 1278 677 fi
1297 654 1377 677 con·

243 690 409 735 praeeedunt
442 693 574 732 senserit
595 704 656 727 nos
675 694 782 739 gratia
793 693 860 728 Dei
881 695 1033 740 accipere
1058 690 1261 728 charitatem
1275 705 1287 731 ς
1306 704 1376 728 non

243 739 389 770 gmmm·
441 743 485 781 sic
507 743 624 783 sentiat
634 753 808 789 tamquam
827 741 896 778 ulla
915 745 1037 779 merita
1057 741 1147 778 bona
1158 742 1273 778 nostra
1293 754 1376 789 prae·

321 789 324 793 ’
441 790 592 831 cesserint
617 816 626 826 .
662 795 753 829 Nam
780 805 854 839 quae
878 796 1000 829 merita
1027 791 1116 829 bona
1143 803 1224 828 tunc
1250 790 1375 837 habere

439 853 636 890 poteramus
658 867 671 885 ,
707 842 845 890 quando
871 845 988 879 Deum
1016 856 1086 879 non
1112 840 1375 890 diligebamus?

439 895 490 929 Ut
514 898 604 929 enim
632 896 860 940 acciperemus
884 892 1106 930 ,dileffionem
1128 907 1194 941 qua
1220 893 1378 942 diligere·

438 954 537 986 mus,
565 943 681 982 dilecti
703 941 837 986 sumus,
862 956 944 979 cum
970 956 1043 980 eam
1064 944 1220 981 nondum
1238 943 1377 980 habere·

436 1004 534 1029 mus.
561 996 644 1030 Hoc
670 997 813 1036 Ioannes
839 992 1012 1041 apostolus
1037 995 1240 1042 apertissime
1268 995 1377 1030 dicit?

242 1058 417 1098 :Joanaao
436 1044 520 1081 Non
541 1044 637 1092 quod
655 1057 717 1080 nos
736 1044 959 1081 dilexerimus
979 1047 1094 1081 Deum
1108 1044 1185 1087 ‚sed
1204 1048 1283 1092 quia
1305 1044 1371 1093 ipse

434 1091 558 1131 dilexit
584 1108 664 1131 nos.
693 1097 739 1132 Et
764 1094 866 1131 alibi:
894 1098 970 1131 Nos
995 1095 1174 1141 diligamus
1196 1120 1208 1137 ,
1235 1098 1371 1143 inquit,

433 1147 511 1190 quia
547 1144 614 1192 ipse
641 1148 740 1193 prior
765 1144 889 1183 dilexit
915 1158 977 1180 nos
1005 1172 1012 1179 .
1048 1147 1194 1191 Optime
1222 1149 1368 1181 omnino

432 1204 533 1240 atque
560 1196 745 1230 veriffime.
774 1198 857 1230 Non
884 1199 975 1231 enim
997 1193 1200 1231 haberemus
1220 1195 1309 1231 unde
1327 1195 1367 1232 il-

433 1242 507 1279 lum
534 1243 775 1291 diligeremus,
802 1244 862 1280 nili
888 1243 959 1280 hoc
985 1243 1027 1281 ab
1054 1244 1139 1287 illo,
1164 1258 1244 1282 cum
1271 1249 1368 1294 prior

431 1306 493 1332 nos
513 1293 690 1341 diligeret,
715 1294 940 1337 sumeremus.
956 1294 1064 1341 'Quid
1081 1306 1193 1332 autem
1222 1295 1304 1332 boni
1327 1296 1372 1339 fa2·

432 1355 608 1387 aremus,
634 1345 696 1384 nist
720 1345 942 1393 diligeremus
966 1346 979 1380 ?
1004 1349 1078 1389 Aut
1104 1346 1286 1394 quomodo
1311 1346 1372 1383 bo-

430 1404 514 1430 num
534 1407 604 1431 non
622 1395 784 1438 facimus,
803 1395 826 1432 fi
850 1396 1052 1443 diligamus?
1077 1400 1122 1435 Et
1143 1396 1167 1432 fi
1189 1401 1279 1433 enim
1303 1399 1371 1434 Dei

429 1443 628 1481 mandatum
650 1446 785 1483 videtur
805 1447 990 1494 aliquando
1009 1460 1078 1482 non
1098 1461 1116 1483 a
1137 1447 1372 1495 diligentibus,

429 1492 485 1530 sed
510 1508 527 1530 a
548 1496 746 1534 timentibus
773 1497 870 1536 fieris
897 1508 1010 1534 tamen
1038 1500 1119 1537 UBI
1146 1502 1256 1535 NON
1283 1501 1371 1534 EST

427 1545 700 1590 DILECTIO,
727 1547 860 1584 nullum
889 1547 1020 1584 bonum
1048 1561 1138 1598 opus
1166 1552 1371 1596 imputatur,

228 1598 409 1641 Rom.14.23.
426 1607 490 1632 nec
512 1598 603 1636 reete
623 1596 755 1635 bonum
767 1612 853 1647 opus
875 1603 1128 1647 vocatur:quia
1150 1612 1255 1635 omne
1275 1599 1372 1647 quod

427 1658 498 1681 non
517 1660 561 1683 ex
589 1647 655 1685 fide
675 1648 747 1691 est,
772 1660 951 1698 peccatum
978 1648 1052 1689 est‚·
1078 1654 1112 1687 δι
1131 1650 1215 1687 fides
1242 1663 1302 1699 per
1322 1650 1372 1686 di-

426 1695 615 1735 lestionem
643 1710 823 1747 operatur.
853 1704 906 1736 Ac
932 1713 993 1749 per
1019 1698 1091 1736 hoc
1116 1704 1260 1748 gratiam
1279 1703 1371 1743 Dei,

429 1759 495 1794 qua
516 1745 664 1785 charitas
684 1751 752 1785 Dei
779 1749 985 1787 diffunditur
1012 1754 1045 1785 in
1066 1750 1230 1787 cordibus
1247 1750 1371 1788 nostris

428 1809 489 1844 pei·
516 1798 871 1844 Spiritum-sanctum,
897 1803 955 1847 qui
982 1799 1078 1836 datus
1099 1800 1148 1836 est
1175 1800 1300 1843 nobis,
1326 1802 1370 1838 fic

427 1846 656 1891 confiteatur,
678 1853 736 1896 qui
756 1849 831 1887 vult
851 1854 1016 1886 veraciter
1035 1851 1217 1893 confiteri,
1236 1863 1274 1888 ut
1295 1865 1370 1888 om-

426 1901 512 1932 nino
530 1896 618 1935 nihil
641 1898 722 1935 boni
742 1898 809 1935 fine
831 1899 911 1942 illa,
933 1900 1028 1948 quod
1047 1900 1088 1936 ad
1112 1905 1271 1949 pictatem
1295 1915 1369 1949 per·

425 1950 512 1987 tinet
537 1960 722 1995 veramque
749 1949 934 1993 justitiam,
960 1951 1034 1987 fieri
1062 1950 1153 1999 poffe
1181 1963 1250 1987 non
1271 1952 1369 1989 dubi-

427 1998 606 2033 tet-‘Non
632 1999 815 2045 quomodo
842 1998 903 2034 iste
929 2025 941 2042 ,
967 2005 1025 2048 qui
1054 2014 1132 2037 cum
1160 2001 1244 2039 dicit
1263 2028 1275 2045 ,
1299 2013 1369 2049 pro-

425 2056 534 2092 pterea
559 2049 632 2083 dari
652 2052 798 2092 gratiam
818 2072 830 2091 ,
855 2059 894 2085 ut
920 2052 1000 2096 quod
1026 2064 1045 2086 a
1072 2059 1138 2087 Deo
1162 2058 1370 2098 pracipitur,

422 2097 552 2142 facilius
564 2098 763 2143 impleatur,
782 2098 864 2146 quid
884 2099 925 2136 de
946 2101 1003 2137 illa
1023 2101 1141 2138 sentiat
1161 2102 1236 2140 satis
1258 2103 1371 2140 osten-

426 2147 501 2189 dit,
528 2146 679 2192 scilicet,
707 2149 802 2197 quod
829 2152 929 2186 etiam
958 2151 1023 2187 fine
1051 2152 1108 2188 illa
1132 2179 1144 2195 ,
1161 2147 1229 2192 *etfi
1255 2158 1371 2191 minus

427 2197 552 2283 ἱεισῆᾗ,
580 2198 653 2236 fieri
681 2210 793 2237 tamen
821 2201 916 2247 quod
942 2202 1105 2238 divinitus
1132 2207 1332 2248 praecipitur
1357 2227 1370 2243 ,

426 2257 509 2295 pote
551 2275 560 2283 .

238 1148 312 1182 lbid.
331 1158 376 1186 19.

210 1725 212 1727 .
227 1701 298 1731 Gal.
307 1704 368 1737 506.

228 1742 345 1777 Κεφ-ς.
356 1751 382 1778 5·

228 2301 270 2330 Ex
297 2304 369 2342 Cap·
430 2329 433 2331 .
483 2300 589 2333 Nunc
615 2310 700 2344 ergo
726 2298 767 2334 de
794 2299 967 2343 adjutorio
993 2301 1129 2344 gratiae,
1156 2297 1252 2345 quod
1279 2297 1370 2334 insti·

250 2341 343 2374 XXX.
427 2349 557 2384 ruimus
579 2347 811 2395 peragendum
838 2348 905 2384 est.
932 2348 1032 2385 Unde
1059 2348 1100 2383 ad
1119 2348 1154 2382 id
1173 2347 1267 2394 quod
1289 2361 1368 2395 pro-

429 2396 568 2445 posuit,
594 2397 679 2442 quid
706 2400 809 2431 etiam
835 2395 920 2431 hinc
945 2396 1144 2443 respondeat
1171 2398 1367 2432 videamus.

431 2450 481 2483 Ut
508 2449 600 2482 enim
622 2448 823 2481 omittamus
851 2447 920 2490 ejus
948 2445 1129 2481 invidiosas
1153 2445 1195 2480 de
1222 2445 1286 2481 suis
1304 2449 1368 2481 ini-

433 2499 531 2534 micis
552 2494 728 2544 querelas,
755 2494 813 2532 ubi
840 2495 881 2531 ad
901 2508 972 2531 rem
994 2506 1136 2531 ventum
1153 2494 1225 2537 est,
1252 2498 1297 2531 ita
1319 2495 1369 2531 lo—

431 2558 527 2584 cutus
553 2546 618 2583 est.

250 2614 278 2644 C
289 2625 397 2646 APUT
484 2603 587 2640 Ecce,
612 2600 747 2645 inquit,
773 2600 858 2645 apud
882 2597 1108 2635 beatitudinem
1129 2606 1220 2633 tuam
1246 2596 1370 2643 epistola

267 2656 380 2686 XXXI.
435 2647 491 2692 ista
516 2661 567 2684 me
591 2651 786 2694 purget,2in
810 2661 873 2695 qua
895 2658 974 2694 pure
999 2657 1095 2694 atque
1115 2647 1305 2692 simpliciter
1329 2649 1371 2683 ad

234 2695 279 2740 De
294 2695 398 2740 'gratia
431 2700 626 2745 pecandum,
652 2702 695 2735 (θ’
714 2701 756 2735 ad
773 2712 832 2735 non
850 2701 1047 2744 peccandum
1063 2702 1221 2742 integrum
1239 2696 1369 2733 liberum

235 2736 311 2804 ”3¹¹¹
335 2736 415 2805 9⁰4¹?
434 2748 600 2785 arbitrium
617 2747 730 2784 habere
755 2762 809 2785 nos
827 2751 985 2791 dicimus,
1011 2751 1091 2794 quod
1115 2751 1146 2784 in
1162 2746 1302 2784 omnibus
1319 2747 1370 2784 bo-

236 2785 418 2855 ,getjrfflffio'd
434 2801 481 2835 nis
495 2797 635 2844 operibus
653 2799 764 2835 divino
782 2799 962 2845 adjuvatur
972 2799 1098 2844 semper
1116 2798 1256 2835 auxilio.
1274 2802 1369 2835 .Cer-

238 2864 298 2884 non
315 2857 402 2893 poffit
435 2852 513 2884 nitis
541 2851 675 2895 itaque,
700 2861 766 2896 pro
793 2848 968 2885 intelleem
994 2862 1095 2896 quem
1125 2847 1224 2885 vobis
1243 2851 1369 2885 Domi-

238 2894 365 2935 ⁵s²f⁸¹1³gi
382 2895 418 2925 de
437 2912 498 2935 nus
525 2897 643 2940 dedit,
667 2896 740 2935 haec
766 2901 834 2945 ejus
862 2898 965 2935 verba
991 2898 1161 2935 solvendae
1186 2912 1256 2934 non
1281 2897 1375 2935 suffr-⁴

239 2934 418 3005 ἒεξὲἷῐῗῐξὲἶυε
440 2962 516 2985 cere
541 2948 722 2997 quaestioni
748 2977 756 2985 .
783 2953 977 2995 Quaerimus
1004 2954 1095 2986 enim
1122 2948 1234 2986 adhuc
1261 2975 1272 2992 ,
1297 2963 1369 2998 quo

382 2996 390 3004 '
440 2998 570 3035 auxilio
608 2998 756 3036 liberum
778 3000 932 3044 adjuvari
967 3000 1057 3043 dicat
1083 2999 1263 3037 arbitrium
1290 3026 1302 3042 ,
1327 3013 1368 3035 ne

239 3063 394 3102 Plania.
438 3048 528 3085 forte
555 3075 567 3092 ,
592 3048 674 3086 ficut
701 3050 785 3086 solet
813 3076 824 3093 ,
851 3050 935 3087 velit
962 3051 1104 3099 intelligi
1134 3051 1242 3098 legem
1269 3061 1369 3099 atque

439 3098 629 3136 doc'trinam
642 3127 651 3136 .
678 3103 708 3136 Si
729 3103 820 3136 enim
839 3114 966 3148 quaeras
986 3114 1046 3137 cur
1066 3101 1213 3143 dixerit,
1235 3100 1369 3146 semper:

441 3154 568 3198 poterit
595 3150 820 3196 respondere,
846 3155 924 3198 quia
944 3150 1075 3186 dietum
1103 3150 1171 3192 est,
1198 3153 1244 3186 Et
1271 3153 1303 3185 in
1324 3150 1368 3185 le-

440 3212 479 3246 ge
505 3201 573 3245 ejus
600 3199 818 3235 meditabitur
844 3200 898 3235 die
924 3214 962 3236 ac
989 3202 1109 3236 ηοᾶε.
1137 3200 1273 3236 Deinde
1292 3213 1371 3236 cum

441 3249 481 3285 de
499 3249 653 3286 hominis
680 3250 878 3286 conditione
891 3275 901 3291 ‚
928 3255 961 3285 δε
981 3249 1022 3286 ad
1042 3250 1247 3298 peccandum
1268 3262 1371 3298 ‘atque

446 3313 515 3336 non
543 3300 750 3349 peccandum
776 3300 919 3336 naturali
946 3300 1012 3343 ejus
1041 3300 1256 3347 poffibilitate
1284 3314 1370 3348 quae-

441 3349 518 3385 dam
546 3348 811 3400 interposuisset,
836 3350 990 3396 adjunxit
1015 3349 1150 3386 dicens:
1177 3350 1371 3402 „Quamlibe-

440 3403 470 3436 ri
497 3399 620 3437 arbitrii
638 3400 821 3446 potestatem
846 3403 980 3436 dicimus
1005 3403 1035 3436 in
1054 3400 1190 3438 omnibus
1215 3400 1268 3446 effe
1280 3413 1371 3445 gene-

440 3449 572 3491 raliter,
598 3465 628 3487 in
649 3450 849 3494 Christianis,
866 3452 988 3495 Judaez‘s
1005 3461 1101 3495 atque
1120 3451 1307 3495 gentilibus.
1334 3458 1369 3487 In

442 3498 582 3536 omnibus
608 3500 647 3542 est
666 3501 797 3537 liberum
822 3499 991 3537 arbitrium
1019 3502 1180 3546 aequaliter
1197 3511 1253 3547 per
1277 3511 1369 3538 natu-

444 3561 511 3585 ram
533 3574 545 3591 ,
572 3549 626 3594 sed
651 3553 681 3586 in
702 3550 776 3593 solis
803 3549 984 3595 christianis
1004 3550 1147 3598 juvatur
1180 3565 1200 3586 a
1222 3555 1331 3595 gratia
1358 3579 1366 3587 .

444 3600 572 3634 Iterum
601 3603 780 3647 quaerimus
807 3614 872 3648 qua
896 3604 1001 3647 gratia
1028 3604 1040 3636 ἓ
1066 3604 1110 3636 Et
1136 3601 1248 3638 adhuc
1277 3612 1370 3649 pote-

288 3680 316 3711 G
368 3680 374 3685 .
445 3649 492 3681 rit
516 3649 738 3694 respondere,
765 3650 835 3697 lege
862 3662 962 3698 atque
987 3651 1142 3687 doeh-ina
1163 3651 1368 3688 Christiana.

251 3687 426 3750 ςεωὲἒῖῗῃω
495 3696 629 3731 Deinde
655 3700 840 3745 quamlibet
865 3700 981 3736 sentiat
1004 3703 1146 3748 gratiam
1167 3701 1242 3749 ipsis
1267 3701 1371 3738 Chri·

250 3761 352 3791 mema
366 3760 427 3791 dari
447 3743 560 3779 stianis
580 3744 758 3783 secundum
785 3749 911 3785 merita*
923 3750 994 3786 dari
1014 3751 1104 3788 dicis
1131 3763 1208 3787 cum
1235 3765 1292 3787 eos
1313 3754 1371 3798 qui

252 3802 343 3830 dicit.
448 3792 520 3831 haec
531 3792 670 3836 dicunt,
696 3797 760 3839 jam
781 3801 814 3831 in
824 3798 1017 3841 Palaestina,
1043 3800 1122 3836 ficut
1133 3800 1229 3848 supra
1249 3800 1372 3836 *com—

253 3841 403 3881 *Ὀφ-η·
449 3846 639 3882 memoravi
664 3868 686 3892 ,η
713 3844 766 3880 sua
791 3845 847 3882 illa
875 3848 1030 3893 praeclara
1058 3853 1255 3896 purgatione
1282 3850 1372 3887 dam-

1435 346 1567 382 naverit
1582 370 1590 378 .
1617 345 1708 379 Nam
1730 340 1833 378 verba
1852 343 1920 385 eius
1946 341 2007 380 ista
2023 340 2121 379 sunt:
2138 346 2181 379 ’1η
2202 341 2290 386 alis,
2314 346 2365 380 in-

1433 398 1532 444 quit,
1558 395 1672 429 nudum
1699 393 1874 430 &inerme
1897 391 1939 437 est
1960 394 2146 437 conditionis
2170 392 2304 433 bonum.-
2331 396 2364 431 in

1438 448 1486 481 eis
1513 444 1596 479 dicit
1609 446 1679 492 ,qui
1705 442 1896 480 Christiani
1921 456 1991 485 non
2015 443 2091 480 sunt
2116 470 2125 479 .
2153 442 2290 486 Deinde
2314 456 2366 482 ce·⁴

1437 506 1508 531 tera
1527 503 1730 530 contexens:
1756 501 1790 530 ln
1807 493 1856 530 his
1875 496 2102 542 ven,‚inquit
2115 518 2127 536 ,
2146 497 2201 538 qui
2217 495 2259 531 ad
2277 493 2365 538 Chri·

1433 544 1516 589 sium
1540 546 1697 590 pertinent
1718 568 1728 584 ‚
1753 542 1866 586 christi
1889 547 2034 582 munitm
2057 543 2177 580 auxilio
2195 570 2204 579 .
2230 542 2364 591 Videtis

1437 594 1549 633 adhuc
1575 597 1741 633 incertum
1768 593 1829 630 ess'e
1854 606 1928 642 quo
1946 595 2101 637 auxilio,
2126 593 2308 631 secundum
2326 598 2364 632 eh

1439 658 1514 694 quae
1540 644 1635 692 supra
1656 644 1829 681 diximus.
1855 644 1920 681 Sed
1944 643 2056 682 adhuc
2082 644 2232 692 sequitur
2258 643 2301 680 de
2327 643 2367 681 il,

1436 696 1477 732 lis
1504 699 1560 743 qui
1587 692 1775 735 Christiani
1801 707 1871 731 non
1896 694 1969 732 sunt
1995 721 2008 739 ,
2033 700 2068 732 Sc
2092 693 2275 733 dicittillli
2299 695 2365 734 idea

1432 745 1595 793 judicandi
1617 754 1712 791 atque
1728 745 1898 782 damnandi
1915 745 2012 790 sunt,
2031 749 2114 792 ,quia
2138 742 2367 783 cumhabeant

1435 795 1566 833 liberum
1591 794 1781 838 arbitrium,
1805 805 1862 841 per
1885 797 1965 840 quod
1989 798 2032 832 ad
2046 794 2141 839 fidem
2166 798 2276 832 venire
2290 793 2367 840 >pos«

1429 845 1521 890 sent,
1547 847 1590 883 (θ’
1607 849 1667 882 Dei
1686 849 1830 891 gratiam
1849 845 2043 891 promereri,
2067 846 2150 884 male
2173 851 2313 882 utamur
2327 844 2368 882 li-

1436 896 1558 933 bertate
1583 895 1733 942 emiceffa.
1761 900 1804 932 Hi
1831 908 1909 932 vero
1934 897 2151 933 remunerandi
2170 893 2249 943 sunt
2274 919 2288 937 ,
2307 898 2367 940 qui

1435 945 1510 983 bene
1535 945 1628 984 libero
1652 955 1775 982 utentes
1793 944 1946 988 arbitrio,
1971 955 2131 982 merentur
2154 947 2366 990 vomintgra-

1434 1000 1540 1039 tiam,
1565 996 1688 1044 &ejus
1713 998 1866 1032 mandata
1884 995 2077 1039 cusiodiunt.
2104 997 2241 1043 Nempe
2260 998 2366 1033 mui-

1432 1046 1554 1084 festum
1580 1046 1651 1089 est,
1676 1059 1754 1082 eum
1781 1045 1892 1083 dice're
1917 1050 2061 1094 gratiam
2089 1043 2270 1084 fecundum
2297 1058 2368 1083 me·

1431 1102 1496 1134 rita
1515 1097 1609 1138 dari,
1635 1095 1826 1145 quamlibet
1847 1109 1919 1132 eam
1934 1122 1947 1140 ‚
1965 1095 2263 1145 veliqualemlibet
2273 1094 2368 1143 signif
2388 1098 2406 1127 θ

1431 1149 1533 1191 ficet,
1560 1161 1660 1196 quam
1689 1158 1800 1183 tamen
1819 1159 1934 1195 aperte
1960 1160 2029 1184 non
2055 1150 2242 1196 exprimit.
2269 1149 2364 1183 Nam

1429 1208 1507 1236 cum
1534 1212 1592 1235 eos
1619 1197 1882 1235 remunerandos
1901 1197 2007 1240 dicit,
2031 1201 2090 1245 qui
2118 1196 2201 1233 bene
2221 1207 2367 1235 utuntur

1430 1249 1541 1286 libero
1554 1248 1719 1290 arbitrio,
1746 1253 1780 1284 &
1799 1248 1878 1284 ideo
1901 1251 2023 1284 mereri
2038 1250 2188 1285 Domini
2207 1250 2369 1296 gratiam.
2540 1268 2548 1273 ·-

1431 1298 1588 1336 debitum
1614 1301 1661 1334 eis
1689 1298 1783 1334 reddi
1810 1298 1933 1335 fatetur
1955 1319 1968 1332 ›.
1994 1296 2066 1336 Ubi
2092 1296 2142 1335 est
2168 1310 2252 1347 ergo
2278 1297 2367 1337 iliud
2383 1307 2558 1342 Ram.3.24,

1432 1349 1626 1398 Apostoli,
1651 1347 1826 1390 justificati
1855 1353 1957 1395 gratis
1984 1361 2045 1397 per
2071 1351 2218 1396 gratiam
2244 1344 2563 1396 ips1ns‚?,pr⁸l'·²·⁸·

1430 1400 1503 1438 Ubi
1529 1399 1578 1435 est
1600 1403 1634 1436 δε
1658 1398 1765 1441 illud,
1790 1402 1911 1437 Gratia
1933 1399 2014 1436 salvi
2034 1399 2113 1436 faffi
2132 1398 2236 1444 estis?
2261 1401 2373 1435 Etne.
2567 1408 2571 1424 2
2628 1400 2630 1402 ’

1433 1460 1592 1499 putarent
1618 1462 1679 1498 per
1706 1461 1833 1497 opera,
1857 1449 2010 1493 addidit,
2037 1462 2098 1498 per
2124 1449 2249 1486 fidem.
2274 1452 2370 1486 Rura

1432 1501 1485 1538 sus
1505 1515 1546 1537 ne
1573 1499 1676 1549 ipsam
1696 1500 1800 1536 fidem
1821 1499 1884 1536 fine
1904 1503 1973 1536 Dei
1999 1503 2105 1548 gratia
2124 1499 2183 1536 fibi
2209 1508 2372 1548 putarent
2464 1513 2473 1529 2
2523 1519 2544 1530 ,ι
2561 1513 2573 1532 t

1433 1550 1495 1588 effe
1522 1550 1760 1588 tribuendam:
1787 1552 1834 1586 Et
1859 1548 1953 1594 hoc,
1980 1554 2115 1599 inquit,
2141 1562 2211 1586 non
2237 1545 2516 1593 ex.vp⁴.1⁶‚¹'d‘m·

1433 1602 1508 1645 bis,
1534 1602 1589 1638 sed
1607 1604 1676 1638 Dei
1703 1600 1832 1637 donum
1851 1600 1917 1638 est.
1945 1604 2083 1650 Nempe
2103 1613 2186 1648 ergo
2205 1598 2293 1638 illud
2308 1586 2567 1658 undgfffgitffig

1431 1653 1473 1690 de
1493 1655 1615 1701 incipit
1631 1663 1757 1694 omne,
1777 1651 1872 1699 quod
1892 1655 2017 1690 merito
2035 1655 2189 1698 accipere
2208 1650 2373 1701 dicimur-3,
2386 1667 2475 1698 „unis
2505 1675 2567 1696 me.

1433 1704 1499 1740 fine
1526 1707 1654 1739 merito
1680 1705 1866 1750 accipimus
1891 1727 1903 1745 ,
1929 1701 1965 1739 id
1990 1701 2039 1739 est
2065 1727 2077 1745 ,
2103 1701 2207 1750 ipsam
2234 1699 2566 1746 fidemaritisnostriz

1434 1758 1508 1791 Aut
1535 1753 1558 1789 fi
1578 1764 1718 1801 negatur
1737 1752 1833 1795 dari,
1859 1753 1940 1800 quid
1959 1751 2007 1789 est
2033 1752 2130 1800 quod
2155 1751 2287 1788 dierum
2306 1749 2372 1789 esta*
2387 1747 2536 1779 redditur.

1433 1809 1527 1842 Sicut
1554 1807 1738 1852 unicuique
1758 1806 1853 1840 Deus
1879 1806 2022 1851 partitus
2047 1801 2096 1839 est
2122 1799 2373 1839 mensuram-fia
2388 1829 2459 1859 Rom
2481 1836 2568 1864 ¹²⁸3-

1432 1855 1508 1892 dei?
1533 1858 1565 1891 Si
1586 1866 1698 1891 autem
1725 1853 1768 1890 fic
1787 1853 1913 1890 dicitur
1937 1853 2034 1896 dari,
2060 1864 2098 1889 ut
2117 1851 2279 1888 reddatur
2301 1858 2371 1891 mer
2389 1849 2504 1900 Phffih
2519 1875 2570 1904 ²9·

1430 1910 1527 1948 ritis,
1553 1918 1623 1941 non
1650 1905 1798 1941 donetur
1824 1917 1834 1941 3
1870 1904 1952 1951 quid
1977 1903 2026 1940 est
2051 1902 2147 1952 quod
2171 1898 2372 1941 iterum-div

1430 1960 1500 1998 cit,
1527 1955 1639 1993 Vobis
1665 1955 1831 1991 donatum
1858 1954 1907 1991 est
1935 1967 2003 2002 pror
2027 1951 2197 1995 Christo,
2223 1963 2293 1988 non
2319 1949 2372 1987 st>-
2401 1971 2403 1973 v

1432 2007 1505 2043 lum
1533 2018 1571 2043 ut
1589 2005 1730 2042 credatis
1754 2008 1787 2041 in
1807 2018 1907 2047 eum,
1934 2017 2056 2042 verum
2074 2007 2175 2040 etiam
2201 2013 2239 2039 ut
2265 2005 2373 2051 patia-

1432 2060 1518 2093 mini
1546 2070 1612 2106 pro
1634 2058 1699 2093 eo?
1726 2059 1925 2103 Utrumque
1940 2057 2032 2092 enim
2060 2054 2225 2093 donatum
2248 2050 2316 2093 effe
2327 2059 2373 2091 tea

1432 2107 1534 2144 status
1553 2107 1669 2150 est,&
1690 2106 1785 2154 quod
1803 2105 1912 2141 credit
1931 2109 1964 2140 in
1983 2104 2191 2144 Christum,
2216 2099 2373 2184 &qijd

1433 2163 1563 2204 patitur
1583 2156 1726 2202 quisque
1754 2166 1820 2198 pro
1846 2151 2013 2186 Christo.
2039 2150 2098 2185 Isti
2116 2159 2228 2184 autem
2258 2148 2281 2183 li
2326 2161 2369 2184 ro

1432 2205 1579 2238 arbitrio
1605 2203 1647 2234 fic
1672 2199 1847 2245 applicant
1873 2197 1976 2232 fidem
1998 2222 2009 2239 ,
2037 2209 2074 2234 ut
2101 2197 2180 2233 fidei
2209 2196 2369 2234 videlicet

1432 2249 1529 2285 reddi
1557 2247 1712 2284 videatur
1740 2273 1751 2288 ,
1779 2260 1847 2282 non
1875 2250 2018 2292 gratuita
2040 2271 2051 2287 ‚
2077 2245 2133 2281 sed
2158 2245 2269 2282 debita
2296 2259 2370 2291 gra-

1432 2303 1498 2335 tia:
1525 2312 1561 2334 ac
1589 2311 1649 2346 per
1675 2297 1745 2332 hoc
1773 2298 1838 2341 jam
1865 2308 1926 2330 ncc
1952 2298 2082 2341 gratia,
2109 2297 2189 2341 quia
2214 2293 2274 2329 nifi
2296 2306 2370 2342 gra-

1431 2352 1540 2390 tuita,
1568 2360 1637 2383 non
1663 2346 1711 2381 est
1736 2349 1863 2392 gratia.

1479 2397 1606 2434 Audiat
1631 2409 1715 2441 ergo
1741 2400 1755 2439 (
1781 2396 1933 2443 Pelagius
1958 2393 1972 2434 )
2008 2394 2108 2431 illum
2138 2393 2367 2432 venerabilem
2405 2392 2548 2424 CAPUT

1428 2447 1612 2483 antistitem
1632 2451 1646 2490 (
1663 2444 1885 2483 Ambrosium
1904 2446 1918 2483 )
1937 2444 2107 2484 dicentem
2128 2450 2162 2482 δι
2183 2445 2370 2486 docentem·-
2409 2433 2532 2504 ,ξιξ-Ὺ·
2556 2490 2567 2496 ·

1429 2501 1464 2533 in
1491 2496 1637 2533 secundo
1674 2495 1766 2532 libro
1792 2494 2014 2543 expolitionis
2041 2496 2222 2543 Evangelii
2250 2495 2368 2533 secun..
2383 2482 2566 2554 fiuspfflag‘i’o

1429 2547 1512 2582 dum
1541 2551 1671 2583 Lucam
1690 2544 1733 2588 *,
1760 2549 1941 2594 cooperari
1961 2548 2155 2582 Dominum
2181 2548 2284 2582 etiam
2305 2558 2367 2583 vo«
2383 2554 2564 2596 opponitur.

1431 2596 1616 2634 luntatibus
1636 2596 1778 2633 nostris.
1791 2599 1883 2632 Vides
1900 2599 2029 2641 itaque,
2050 2599 2184 2644 inquit,
2205 2599 2279 2640 quia
2299 2593 2565 2632 ubi.-num.84.ad

1430 2660 1489 2694 que
1513 2650 1638 2684 Domini
1663 2651 1773 2682 virtus
1795 2645 1904 2689 studiis
1929 2656 2113 2692 cooperatur
2135 2646 2303 2686 humanis;
2327 2655 2366 2687 uc
2382 2636 2490 2674 ια’-3·
2505 2642 2553 2666 ²²·

1430 2711 1516 2735 nemo
1540 2696 1628 2744 poffit
1653 2695 1804 2739 aedificare
1826 2697 1890 2743 sine
1915 2700 2045 2734 Domino
2067 2722 2080 2739 ,
2105 2709 2192 2733 nemo
2217 2695 2365 2740 custodire

1424 2748 1489 2795 fine
1515 2752 1647 2785 Domino
1666 2773 1678 2790 ,
1703 2760 1791 2784 nemo
1816 2749 1987 2793 quidquam
2012 2750 2145 2792 incipere
2165 2746 2230 2792 fine
2256 2751 2365 2784 Domi·

1429 2813 1482 2836 no.
1511 2804 1554 2835 Et
1579 2800 1644 2834 ideo
1664 2797 1767 2845 juxta
1789 2797 1976 2844 ‚apostolum
1995 2822 2008 2840 ,
2033 2801 2110 2833 Sive
2135 2799 2334 2847 manducatis
2353 2821 2366 2840 ,
2387 2806 2413 2827 ⁸·
2433 2796 2500 2826 Cor*
2520 2804 2562 2826 1⁰-

1421 2850 1494 2895 sive
1519 2848 1647 2891 bibitis,
1671 2851 1774 2885 omnia
1800 2852 1832 2884 in
1858 2850 1917 2883 Dei
1937 2847 2071 2891 gloriam
2091 2846 2178 2892 facit
2196 2874 2204 2882 .
2231 2847 2365 2884 Videtis
2383 2845 2434 2874 3¹·

1427 2898 1718 2947 quemadmodum
1754 2897 1882 2934 sanstus
1910 2897 2109 2934 Ambrofius
2136 2901 2237 2933 ctiam
2275 2895 2362 2932 illud

1430 2950 1526 2997 quod
1553 2948 1661 2985 solent
1689 2947 1847 2984 homines
1873 2947 2007 2991 dicere,
2036 2952 2111 2986 Nos
2140 2950 2321 2994 incipimus
2348 2970 2360 2988 ‚

1431 3005 1466 3037 δε
1493 3003 1588 3036 Deus
1614 2998 1750 3047 perficit
1777 3024 1788 3040 ‚
1824 2998 1880 3034 his
1908 2997 2019 3034 verbis
2044 2996 2181 3033 abstulit
2206 2996 2322 3032 dicens
2350 3020 2362 3037 ,

1429 3054 1603 3095 Neminem
1630 3051 1801 3094 quidquam
1828 3049 1884 3086 vei
1907 3051 2039 3093 incipere
2059 3046 2124 3092 fine
2151 3052 2215 3082 Deo
2237 3073 2243 3080 .
2271 3049 2361 3081 Item
2552 3080 2558 3083 ,

1429 3104 1462 3136 in
1489 3099 1584 3136 sexto
1605 3098 1708 3135 libros
1734 3097 1880 3144 ejusdem
1908 3101 2045 3146 operis,
2072 3094 2092 3115 *
2111 3108 2189 3132 cum
2216 3095 2256 3131 dc
2277 3095 2362 3131 duo-
2379 3109 2396 3125 κ
2413 3120 2489 3143 num*
2507 3103 2561 3148 ²5ss

1434 3150 1493 3187 bus
1520 3149 1587 3186 illis
1614 3149 1830 3186 foeneratoris
1855 3151 1952 3185 unius
1977 3145 2190 3183 debitoribus
2217 3157 2329 3192 ageret
2350 3171 2362 3188 ,
2380 3149 2446 3181 Luc.
2457 3160 2543 3187 7·4¹·

1432 3201 1603 3237 Secundum
1623 3199 1777 3236 hominem
1792 3225 1803 3242 ,
1830 3200 1961 3245 inquit,
1985 3197 2057 3242 plus
2068 3194 2197 3242 fortasse
2215 3196 2362 3243 offendit,

1433 3255 1488 3296 qui
1511 3251 1582 3295 plus
1606 3249 1757 3286 debuerat
1774 3274 1787 3292 ,
1808 3249 1862 3293 sed
1885 3258 1942 3292 per
1967 3247 2206 3290 ruist’ricordiam
2233 3249 2363 3282 Domini

1428 3299 1532 3347 cauffa
1557 3309 1724 3342 mutatur,
1747 3307 1787 3334 ut
1810 3298 1946 3342 amplius
1971 3298 2083 3341 diligat
2105 3321 2116 3339 ,
2142 3300 2197 3342 qui
2223 3297 2360 3342 amplius

1429 3351 1556 3391 debuit,
1578 3349 1604 3394 fi
1629 3359 1737 3385 tamen
1749 3352 1892 3392 gratiam
1919 3347 2140 3392 confiiquatur.
2167 3348 2256 3382 Ecce
2266 3359 2360 3394 aper-

1431 3401 1553 3437 tiffime
1582 3399 1740 3446 praedicat
1765 3397 1953 3434 catholicus
1978 3397 2104 3434 doctor
2124 3402 2225 3433 etiam
2253 3396 2358 3445 ipsam

1428 3451 1649 3487 dilectionem
1676 3474 1687 3491 ,
1723 3461 1787 3496 qua
1814 3447 1951 3496 quisquc
1977 3448 2124 3497 amplius
2148 3447 2260 3494 diligit
2280 3472 2292 3489 ,
2316 3447 2359 3485 ad

1429 3500 1630 3538 beneficium
1656 3502 1768 3544 gratiae
1795 3502 1982 3545 pertinere.

1479 3549 1587 3598 Ipsam
1609 3549 1752 3595 denique
1771 3553 2134 3597 paenitentiam2quam
2154 3548 2277 3597 procul
2298 3548 2356 3585 du·
2395 3559 2534 3590 estu-1-

1430 3600 1491 3636 bio
1518 3599 1673 3635 voluntas
1699 3602 1787 3644 agit,
1812 3602 1959 3635 Domini
1986 3599 2218 3636 misericordia
2243 3603 2277 3635 &
2303 3599 2357 3635 ad·
2416 3599 2513 3630 XLV·

1432 3653 1560 3697 jutorio
1580 3649 1652 3684 fieri
1680 3659 1716 3684 ut
1735 3660 1872 3695 agatur,
1899 3653 1933 3685 in
1953 3650 2090 3687 decimo
2109 3649 2254 3695 ejusdem
2274 3660 2356 3696 ope-
2392 3678 2473 3708 ,Kb

1431 3705 1478 3737 ris
1503 3699 1594 3735 libro
1620 3697 1640 3717 *
1663 3697 1776 3734 beatus
1803 3699 1885 3735 dicit
1913 3700 2113 3737 Ambrosius
2139 3702 2184 3736 ita
2199 3699 2355 3746 loquens,-
2375 3730 2420 3750 „u-
2441 3689 2547 3755 §9:¹22

1432 3758 1519 3786 Bonae
1547 3749 1684 3788 lacryma
1710 3762 1776 3794 quia
1801 3750 1925 3795 culpam
1951 3751 2088 3787 lavant.
2115 3754 2255 3795 Denique
2280 3761 2356 3793 quos
2373 3762 2555 3791 Luc.2z.6r.

1424 3801 1517 3847 Jesus
1540 3799 1664 3844 respicit
1689 3823 1702 3840 ,
1725 3800 1848 3844 plorant
1871 3800 2020 3836 delictum
2040 3828 2047 3836 .
2074 3807 2232 3845 Negavit
2246 3803 2355 3843 primo

1432 3856 1571 3892 Petrus,
1597 3852 1640 3890 (θ’
1658 3861 1715 3886 non
1735 3847 1854 3894 flevit,
1880 3853 1952 3894 quia
1977 3864 2034 3888 non
2052 3851 2233 3896 respexerat
2249 3853 2355 3886 Domi-

2230 3910 2305 3935 nus:
