2652 4126
602 193 1067 252 EXPOSITIO
1125 209 1206 251 IN

370 291 446 332 Et·
461 290 683 348 respondebo
705 289 1023 346 exprobrantibus
1037 289 1135 331 mibi
1153 305 1239 331 ver-

428 348 540 401 bum,
551 348 646 405 quia
666 348 832 406 speravi
848 350 890 389 in
894 349 1134 405 sermonibus
1143 349 1233 391 tuis.

374 408 540 449 Verbum
581 408 900 465 exprobrantibus
929 423 943 463 5
983 421 1032 449 an
1074 407 1235 449 verbum

312 466 536 524 respondebo
557 496 569 519 ,
599 465 832 522 ambiguum
863 465 917 508 est
950 482 958 508 :
990 465 1053 522 sed
1085 479 1234 509 utrum-

218 536 236 557 ·
296 539 388 582 :que
419 530 435 548 ²
465 524 647 569 Christus
678 523 792 568 sonat
813 556 823 567 .
856 525 995 583 Ipsum
1025 527 1136 568 enim
1168 540 1238 568 no-

217 606 236 636 1,
297 585 372 627 -bis
399 586 682 643 exprobrant,
722 589 738 616 Ι»
768 585 906 642 quibus
946 584 1237 629 estrcrucifixus

299 645 381 687 ,νεὶ
410 643 663 697 scandalum,
693 640 771 686 vel'
791 643 978 687 stultitia:
1008 645 1239 702 ignorantes

141 728 248 756 neor.
267 704 420 761 ¹‚quia-
438 706 604 747 Verbum
635 720 721 746 caro
741 703 895 759 fabium
925 705 981 760 est
1007 735 1020 757 ‚
1050 705 1099 746 Θ·
1130 706 1239 747 habi-

143 776 192 804 23·
313 765 424 805 tavit
454 765 497 806 in
529 764 655 806 nobis.
689 761 810 820 Quod
844 763 1023 805 Verbum
1054 763 1097 804 in
1129 764 1239 821 prin-

132 808 420 879 s⁰¹¹”·¹'¹⁴’>cipi0
451 824 560 875 erat,
589 823 628 864 8(
659 820 762 879 apud
778 823 1003 864 Dominum
1023 835 1130 864 erat.
1163 823 1240 865 Sed

313 881 384 924 etsi
415 881 485 939 ipfi
517 881 822 939 exprobratores
855 895 937 923 non
956 883 1140 924 Verbum
1170 897 1236 924 ex-

300 941 533 999 probrent,
563 940 666 998 quod
698 955 763 983 eos
793 941 893 983 latet
913 971 926 994 ,
967 942 1059 997 quia
1090 940 1237 983 divini-

314 1013 375 1043 tas
406 1000 488 1056 'ejus
517 1001 566 1042 ab
598 1001 666 1042 eisv
687 1014 768 1042 non
800 999 1074 1058 cognoscitur,
1104 1015 1126 1042 a
1158 1016 1236 1058 quo

314 1059 528 1102 infirmitas
566 1059 609 1101 in
651 1073 764 1102 cruce
803 1062 1075 1102 contemnitur
1115 1076 1127 1116 ;
1169 1076 1239 1102 nos

314 1132 455 1162 tamen
485 1120 671 1161 omnibus
701 1120 1035 1176 exprobrantibus
1058 1121 1235 1162 Verbum

315 1177 646 1236 respondeamus.
678 1180 823 1221 Parum
853 1179 907 1222 est
938 1179 1046 1221 enim
1082 1180 1121 1221 in
1153 1194 1236 1222 cor-

154 1279 158 1283 .
314 1237 364 1281 de
396 1238 543 1281 habere
585 1237 824 1292 Christum,
863 1239 934 1282 nisi
975 1238 1078 1295 quod
1118 1238 1234 1281 corde

137 1319 222 1354 Rom.
249 1297 533 1352 ¹0‚credimus,
561 1312 629 1340 ore
660 1297 939 1356 profiteamur.
972 1298 1048 1340 Sed
1071 1298 1147 1340 hoc
1179 1299 1236 1341 ita

146 1369 194 1390 ¹0·
314 1357 478 1400 demum
509 1356 594 1400 fieri
626 1359 798 1416 poterit,
827 1358 851 1399 fi
887 1360 926 1400 in
948 1358 1143 1415 promiffis
1157 1360 1238 1401 Dei

296 1417 402 1476 :spes
431 1417 552 1459 fuerit
580 1416 695 1460 firma
724 1417 944 1460 credentis.

371 1481 431 1521 Et
461 1493 511 1519 ne
540 1477 691 1535 auferas
721 1497 744 1520 a
775 1495 835 1520 me
864 1479 1027 1521 verbum
1055 1480 1242 1521 veritatis

431 1536 549 1594 usque
577 1536 724 1580 valde.

376 1595 475 1638 Hoc.
499 1595 579 1648 est,
609 1610 689 1638 non
721 1597 778 1637 ita
809 1596 1022 1638 conturber
1053 1594 1120 1637 sub
1152 1611 1240 1654 per·

315 1653 528 1698 secutionis
558 1657 740 1713 flagello,
772 1668 813 1696 ut
844 1670 868 1697 a
897 1669 963 1697 me
995 1656 1152 1717 penitus
1174 1671 1239 1698 au-

312 1713 467 1757 feratur
496 1714 681 1756 confeffio
714 1716 895 1756 veritatis
915 1737 931 1757 ,ι-
969 1716 1078 1773 Quia
1121 1717 1237 1759 multi

294 1773 382 1829 ⁴qui
413 1772 463 1815 ad
493 1773 638 1818 horam
668 1773 852 1832 negando
883 1774 1136 1828 defecerunt,
1168 1790 1236 1833 po-

315 1831 396 1875 stea
435 1833 665 1891 paenitendo
704 1837 879 1891 reparati
919 1834 1008 1877 sunt
1038 1865 1050 1888 ‚
1089 1837 1126 1876 8<
1158 1837 1239 1893 pal-

315 1905 428 1935 mam
458 1907 580 1950 quam
610 1893 891 1951 perdiderant,
919 1894 1236 1952 resumpserunt.

376 1954 493 2011 Qia
522 1956 568 1996 in
589 1953 748 2004 judiciis
777 1956 855 1996 tuis
876 1955 1171 2011 supersperavi.

356 2012 425 2053 vId
456 2011 535 2064 est,
563 2013 658 2069 quia
686 2013 832 2069 judicia
862 2026 930 2056 tua
948 2043 974 2067 ,›
1000 2015 1142 2071 quibus
1173 2029 1237 2058 me

140 2071 301 2105 Hebmm,
315 2071 482 2127 corripis
513 2071 551 2112 8<
592 2073 769 2128 flagellas
797 2102 811 2126 ,
850 2088 928 2115 non
970 2074 1096 2116 solum
1136 2076 1239 2118 mihi

314 2145 399 2174 non
430 2129 618 2172 auferunt
648 2130 784 2188 spem,
813 2131 878 2178 sed
909 2133 1036 2175 etiam
1065 2148 1238 2192 augenr5

315 2190 414 2234 dum
443 2203 565 2246 quem
594 2188 728 2248 diligis
759 2192 949 2249 corripis,
979 2194 1156 2249 flagellas
1176 2209 1242 2236 au-

315 2263 403 2295 tem
432 2263 599 2292 omnem
639 2248 766 2293 filium
805 2266 927 2308 quem
967 2254 1110 2310 recipis
1131 2283 1141 2294 .
1184 2256 1241 2296 Et

260 2355 265 2359 ,
315 2308 409 2354 ideo
437 2310 674 2367 plerumque
705 2324 821 2364 eum,
850 2312 918 2368 qui
949 2311 1020 2353 fibi
1050 2312 1164 2354 fortis
1184 2314 1242 2355 vi-

315 2370 507 2423 debatur,
536 2368 732 2412 infirmari
763 2370 878 2426 finis;
909 2384 955 2414 ut
986 2371 1241 2431 praesumptio

293 2454 295 2457 ·
317 2429 543 2482 auferatur,
572 2427 927 2486 &perseverantiae
959 2432 1085 2474 virtus
1103 2446 1156 2475 ex
1176 2446 1244 2475 tua

317 2487 594 2544 opitulatione
612 2501 822 2546 reparetur
832 2519 843 2530 .
1072 2541 1074 2544 7

375 2548 438 2588 Et
466 2546 672 2598 custodiam
702 2545 827 2603 legem
858 2560 972 2590 tuam·
990 2547 1143 2604 semper
1155 2562 1178 2599 ,⁰
1199 2548 1244 2588 in

414 2639 416 2642 .
427 2602 635 2660 saeculum,
663 2602 713 2645 Φ·
744 2606 786 2646 in
811 2603 992 2660 saeculum
1016 2604 1173 2660 faeeuli.

371 2661 501 2720 20*qu
531 2661 635 2703 dixit
664 2691 678 2713 ,
699 2661 852 2720 semper
882 2691 896 2715 ‚
935 2677 986 2704 ne
1026 2662 1076 2703 ad
1116 2676 1239 2705 omne

297 2721 428 2765 istius
458 2722 549 2764 vitae
579 2734 738 2777 tempus
769 2721 1054 2764 tantummodo
1074 2723 1240 2765 referre-

319 2793 407 2834 tur,
435 2779 605 2835 adjecit,
631 2780 682 2822 δ’
701 2782 743 2822 in
761 2779 946 2836 saeculum
959 2779 1094 2838 saeculi
1110 2813 1119 2822 .
1153 2785 1241 2824 Lex

153 311 179 348 Ἰ,
223 319 271 348 μ,
312 318 327 322 ,,

167 1478 206 1514 V·
227 1485 272 1517 43·

139 1954 212 1984 leem
220 1952 296 1991 ‘243

295 2851 480 2896 nantem,
505 2853 627 2895 quam
658 2851 854 2895 perpetuo
885 2839 1075 2882 custodire
1095 2839 1240 2885 defide-

141 2912 408 2956 Remanent,
436 2898 610 2944 charitas
642 2898 876 2955 accipienda
905 2898 960 2940 est
992 2916 1001 2942 ε
1032 2900 1125 2956 quia
1157 2901 1241 2959 ipsa

317 2958 374 3005 est
402 2957 614 3016 plenitudo
643 2958 766 3015 legis,
795 2959 834 3000 8(
865 2958 1098 3003 cessantibus
1137 2974 1241 3005 cete·

316 3020 381 3065 ris.
393 3017 618 3071 mandatis,
636 3017 717 3060 sola
736 3031 950 3076 permanet
969 3020 1012 3061 in
1033 3033 1238 3064 aeternum.

178 3095 213 3131 ᾖ,
231 3105 280 3135 45·
374 3081 436 3124 Et
454 3077 714 3121 ambulabam
754 3080 802 3120 in
838 3077 1054 3123 latitudine
1091 3110 1105 3134 ‚
1144 3084 1239 3138 quia

322 3169 325 3178 ,
376 3179 377 3182 ,
407 3160 409 3162 -
432 3137 619 3180 mandata
647 3151 720 3180 tua
749 3137 976 3194 exquistvi.

178 3219 213 3254 φ,
232 3220 281 3254 46,
323 3235 325 3238 .
374 3199 435 3240 Es
465 3196 651 3254 loquebar
679 3197 726 3240 de
754 3198 986 3253 testimoniis
1013 3200 1093 3241 tuis
1102 3200 1146 3243 in
1155 3216 1241 3243 con-

380 3296 400 3301 „
423 3256 557 3315 speHu
586 3272 743 3315 regum,
771 3257 822 3299 δ’
851 3273 928 3299 non
957 3258 1234 3315 confundebar.

170 3337 204 3372 ᾗ·
224 3348 272 3374 47,
375 3315 435 3356 Et
464 3316 681 3359 meditabar
710 3317 754 3359 in
785 3317 979 3359 mandatis
1016 3320 1095 3360 tuis
1112 3349 1126 3372 ,
1154 3336 1235 3377 quae

431 3373 555 3418 dilexi
585 3374 730 3419 valde.

171 3451 206 3489 ᾖ.
224 3459 274 3496 48·
377 3432 438 3474 Et
467 3431 610 3477 levavi
649 3450 786 3478 manus
823 3450 927 3477 meas
966 3436 1018 3478 ad
1052 3437 1238 3479 mandata

437 3504 531 3546 tua,
562 3509 642 3549 quae
662 3493 828 3546 dilexi,
866 3495 916 3536 G*
955 3496 1156 3538 exercebar
1195 3498 1238 3539 in

427 3550 775 3608 justificationibus
804 3555 901 3596 tuis.

389 3609 620 3667 Superiores
667 3611 799 3653 versus
846 3614 1123 3670 precationem
1173 3613 1242 3655 ha-

299 3669 514 3724 -buerunt,
543 3684 621 3726 qua
650 3670 887 3727 adjutorium
917 3674 1055 3730 gratia:
1075 3671 1242 3732 postula·

439 3730 482 3771 S.
514 3728 713 3789 Prosperi-

1270 194 1680 254 PsALMUM
1737 211 1949 252 cxviii.
2111 221 2220 271 257

1301 298 1387 327 tum
1410 285 1485 328 est.
1518 287 1580 328 Hi
1599 297 1734 328 autem
1755 287 2033 329 narrationem
2052 287 2221 343 habent,

1298 360 1373 405 qua
1405 345 1622 388 ostenditur
1652 345 1746 404 quid
1778 347 1906 403 gratia
1938 346 2065 403 petita
2084 360 2218 389 contu-

1297 405 1416 447 lerit:
1448 418 1653 462 tamquam
1687 405 1863 459 diceret,
1894 408 1995 449 Haec
2025 420 2116 449 cum
2134 421 2220 448 ora-

1295 478 1405 517 rem,
1435 464 1628 507 exaudisti
1658 479 1723 509 me
1758 496 1771 519 ,
1810 467 1849 509 8(
1888 465 2147 509 ambulabam
2176 466 2221 508 in

1298 524 1534 577 latitudine,
1564 524 1604 566 id
1635 524 1691 568 est
1721 526 1983 569 ambulabam
2005 527 2060 568 jn
2091 525 2222 568 chari-

1298 595 1404 637 tate,
1442 598 1526 641 quae
1556 583 1700 641 diffusa
1733 587 1788 639 el}
1825 588 1870 630 in
1893 586 2064 630 cordibus
2082 586 2222 643 nostris
2237 590 2394 626 Romam-⁴

1298 655 1367 699 per
1396 645 1803 701 Spiritum-sancium,
1834 648 1902 702 qui
1930 647 2045 688 datus
2072 645 2220 702 esi-''no-
2370 649 2373 653 '

1299 702 1377 744 bis.
1412 705 1494 745 Hic
1525 702 1581 748 est
1611 704 1679 746 ille
1701 704 1873 761 Spiritus
1903 705 1946 747 in
1977 719 2055 763 quo
2073 705 2221 747 clama·

1302 775 1411 814 mus,
1442 763 1557 805 Abba
1589 766 1734 817 Pater,
1765 778 1818 817 ac·
1841 779 1913 821 per
1932 765 2008 806 hoc
2028 763 2146 820 ipsius
2165 764 2221 805 est
2238 787 2376 825 &14⁶-

1301 821 1403 878 quod
1437 821 1628 865 mandata
1659 823 1741 866 Dei
1771 823 1985 880 exquisivit
2015 838 2030 860 -·
2060 823 2129 880 qui
2159 837 2222 865 ac-

1298 893 1435 937 ceptus
1465 882 1589 924 etiam
1622 882 1699 924 hoc
1730 884 1838 939 agit,
1868 895 1911 925 ut
1942 883 2090 941 largius
2119 884 2221 926 acci-

1298 939 1467 997 piendus
1497 939 1673 997 petendo
1702 970 1715 993 ,
1745 941 1956 997 quaerendo
1986 973 1999 996 ,
2027 941 2220 999 pulsando

1302 1012 1498 1056 quaeratur
1518 1030 1530 1041 .
1573 1001 1647 1042 Per
1677 999 1784 1041 hunc
1825 1001 1959 1057 itaque
1998 1000 2223 1043 dileaionis

1303 1060 1499 1116 Spiritum
1531 1056 1784 1101 confirmatus
1815 1058 1892 1113 est,
1924 1074 1965 1101 ut
1997 1061 2038 1102 in
2059 1060 2224 1117 conspe·

1298 1118 1361 1160 &u
1402 1131 1542 1175 regum
1586 1132 1667 1160 non
1708 1118 2018 1162 confunderetur
2046 1150 2059 1172 ,
2095 1131 2139 1161 ut
2179 1120 2223 1161 in

1297 1175 1499 1220 mandatis
1532 1178 1616 1220 Dei
1646 1180 1937 1235 cogitationem
1969 1179 2078 1222 suam
2110 1193 2221 1220 exer-

1297 1250 1427 1290 ceret,
1457 1239 1496 1279 8(
1526 1236 1642 1280 valde
1672 1237 1816 1280 eadem
1853 1237 2046 1281 mandata
2084 1237 2226 1295 dilige·

1297 1310 1358 1340 ret
1388 1313 1404 1337 ³
1435 1297 1598 1340 elevans
1629 1311 1770 1339 manus
1801 1297 1885 1340 suas
1905 1327 1920 1351 ,
1949 1313 2032 1341 non
2062 1296 2112 1340 ad
2146 1310 2226 1340 ter-

1301 1371 1398 1400 rena
1427 1367 1583 1414 opera,
1613 1355 1678 1397 sed
1709 1356 1758 1398 ad
1789 1356 1952 1400 caelestia
1971 1388 1984 1412 ‚
2023 1370 2227 1402 exercere-

1299 1430 1365 1459 tur
1394 1417 1436 1459 in
1467 1415 1805 1472 justificationibus
1836 1417 1941 1460 Dei.
2106 1408 2111 1422 ¹
2186 1428 2188 1433 ·

1637 1537 1900 1582 ZAIN.

1355 1658 1556 1698 Memento
1585 1654 1699 1696 verbi
1727 1657 1788 1697 tui
1810 1657 1928 1712 servo
1958 1669 2046 1711 tuo,
2078 1657 2122 1699 in
2152 1669 2226 1711 quo

1419 1714 1519 1761 mihi
1542 1714 1651 1770 spem
1681 1715 1766 1756 dedi
1803 1717 1839 1757 i:

1355 1777 1447 1815 Haec
1489 1789 1547 1814 me
1584 1772 1780 1828 consolata
1818 1776 1875 1831 est
1914 1776 1958 1816 in
1986 1770 2226 1815 bumilitate

1415 1827 1500 1874 mea
1524 1862 1538 1886 ,
1566 1834 1686 1888 *quia
1714 1834 1878 1878 verbum
1905 1837 2016 1876 'tuum
2042 1830 2229 1888 vivifica-

1415 1892 1497 1950 vit⁴
1512 1907 1594 1934 me.
1817 1910 1819 1912 ·
1843 1900 1861 1920 '‘-
2139 1921 2142 1924 -

1296 1968 1298 1970 ’
1360 1951 1468 1993 Cum
1500 1949 1651 1994 dicitur
1665 1952 1784 2005 Deo,
1814 1954 2040 2006 Memento,
2074 1951 2227 1994 orantis

1299 2009 1576 2063 desiderium,
1618 2025 1713 2068 quo,
1737 2010 1969 2068 promissum
2009 2008 2226 2055 accelerari

1301 2071 1450 2128 poscit,
1479 2070 1735 2115 ostenditur:
1767 2073 2019 2125 maneus,
2049 2071 2157 2128 'quafi
2184 2069 2225 2110 id

1285 2132 1340 2173 ⁴ei
1370 2146 1394 2173 a
1423 2131 1698 2174 recordatione
1729 2130 1946 2184 exciderit,
1975 2130 2226 2174 admonetur.

1302 2192 1504 2234 Memento
1536 2205 1654 2247 ergo,
1684 2191 1837 2248 inquit,
1866 2192 1979 2234 verbi
2018 2193 2079 2233 tui
2111 2191 2228 2247 servo

1301 2264 1397 2302 tuo,
1426 2250 1503 2292 hoc
1534 2249 1612 2303 est,
1642 2252 1774 2307 Imple
1806 2251 2038 2307 promissum
2070 2262 2196 2307 tuum,
2215 2278 2229 2301 ‚

1305 2309 1349 2350 in
1379 2323 1457 2366 quo
1489 2310 1592 2350 mihi
1623 2308 1735 2368 spem
1766 2308 1928 2362 dedisti,
1957 2310 2034 2351 hoc
2065 2309 2120 2353 est
2139 2339 2153 2363 ,
2185 2308 2229 2350 in

1303 2383 1382 2425 quo
1414 2369 1538 2416 verho
1569 2383 1634 2411 me
1657 2362 1822 2426 sperare
1853 2368 1978 2411 fecisti
2005 2399 2016 2409 .
2046 2373 2140 2411 Haec
2169 2383 2230 2409 me

1304 2427 1502 2481 consolata
1532 2429 1588 2483 est
1618 2430 1662 2469 in
1702 2426 1933 2470 bumilitate
1971 2443 2055 2467 mea
2074 2456 2085 2467 .
2129 2427 2230 2466 Haec

1305 2483 1453 2529 scilicet
1483 2484 1570 2539 spes
1599 2499 1692 2525 mea·
1721 2484 1922 2526 consolata
1953 2483 2029 2535 est,
2058 2497 2142 2539 quae
2161 2482 2230 2525 da-

1306 2553 1348 2581 ta
1387 2539 1443 2582 est
1482 2542 1700 2583 humilibus
1727 2572 1741 2594 ,
1780 2542 1938 2584 dicente
1979 2543 2228 2599 Scriptura,

1304 2602 1409 2641 Deus
1431 2600 1607 2657 superbis
1637 2600 1784 2657 resistit
1804 2631 1820 2654 ,
1855 2598 2068 2644 humilibus
2097 2616 2227 2644 autem
2236 2622 2336 2662 me,
2346 2626 2401 2661 μς,

1300 2660 1370 2701 dat
1396 2660 1597 2715 gratiam.
1631 2659 1748 2714 ,Quia
1777 2660 1940 2704 verbum
1969 2675 2078 2703 tuum
2116 2663 2225 2703 vivi-

1292 2717 1442 2775 ficavit
1472 2735 1532 2761 me
1564 2734 1573 2759 ε
1604 2719 1696 2779 quia
1727 2719 1822 2761 fecit
1852 2734 1918 2761 me
1948 2721 1991 2761 in
2023 2733 2063 2762 te
2092 2720 2223 2777 spera-

1302 2792 1368 2830 re,
1398 2778 1435 2819 &
1466 2791 1548 2819 non
1579 2775 1744 2820 deficere?
1776 2780 1818 2820 in
1851 2779 2134 2822 tribulatione.

1359 2837 1524 2895 Superbi
1555 2839 1690 2894 inique
1720 2839 1888 2896 agebant
1917 2840 2034 2896 usque
2061 2837 2184 2882 valde
2214 2856 2224 2882 z

1415 2914 1440 2938 a
1469 2894 1563 2954 lege·
1586 2911 1715 2940 autem
1744 2911 1813 2940 tua
1844 2914 1921 2941 non
1951 2896 2174 2942 declinavi.

1361 2956 1559 3013 Superbos
1587 2956 1762 3014 intelligi
1793 2957 1925 3014 voluit
1952 2957 2222 3015 persecutores

1283 3012 1544 3069 humi-lium,
1573 3015 1650 3058 hoc
1681 3016 1757 3070 est,
1787 3017 1933 3074 impios
1952 3017 2223 3074 persecutores

1283 3076 1486 3132 piorum>
1511 3077 1550 3118 &
1580 3075 1670 3118 ideo
1699 3076 1884 3132 subjecit,
1915 3082 1964 3120 A
1976 3075 2063 3135 lege
2093 3091 2223 3121 autem

1301 3148 1373 3178 tua
1403 3152 1480 3178 non
1509 3136 1736 3193 declinavi,
1767 3137 1859 3193 quia
1890 3137 1967 3178 hoc
1997 3151 2090 3181 eum
2120 3137 2224 3181 face-

1301 3210 1344 3238 re
1375 3192 1599 3252 persecut-io
1626 3196 1916 3253 compellebat.
1975 3224 1979 3227 »
2057 3241 2068 3243 ζ
2108 3207 2109 3210 ’

1356 3257 1509 3297 Memor
1529 3255 1598 3311 fui
1619 3256 1851 3305 judiciorum
1883 3270 2034 3298 tuorum
2064 3273 2088 3297 a
2110 3257 2224 3313 saecu-
2267 3265 2300 3295 r·
2323 3265 2369 3294 52·

1411 3314 1456 3356 lo
1483 3317 1670 3367 Domine,
1698 3315 1753 3357 Θ*
1777 3314 1990 3371 confidatur
2011 3316 2136 3371 sum.-

1361 3377 1407 3415 A
1421 3373 1587 3430 saeculo,
1617 3375 1748 3430 inquit
1767 3404 1780 3426 ,
1810 3387 1860 3416 ex
1891 3388 1967 3430 quo
1999 3389 2122 3431 gen-us
2152 3375 2222 3417 ho-

1300 3433 1459 3475 minum
1499 3432 1660 3490 sumpsit
1704 3433 1945 3491 exordium,
1985 3450 2126 3476 memor
2154 3435 2223 3490 fui
2240 3455 2398 3494 psamw,

1281 3492 1539 3546 judiciorum
1571 3506 1723 3541 tuorum
1753 3523 1764 3534 .
1800 3494 1864 3534 Et
1913 3493 2005 3549 quia
2053 3494 2223 3549 probavi

1301 3550 1407 3608 quod
1437 3565 1576 3593 omnes
1608 3553 1682 3593 viae
1714 3564 1787 3593 tuae
1811 3550 2079 3594 misericordia
2098 3554 2136 3594 8(
2157 3567 2222 3596 ve-

1303 3611 1399 3653 ritas
1429 3626 1443 3667 3
1473 3610 1787 3669 consolationem
1827 3612 1963 3670 accepi
1994 3612 2036 3653 in
2064 3614 2222 3670 auxilio

1280 3707 1283 3709 ,
1304 3671 1439 3729 gratiae
1451 3683 1552 3724 tuae,
1578 3671 1616 3712 8(
1645 3684 1727 3728 perg
1738 3669 1826 3728 ipsa
1853 3685 2009 3732 quoque
2029 3668 2224 3728 vasa'irae,
2239 3659 2402 3739 &⁰23⁹J‘*

1281 3745 1283 3748 ’
1550 3748 1551 3751 ’
1820 3732 1901 3776 Kk
2106 3733 2167 3781 in-

2269 1676 2304 1711 ῠ.
2327 1684 2374 1711 49·

2275 1793 2314 1831 Y.
2337 1801 2384 1829 50.

2267 2864 2307 2901 Y.
2328 2873 2374 2898 51.

353 3796 378 3817 a>
393 3786 432 3817 In
454 3786 637 3827 Augustino.
655 3787 796 3827 Christum
812 3788 913 3829 sonn-
933 3788 1131 3827 Editinostri‚
1151 3789 1280 3828 cbrzstus
1291 3789 1394 3829 simae.

356 3826 376 3856 b
395 3826 443 3859 sic
463 3828 598 3868 Lugduu.
619 3827 685 3869 post
705 3830 785 3872 Aug.
803 3831 847 3862 At
867 3831 983 3863 anan.
997 3828 1028 3862 δι
1048 3830 1119 3869 alii,
1137 3842 1157 3860 a
1175 3829 1280 3871 quibus
1299 3828 1335 3869 est
1354 3827 1520 3868 crucifixus,
1539 3828 1588 3860 vel
1600 3827 1789 3868 scandalum,
1809 3828 1859 3859 vel
1874 3827 2044 3867 stultitiam.
