2652 4126
345 1577 417 1616 ἢν]-
430 1582 475 1613 ¹6.

325 2505 378 2549 Pl».
383 2514 432 2550 με
450 2515 480 2548 9.

339 3646 497 3687 joun-13-

538 214 650 270 2520
731 193 1004 253 semp-ra
1047 204 1127 248 ET
1168 202 1581 248 MoNUMENTA
1623 206 1771 263 QJAE
1799 205 1893 252 op,
1913 190 1964 249 S.
1983 191 2331 252 PaospEm.

531 287 594 323 mit
618 287 697 334 qula
723 285 825 332 ipsum
852 285 933 319 soris
958 281 1079 321 habes:
1105 279 1252 317 videtibi
1264 281 1354 326 quod
1365 293 1462 328 agno-

533 334 617 379 scat,
643 334 731 372 videt
758 339 790 377 δι’
818 333 908 379 quod
934 334 1095 376 corrigat.
1121 330 1231 378 Ipsum
1258 330 1324 372 est,
1350 334 1424 366 veni
1451 346 1460 367 ε

531 383 680 431 gloriaris
705 387 779 431 quia
791 382 893 429 ipsum
915 378 983 422 est,
1007 383 1041 416 &
1059 393 1126 416 non
1147 384 1192 416 vis
1211 383 1338 416 venire.
1367 381 1460 424 Quid

531 445 612 480 ergo
634 432 732 473 mali,
756 437 812 476 qui
834 443 899 466 non
913 432 1081 477 pertinent
1100 431 1139 466 ad
1159 428 1374 467 columbam?
1400 433 1458 467 Ait

530 483 588 521 tibi
616 480 768 523 columba
787 505 798 522 ,
832 483 878 518 Et
907 479 983 517 mali
1012 483 1096 515 inter
1123 493 1207 527 quos
1237 492 1336 527 gemo
1357 505 1367 521 ,
1393 483 1451 526 qui

530 545 596 569 nnn
627 534 789 578 pertinent
815 530 854 568 ed
881 528 1028 566 membra
1056 542 1127 566 mea
1149 556 1158 571 ,
1195 534 1229 566 &
1257 528 1374 565 necefl'e
1404 529 1450 565 est

529 592 566 620 ut
591 584 677 621 inter
697 579 772 617 illos
799 590 945 625 gemam,
971 591 1081 616 nonne
1099 579 1221 615 habent
1239 579 1330 627 quod
1351 591 1384 615 te
1395 577 1451 614 ha-

529 631 605 670 bere
635 629 818 675 gloriaris?
852 641 962 668 nonne
991 629 1088 667 multi
1110 628 1227 665 ebriosi
1255 628 1378 665 habent
1406 627 1458 664 ba-

528 678 705 726 ptismum?
731 691 839 714 nonne
857 678 952 717 multi
972 680 1082 714 avari?
1117 691 1229 715 nonne
1258 678 1355 714 multi
1387 679 1458 713 ido-

523 729 676 767 lolatrae?
701 734 735 766 δι
762 729 854 776 quod
881 728 927 766 est
954 730 1064 776 pejus,
1090 728 1232 765 furtim?
1266 741 1374 765 nonne
1402 732 1457 763 Pa-

522 781 598 826 gani
616 778 655 819 ad
688 778 776 821 idola
796 790 896 821 eunt,
922 778 977 817 vel
1003 776 1093 814 ibant
1124 778 1276 824 publice?
1302 791 1456 814 nuncoc-

520 828 610 868 culte
638 825 817 866 Christiani
846 827 1018 874 sortilegos
1046 839 1219 874 qum-unt,
1244 826 1452 864 mathemati-

519 892 576 918 eos
604 877 799 925 consulunt.
826 881 871 916 Et
902 877 955 919 isti
986 876 1110 916 habent
1138 877 1361 926 baptismum,
1397 877 1450 914 sed

517 926 670 970 columba
697 931 799 974 gemit
826 932 911 972 iuter
930 940 1070 964 corvos.
1099 930 1193 973 Quid
1221 940 1302 975 ergo
1331 928 1450 974 gaudes

515 981 591 1026 quia
611 974 735 1019 habes?
760 976 828 1016 hoc
846 976 946 1019 habes
965 977 1058 1025 quod
1080 976 1219 1015 habet&
1234 978 1354 1015 malus.
1382 981 1449 1013 Ha·

514 1028 595 1073 beto
622 1025 842 1065 humilitatem
862 1053 874 1072 ,
901 1026 1095 1065 charitatem
1115 1055 1127 1072 ,
1154 1042 1293 1075 pacem:
1324 1026 1448 1063 habeto

510 1077 641 1170 gogum
661 1078 756 1128 quod
785 1078 934 1118 nondum
961 1077 1081 1127 habes,
1107 1078 1256 1128 utprofit
1277 1077 1336 1113 tibi
1348 1077 1441 1124 quod

538 1143 553 1166 a
579 1140 632 1164 es.

509 1400 558 1437 Ex
569 1398 734 1436 Tranana
750 1397 889 1449 ejusdem
900 1399 970 1435 XV.
991 1399 1025 1433 in
1039 1397 1174 1440 Joanm's
1196 1397 1438 1449 Evangelium,

778 1459 851 1499 cap,
870 1462 905 1498 4.
926 1461 963 1490 v,
989 1453 1042 1487 16.
1064 1462 1094 1489 n,
1121 1461 1175 1494 19.

610 1587 705 1625 Idens
731 1585 819 1630 Iesus
848 1589 925 1633 quia
955 1585 1077 1623 mulier
1104 1598 1172 1622 non
1202 1584 1437 1631 intelligebat,

636 1641 670 1674 δι
700 1637 817 1672 volens
838 1649 909 1671 eam
941 1636 1149 1683 intelligere,
1174 1635 1278 1679 Voca,
1307 1638 1437 1683 inquit,

502 1686 613 1720 virum
635 1695 741 1720 tuum.
769 1686 851 1723 Ideo
869 1690 959 1722 enim
980 1687 1080 1722 nescis
1107 1686 1200 1733 quod
1232 1687 1334 1727 dico,
1360 1689 1436 1730 quia
1460 1726 1462 1728 ,

500 1736 684 1775 ὶπεεηεέὶυε
704 1749 779 1773 tuus
809 1749 876 1771 non
896 1736 1004 1772 adest:
1029 1736 1153 1784 loquor
1170 1748 1233 1783 ego
1255 1735 1436 1772 secundum

502 1786 674 1833 spiritum,
701 1798 736 1823 tu
763 1786 855 1822 audis
882 1786 1059 1822 secundum
1087 1799 1217 1822 earnem
1236 1811 1244 1819 .
1272 1789 1357 1830 Quae
1388 1786 1435 1820 lo·

500 1849 610 1884 quor,
636 1849 694 1873 nec
725 1836 765 1874 ad
784 1835 991 1882 voluptatem
1010 1839 1138 1872 aurium
1160 1848 1352 1883 pertinent,
1379 1847 1437 1870 nec

499 1887 538 1922 ad
567 1886 708 1927 oculos,
736 1899 796 1922 nec
823 1886 864 1921 ad
892 1885 1074 1927 olfaftum‚
1111 1899 1170 1921 uec
1199 1887 1239 1922 ad
1268 1884 1400 1932 gustum
1421 1911 1431 1926 ,

498 1948 559 1973 nec
578 1936 617 1971 ad
637 1937 780 1971 tactum:
811 1947 923 1971 mente
952 1935 1017 1971 sola
1046 1939 1242 1982 capiuntur,
1269 1935 1437 1971 intelle-eiu

498 1985 573 2024 solo
599 1983 818 2020 hauriuntur:
846 1984 901 2019 ille
920 1985 1108 2022 inteileetus
1136 1998 1201 2021 non
1231 1986 1290 2021 tibi
1317 1984 1405 2021 adest
1425 2011 1437 2029 ‚

498 2035 674 2081 quomodo
698 2038 785 2082 capis
811 2034 904 2081 quod
930 2034 1031 2071 dico?
1055 2034 1139 2068 Voca
1171 2036 1282 2068 virum
1311 2045 1400 2067 tuum
1423 2060 1433 2076 ‚

499 2085 653 2131 praesenta
682 2084 885 2122 intelleetum
914 2093 1030 2121 tuum:
1057 2086 1153 2132 Qid
1182 2086 1243 2123 tibi
1273 2085 1319 2121 est
1344 2089 1431 2121 enim

497 2138 635 2173 animam
657 2133 803 2175 habere?
826 2138 903 2170 Non
925 2133 970 2171 est
989 2147 1167 2181 magnum,
1193 2149 1268 2172 nam
1289 2140 1321 2172 Se
1336 2148 1434 2182 pecus

498 2184 618 2223 habet.
644 2185 743 2224 Unde
774 2197 808 2220 tu
827 2185 967 2221 melior?
993 2184 1434 2228 Quiaintelleetumhabes,

499 2236 592 2282 quod
623 2247 720 2281 pecus
742 2246 809 2273 non
838 2233 955 2268 habet.
982 2234 1078 2276 Quid
1097 2233 1143 2267 est
1161 2245 1263 2277 ergo,
1288 2231 1369 2263 Vo'ca
1379 2243 1433 2262 vt·

498 2296 568 2323 rum
600 2285 713 2317 tuum?
739 2285 822 2317 Non
850 2293 905 2315 me
932 2285 1044 2325 capis,
1071 2292 1136 2314 non
1166 2293 1219 2315 me
1249 2279 1431 2324 intelligis:

498 2333 542 2368 de
570 2331 668 2369 dono
695 2333 761 2367 Dei
780 2329 839 2365 tibi
862 2329 1007 2376 loquor,
1034 2339 1070 2365 tu
1088 2340 1355 2365 autemfcarncm
1376 2341 1432 2362 co·

499 2384 597 2427 gitas:
625 2380 802 2417 secundum
821 2391 948 2415 carnem
977 2378 1062 2413 fitire
1087 2390 1155 2412 non
1187 2382 1257 2420 vis,
1282 2389 1345 2423 ego
1373 2377 1433 2423 spi-

499 2434 603 2470 ritum
633 2428 788 2475 alloquor
806 2442 815 2462 t
839 2426 949 2463 absens
969 2426 1015 2462 est
1034 2426 1303 2462 intelle-&ustum
1317 2451 1325 2467 ‚
1352 2426 1431 2458 Voca

500 2479 611 2524 uirum
640 2488 729 2516 tuum
749 2502 758 2513 .
784 2477 875 2514 ‘Noli
905 2475 963 2513 esse
992 2475 1073 2512 ficut
1101 2489 1205 2523 equus
1232 2479 1264 2511 &
1296 2476 1402 2511 mulus
1420 2500 1432 2518 ,

500 2529 620 2579 quibus
640 2542 707 2564 non
736 2527 784 2564 est-
811 2526 1013 2565 intelleelus.
1042 2529 1155 2572 Ergo,
1183 2529 1308 2562 Fratres
1335 2527 1398 2561 mei
1420 2550 1431 2567 ,

499 2585 640 2617 animam
670 2577 812 2621 habere,
838 2581 872 2615 &
892 2576 1094 2612 intelleetum
1118 2574 1338 2618 nonhabet-c,
1364 2574 1431 2610 hoc

501 2630 546 2666 est
567 2642 632 2665 non
662 2627 818 2665 adhibere
838 2652 847 2667 ,
884 2639 944 2662 nec
974 2626 1152 2662 secundum
1186 2638 1262 2662 eum
1292 2629 1402 2660 vivere
1420 2650 1432 2666 ,

500 2679 640 2717 bestialis
664 2679 708 2714 est
729 2681 816 2713 vita.
841 2676 899 2713 Est
920 2679 1008 2712 enim
1028 2680 1061 2711 in
1083 2675 1179 2711 nobis
1208 2675 1365 2721 quiddam
1378 2673 1432 2710 be-

502 2730 590 2770 stiale
609 2741 682 2775 quos
702 2731 735 2762 in
755 2739 841 2765 terra
869 2730 1030 2768 vivimus,
1057 2725 1109 2761 sed
1130 2724 1299 2761 intelleelu
1323 2737 1435 2770 regen..

503 2781 585 2816 dum
614 2778 677 2813 cst.
704 2779 822 2812 Motus
848 2780 935 2812 enim
954 2781 1068 2812 animae
1096 2775 1273 2811 secundum
1303 2787 1442 2810 carnem,

505 2829 536 2866 sc
556 2830 738 2868 moventis,
763 2830 796 2862 δι
828 2829 860 2862 in
891 2825 1021 2862 delicias
1049 2824 1190 2861 carnales
1217 2825 1434 2860 immoderate

505 2878 656 2914 diffluere
676 2878 837 2923 cupientis
856 2901 868 2918 ,
903 2879 992 2923 regit
1016 2876 1058 2911 de
1088 2875 1185 2922 super
1214 2874 1395 2910 intelleetus
1426 2901 1434 2909 .

508 2931 575 2972 Qui
596 2925 694 2967 debet
712 2927 780 2965 dici
807 2928 879 2962 vir?
904 2929 962 2972 qui
993 2928 1097 2972 regit,
1123 2938 1161 2960 an
1193 2928 1247 2972 qui
1281 2927 1402 2970 regitur
1423 2927 1439 2959 ?=

506 2977 623 3014 Procul
657 2974 761 3016 dubio
778 2988 854 3015 cum
882 2976 1028 3012 ordinata
1056 2978 1120 3011 vita
1140 2974 1185 3010 est
1202 3000 1211 3015 ,
1248 2973 1432 3013 intellecfhis

506 3030 646 3065 animam
666 3029 771 3073 regit,
795 3026 834 3063 ad
852 3026 951 3072 ipsam
978 3028 1122 3062 animam
1143 3028 1325 3072 pertinens·
1352 3028 1430 3060 Non

506 3080 593 3112 enim
619 3076 742 3123 aliquid
761 3075 849 3112 aliud
877 3074 923 3111 est
951 3087 1050 3122 quam
1073 3078 1199 3115 anima,
1227 3074 1280 3110 sed
1308 3073 1433 3119 aliquid

506 3130 624 3165 animae„
651 3125 697 3162 est
713 3124 918 3161 intellestus:
946 3125 1122 3172 quomodo
1133 3123 1332 3170 nonaliquid
1346 3123 1433 3159 aliud

506 3189 606 3223 quam
634 3187 712 3211 caro
729 3173 774 3210 est
791 3174 931 3217 oculus,
954 3174 1007 3210 sed
1033 3173 1157 3220 aliquid
1177 3176 1283 3209 carnis
1301 3172 1346 3208 est
1355 3185 1434 3208 ocu-.-

506 3225 574 3264 lus.
601 3228 691 3261 Cum
718 3234 827 3262 autem
857 3226 960 3259 carnis
977 3223 1101 3270 aliquid
1119 3222 1156 3258 fit
1186 3222 1322 3264 oculus,
1348 3223 1439 3258 solus

506 3286 616 3311 tamen
641 3274 716 3312 luce.
735 3273 935 3321 perfruitur:v
961 3284 1068 3310 cetera
1087 3283 1194 3308 autem
1216 3271 1359 3308 membra
1370 3285 1437 3307 car-

508 3325 591 3360 nalia
610 3324 682 3361 luce
713 3322 864 3371 perfundi
891 3320 1020 3370 possunt
1040 3346 1054 3364 ,
1087 3322 1194 3358 lucem
1225 3323 1341 3359 sentire
1370 3334 1439 3357 non

509 3372 659 3421 possunt}
683 3373 766 3412 solus
794 3385 830 3410 ea
857 3372 973 3408 oculus
999 3375 1032 3407 δε
1062 3371 1269 3419 perfunditur
1300 3376 1332 3408 δι
1362 3385 1434 3418 per-

512 3422 630 3460 fruitur
650 3449 658 3458 .
694 3426 745 3461 Sic
765 3426 806 3459 ¹in
825 3425 933 3459 anima
952 3420 1058 3458 nostra
1084 3422 1240 3467 quiddam
1270 3421 1315 3457 est
1343 3421 1435 3466 quod

511 3472 697 3512 intellectus
724 3483 879 3515 vocatur.
905 3474 984 3508 Hoc
1012 3472 1116 3516 ipsum
1136 3475 1249 3507 animoe
1275 3470 1369 3518 quod
1391 3474 1439 3505 in·

511 3521 662 3563 telleetusv
678 3528 711 3563 ἃς
738 3535 829 3561 mens
855 3522 995 3563 dieitur,
1022 3520 1224 3559 illuminatur
1249 3521 1322 3557 luce
1349 3519 1440 3568 supe-

513 3576 623 3607 riore.
649 3576 719 3614 Iam
743 3572 891 3619 superior
911 3571 963 3606 illa
991 3571 1070 3612 lux,
1095 3583 1158 3616 qua
1181 3583 1270 3607 mens
1297 3570 1439 3606 humana

514 3621 737 3665 illuminatur,
763 3626 854 3662 Deus
871 3620 936 3657 est:
962 3623 1043 3659 Erat
1070 3623 1156 3656 enim
1187 3633 1301 3657 verum
1330 3620 1439 3657 lumen

515 3671 607 3716 quod
645 3671 806 3712 illuminat
835 3682 967 3710 omnem
995 3668 1163 3706 hominem
1201 3674 1377 3706 venientem
1406 3672 1440 3704 in

516 3714 607 3758 hunc
633 3722 793 3763 mundum
810 3744 819 3761 ε
847 3720 938 3762 Talis
971 3720 1029 3761 lux
1055 3717 1216 3759 Christus
1242 3731 1308 3759 erat
1325 3746 1338 3766 2
1371 3717 1443 3767 talis

1518 281 1579 318 lux
1598 294 1675 317 cum
1695 280 1833 317 muliere
1850 281 2070 330 loquebatur:
2095 282 2152 320 iila
2181 281 2347 322 intelle'etu
2377 282 2444 323 non

1519 332 1649 372 aderat,
1673 334 1729 377 qui
1758 331 1811 367 illa
1830 331 1903 367 luce
1922 332 2164 372 illuminaretur
2182 358 2195 378 ‚
2230 346 2290 370 nec
2318 333 2447 383 tantuin

1519 379 1789 428 perfunderetur,
1815 393 1930 418 verum
1949 386 2046 418 etiam
2065 383 2247 419 frueretur.
2274 380 2446 434 Ergobb-

1519 434 1807 477 minusvtamquam
1825 430 1972 475 diceret,
1998 432 2164 471 Illustrare
2193 431 2294 474 volo,
2321 438 2355 471 &
2377 447 2444 471 non

1517 479 1604 514 adest
1631 492 1749 527 quem,
1774 479 1877 521 Voca,
1903 484 2032 529 inquit,
2057 481 2168 520 virum
2188 492 2300 516 tuum.-
2323 482 2445 522 adhibe

1508 529 1712 565 intellectum
1733 543 1792 576 per
1810 542 1907 576 quem
1919 530 2086 574 docearis,
2113 546 2184 580 quo
2213 536 2352 582 regaris.
2379 536 2459 570 Iit-⁷
2478 537 2480 540 ’

1509 580 1558 624 go‘
1576 579 1736 615 'constitue
1765 583 1904 616 animam
1931 593 2072 630 excepto
2091 581 2442 632 inteneetutamquam

1517 628 1689 664 feminam:
1715 629 1917 666 intellectum
1943 643 2054 668 autem
2073 630 2193 668 habere
2211 629 2378 680 tamquam
2394 638 2443 670 vi·

1517 689 1610 714 rum.
1637 678 1698 714 Sed
1720 679 1774 715 iste
1797 683 1850 714 vir
1876 692 1944 716 non
1963 680 2045 717 bene
2074 686 2157 729 regit
2178 682 2440 728 feminamsuam,

1517 727 1667 773 nifilcum
1684 741 1700 764 a
1720 728 1885 777 superiore
1903 734 2044 776 regitur.
2070 735 2184 779 eaput
2210 735 2299 770 enim
2324 733 2440 779 mulie·

1517 781 1561 813 ris
1581 780 1657 819 vir,
1681 790 1779 826 caput
1799 789 1907 816 autem
1935 783 1997 816 viri
2023 779 2198 819 Christus-
2224 781 2440 830 Loquebatur

1515 835 1613 873 caput
1640 831 1702 864 viri
1728 842 1806 865 cum
1827 829 1973 872 femina,
1998 834 2033 867 δε
2062 843 2129 867 non
2159 831 2268 868 aderat
2296 835 2365 868 vir.
2393 836 2438 873 Et

1510 888 1676 923 tamquam
1696 878 1820 915 diceret
1839 880 2031 922 Dominus,
2057 879 2193 917 Adhibe
2213 893 2436 931 caputtuum,

1509 937 1547 963 ut
1565 926 1620 962 ille
1641 926 1789 976 suscipiat
1813 940 1914 976 caput
1941 929 2033 966 suum
2055 955 2063 963 .
2100 933 2193 978 Ergo
2220 931 2299 964 Voca
2325 932 2435 966 virum

1507 977 1616 1020 tuum,
1642 976 1773 1011 &veni
1791 976 1875 1014 huc:
1901 978 1934 1014 id
1952 977 2019 1022 est,
2045 978 2177 1029 adesto,
2204 979 2338 1027 praesens
2350 982 2434 1020 esto:

1506 1025 1598 1063 velut
1615 1030 1701 1064 enim
1719 1027 1831 1064 absens
1849 1037 1902 1070 es,
1927 1029 2007 1065 dum
2028 1042 2094 1065 non
2117 1028 2270 1079 intelligis
2299 1033 2435 1080 praesen·-

1505 1081 1546 1113 tis
1566 1088 1686 1114 vocem
1705 1081 1867 1114 veritatis:
1895 1078 2028 1125 praesens
2052 1078 2141 1122 esto,
2167 1079 2221 1117 sed
2257 1081 2326 1116 noli
2349 1083 2434 1121 solas

1501 1140 1577 1165 cum
1606 1130 1680 1162 viro
1706 1140 1766 1165 tuo
1792 1127 1918 1164 adesto.

2460 754 2613 792 1.Cor.ii.3.

1528 1348 1578 1382 Ex
1601 1346 1763 1382 Trasiatu
1782 1348 1921 1395 ejusdem
1941 1350 2061 1386 XVIII.
2080 1348 2114 1383 in
2127 1349 2263 1391 Ioannis
2292 1352 2404 1386 Evan-

1620 1396 1766 1446 gelium,
1790 1411 1860 1444 cap.
1884 1411 1913 1445 5.
1935 1412 1973 1435 v.-
1994 1413 2050 1437 20.
2071 1413 2102 1433 n.
2124 1413 2156 1446 9.
2178 1401 2221 1434 δ’
2253 1414 2305 1436 10.
2351 1419 2359 1422 e
2376 1419 2398 1422 ··

1573 1534 1655 1569 Ater
1675 1531 1786 1578 diligit
1806 1532 1926 1567 Filium
1948 1560 1958 1576 ‚
1992 1533 2036 1568 (9⁶
2054 1535 2158 1569 omnia
2178 1535 2372 1581 demonstrat
2399 1536 2430 1572 ei
2454 1538 2601 1581 stistte.-

1595 1594 1662 1628 quae
1682 1582 1749 1629 ipse
1763 1581 1872 1625 facit.
1896 1587 1985 1620 Ecce
2002 1584 2048 1620 est
2075 1586 2158 1623 illud
2172 1613 2183 1630 ‚
2209 1586 2399 1627 demonstrat
2416 1612 2427 1623 .
2486 1586 2489 1587 ⁷

1497 1631 1701 1673 Demonstrat
1726 1633 1814 1680 quafi
1837 1637 1912 1670 cui?
1938 1638 2063 1682 Utique
2082 1636 2169 1683 quasi
2191 1637 2335 1673 videnti.
2359 1640 2427 1676 Re-

1496 1683 1608 1720 dimus
1627 1683 1666 1718 ad
1693 1683 1723 1718 id
1744 1683 1837 1730 quod
1855 1684 2018 1732 explicare
2037 1699 2103 1720 non
2134 1687 2319 1738 postumus,
2344 1701 2429 1734 quo:

1495 1733 1599 1769 modo
1617 1732 1767 1769 Verbum
1798 1734 1924 1769 videat·-
1946 1737 2038 1774 ‘Ecce
2056 1734 2164 1774 homo
2183 1736 2285 1772 fietus
2305 1737 2350 1773 est
2368 1750 2428 1786 >per

1495 1783 1669 1819 Verbum:
1698 1783 1750 1819 sed
1779 1782 1889 1819 homo
1904 1783 2005 1821 habet
2021 1785 2157 1829 oculos,
2183 1785 2282 1823 habet
2302 1800 2396 1824 aures
2415 1812 2430 1831 ,

1496 1832 1595 1869 habet
1616 1846 1751 1875 manus,
1775 1833 1901 1869 diversa
1930 1834 2074 1871 membra
2101 1838 2133 1871 in
2160 1849 2302 1885 corpore
2323 1853 2335 1874 .-
2371 1835 2430 1886 pet

1496 1883 1615 1920 oculos
1626 1882 1734 1931 potest
1754 1884 1887 1925 videre,
1914 1897 2070 1930 peraures
2089 1885 2195 1933 potest
2214 1887 2347 1930 audire,
2372 1884 2433 1936 pet¹⁴

1498 1946 1612 1969 manus
1630 1937 1781 1980 operari=
1807 1934 1934 1969 diverfa
1967 1934 2112 1974 membra
2130 1961 2142 1979 ,
2177 1935 2302 1972 diversa
2330 1949 2432 1976 mem-

1496 1982 1639 2019 brorum
1668 1983 1795 2032 officia.
1822 1987 1904 2020 Non
1916 1984 2022 2031 potest
2040 1985 2121 2021 illud
2141 1985 2326 2023 membrum
2337 1984 2434 2036 quod

1495 2034 1602 2081 potest
1621 2033 1783 2070 alterum:
1811 2042 1918 2070 tamen
1940 2041 2078 2082 propter
2096 2039 2249 2084 corporis
2258 2039 2434 2080 unitatem,

1494 2084 1611 2120 oculus
1625 2088 1666 2120 δι’
1685 2083 1742 2120 fibi
1760 2086 1791 2118 &
1812 2088 1882 2119 auri
1903 2084 2014 2129 videt,
2040 2089 2076 2121 δι
2102 2090 2189 2121 auris
2208 2085 2265 2123 fibi
2293 2090 2328 2123 δι’
2350 2078 2431 2126 odu-

1494 2134 1530 2168 lo
1549 2135 1656 2169 audit.
1683 2134 1862 2179 Numquid
1882 2134 1946 2168 t'ale'
1956 2134 2078 2178 aliquid
2097 2138 2129 2168 in
2149 2133 2432 2171 Ver'boarbitranss

1493 2184 1574 2218 dum
1605 2182 1667 2216 est'1
1682 2181 1763 2221 effe,
1789 2184 1946 2224 quoniam
1968 2184 2079 2214 omnia
2091 2190 2151 2227 per
2169 2182 2298 2228 ipsum?
2323 2186 2367 2219 Et
2378 2183 2427 2220 di-

1493 2234 1544 2263 xit
1572 2231 1738 2273 Scriptura
1760 2231 1792 2262 in
1812 2226 1959 2269 Psalmo,
1986 2229 2167 2275 Intelligite
2194 2237 2251 2282 qui
2280 2233 2429 2282 inflpien-
2445 2223 2491 2262 ¹³st
2503 2225 2598 2262 93·⁸·

1492 2288 1541 2312 tes
1571 2275 1640 2311 estis
1672 2281 1704 2311 in
1734 2276 1884 2323 populo,
1913 2281 1945 2312 δι
1975 2278 2063 2313 stulti
2092 2279 2270 2328 aliquando
2298 2282 2399 2328 sapite
2416 2282 2431 2318 τ’

1495 2326 1564 2370 Qui
1588 2326 1743 2372 plantavit
1770 2337 1881 2360 aurem
1903 2337 1969 2360 non
2001 2327 2132 2368 audiet,
2158 2329 2214 2365 a'ut
2239 2330 2311 2379 ‘qui'
2330 2330 2431 2368 finxit

1492 2374 1741 2417 oculum‚rnon
1762 2375 1964 2411 considerat?
1988 2378 2018 2411 Si
2049 2389 2130 2424 ergo
2160 2373 2267 2416 fiuxit*
2286 2379 2425 2424 'oculum

1492 2423 1668 2466 Verbum,
1694 2428 1769 2470 quia
1796 2428 1906 2460 omnia
1937 2439 1994 2472 per
2022 2426 2192 2467 Verbums
2219 2429 2241 2465 fi
2264 2430 2435 2479 plantavit*

1492 2480 1603 2509 aurc'rn'
1620 2473 1804 2518 Verbum,
1830 2478 1907 2521 quia
1936 2479 2044 2511 omnia
2074 2490 2132 2524 per
2151 2479 2300 2517 Verbum
2320 2508 2332 2527 ,
2356 2493 2428 2519 non

1496 2523 1658 2571 poll'umus
1679 2524 1805 2561 dicere3
1831 2528 1912 2561 Non
1933 2526 2024 2562 audit
2045 2527 2193 2565 Verbum
2207 2555 2219 2571 ,
2244 2543 2310 2566 non
2326 2528 2432 2568 ¹videt

1493 2572 1668 2618 Verbum:
1695 2573 1897 2621 neobjurget
1910 2575 2143 2618 nosPsalmus,
2168 2579 2321 2624 &diem
2341 2580 2426 2618 Stul-

1493 2627 1517 2659 ti
1547 2623 1723 2668 aliquando
1748 2624 1865 2670 sapite.
1892 2629 2005 2671 Itaque
2033 2626 2057 2662 fi
2085 2629 2174 2664 audit
2193 2629 2366 2672 Verbum,
2392 2632 2428 2672 Bc

1495 2673 1584 2709 videt
1604 2672 1777 2716 Verbum,
1802 2675 1891 2711 audit
1918 2675 2018 2711 Filius
2036 2678 2174 2713 &videt
2191 2680 2308 2716 Filius:
2334 2680 2431 2717 numss

1494 2723 1574 2771 quid
1597 2734 1707 2759 tamen
1727 2727 1760 2758 &
1791 2727 1823 2759 in
1851 2723 1923 2771 ipso
1952 2726 2085 2762 diver-lis
2102 2727 2183 2763 locis
2201 2730 2424 2780 quaefirurifu'·

1496 2786 1568 2808 mus
1588 2774 1704 2808 oculos
1724 2777 1757 2808 δε
1786 2776 1899 2810 aures?
1923 2774 2070 2811 Aliunde
2097 2778 2210 2821 audit,
2235 2780 2367 2817 aliunde
2377 2779 2421 2817 vi-

1495 2824 1568 2861 det3
1592 2827 1625 2858 &
1643 2826 1729 2870 auris
1750 2825 1817 2866 cius
1838 2836 1903 2859 non
1915 2825 2022 2872 potest
2034 2827 2127 2873 quod
2137 2829 2271 2872 oculus,
2299 2832 2420 2867 &ocu-

1494 2873 1544 2908 lus
1573 2885 1638 2908 non
1670 2872 1776 2921 potest
1794 2874 1887 2921 quod
1909 2875 2015 2920 potest
2031 2880 2140 2914 auris?
2163 2882 2218 2918 An
2248 2891 2339 2917 totus
2365 2879 2422 2917 ine

1494 2923 1580 2958 visus
1607 2922 1673 2965 est,
1699 2926 1734 2959 &
1752 2933 1842 2959 totus
1862 2925 2011 2961 auditus?
2037 2929 2136 2963 Forte
2154 2931 2218 2964 ita:
2243 2928 2425 2965 immo'non·

1493 2973 1601 3014 forte,
1629 2972 1680 3008 sed
1703 2985 1778 3008 vere
1804 2976 1871 3009 ita:
1895 2973 1975 3010 dum
2004 2986 2107 3013 tamen
2138 2982 2171 3013 δι
2208 2980 2315 3024 ipsum
2352 2981 2421 3025 ejus

1494 3023 1605 3061 videre
1624 3047 1636 3068 ,
1672 3026 1704 3060 δι
1735 3022 1840 3067 ipsum
1863 3024 1930 3069 ejus
1956 3025 2067 3061 audire
2087 3052 2099 3072 ‚
2134 3026 2232 3073 longe
2258 3027 2323 3064 alio
2350 3036 2421 3067 mo-

1491 3073 1539 3108 do
1575 3075 1675 3118 quam
1697 3071 1843 3108 nostrum
1873 3072 1911 3108 sit
1929 3101 1936 3108 .
1964 3077 2009 3110 Et
2040 3075 2149 3111 videre
2180 3081 2214 3113 δε
2242 3078 2354 3117 audire
2386 3078 2423 3116 fi·

1491 3120 1561 3159 mul
1582 3124 1614 3156 in
1626 3120 1743 3157 Verbo
1771 3121 1839 3165 est,
1873 3135 1931 3158 nec
1958 3122 2044 3158 aliud
2073 3123 2118 3160 est
2145 3125 2191 3161 ibi
2217 3128 2330 3163 audire
2349 3153 2359 3170 ‚
2385 3132 2422 3165 δε

1492 3171 1579 3213 aliud
1606 3171 1746 3211 videre5
1781 3171 1831 3212 sed
1856 3172 1984 3215 auditus
2012 3172 2094 3209 visus
2111 3199 2123 3218 ,
2157 3178 2190 3212 &
2220 3177 2305 3213 visus
2331 3178 2421 3216 audi-'⁴

1496 3233 1564 3258 tus.

1548 3273 1593 3306 Et
1622 3283 1682 3306 nos
1702 3275 1759 3317 qui
1785 3270 1878 3306 aliter
1906 3272 2055 3310 videmus
2075 3298 2085 3316 ,
2120 3275 2213 3312 aliter
2241 3277 2388 3314 audimus
2407 3304 2419 3321 ,

1497 3319 1565 3357 hoc
1592 3321 1676 3356 unde
1703 3323 1876 3356 novimus?
1901 3323 2064 3360 Redimus
2094 3323 2179 3360 forte
2205 3327 2246 3362 ad
2271 3339 2330 3363 nos
2349 3354 2362 3376 ,
2396 3328 2419 3365 fi

1500 3383 1566 3407 non
1599 3369 1704 3406 (unius
1724 3372 1987 3417 praeVaricatores
2007 3398 2018 3417 ,
2046 3374 2163 3422 quibus
2175 3375 2314 3412 „dietum
2339 3371 2420 3423 esti„

1495 3419 1618 3456 Redite
1650 3422 1911 3465 praevaricatores
1937 3422 1977 3458 ad
2001 3437 2062 3459 cor
2081 3451 2090 3460 .
2117 3425 2238 3462 Redite
2263 3424 2305 3463 ad
2333 3423 2420 3465 Eor‘e

1498 3469 1577 3517 qiud
1596 3472 1646 3504 itis
1670 3482 1688 3504 a
1716 3467 1830 3510 vobis,
1855 3473 1887 3505 &
1908 3475 2019 3518 per-itis
2047 3486 2087 3509 ex
2117 3473 2233 3512 vobis?
2258 3477 2339 3524 quid
2366 3481 2419 3514 itis

1498 3518 1678 3561 solitudinis
1704 3520 1790 3554 vias?
1816 3521 1941 3556 Erratis
1969 3524 2133 3568 vagando:
2159 3525 2263 3560 redite
2281 3553 2289 3562 .
2314 3527 2422 3573 Quo?

1498 3569 1537 3604 ad
1547 3570 1751 3606 Dominum.
1777 3571 1860 3604 Cito
1877 3569 1943 3607 este
1968 3575 2078 3619 primo
2096 3571 2231 3611 tedred*
2243 3583 2422 3621 cortuum,

1499 3616 1575 3653 exul
1595 3631 1610 3652 a
1641 3628 1673 3653 te
1703 3620 1822 3664 vagaris
1851 3618 1950 3655 soris:
1976 3622 2113 3668 teipfiim
2142 3632 2210 3659 non
2239 3625 2350 3668 nosti,
2386 3632 2423 3664 δε

1499 3669 1614 3715 quaeris
1647 3679 1664 3701 a
1692 3679 1762 3714 quo
1791 3666 1894 3705 faetus
1919 3683 1984 3706 es:
2019 3672 2139 3715 Redi,
2173 3674 2306 3711 redinad
2331 3688 2422 3719 cor,

1502 3715 1584 3756 tolle
1612 3726 1644 3754 te
1673 3729 1691 3755 a
1718 3729 1881 3765 corpore:
1915 3732 2037 3769 eorpus
2063 3733 2156 3759 tuum
2182 3719 2422 3764 habitatio->tua

2305 3774 2370 3815 est:

2435 3425 2491 3493 lsai
2503 3434 2599 3489 428,
