2652 4126
442 167 595 245 416,

500 255 755 313 QUINTA
787 254 899 297 PER
909 252 972 292 SE
982 249 1182 292 CUTIO
1202 279 1213 291 .
1245 250 1375 293 Perse—

438 316 599 358 cutione
633 311 877 358 Christianis
909 309 1039 360 fabia,
1069 307 1270 352 Leonides
1283 311 1375 352 Ori.

437 377 552 433 genis
582 386 698 433 pater
717 369 885 429 gloriosa
900 367 1088 422 martyrii
1101 381 1231 411 morte
1244 380 1371 414 trans-

436 437 540 478 latus
570 434 648 478 est.

494 491 730 538 Alexander
777 503 937 547 quoque
983 488 1038 531 ob
1087 488 1371 536 confessionem

436 552 648 596 Dominici
678 550 857 595 nominis
889 549 1017 592 clarus
1049 551 1212 593 extitit.

494 614 590 669 Qua
620 608 856 669 tempestate
880 610 1078 666 Perpetua
1108 612 1148 652 &
1178 609 1368 652 Felicitas

433 686 507 729 pro
539 669 703 716 Christo
732 668 845 727 paffae
876 668 991 720 sunt,
1024 671 1166 712 Nonis
1200 668 1369 720 Martii,

434 730 539 788 apud
572 730 871 786 Carthaginem
902 728 1050 770 Africae
1081 731 1125 775 in
1152 728 1284 773 castris
1303 728 1368 771 be.

434 790 513 834 stiis
543 789 742 846 deputatae
753 818 765 830 .

531 852 802 888 ANTONINO
826 853 871 891 11.
899 852 965 886 ET
990 851 1148 887 GETA.

530 902 717 939 ALBINO
740 902 807 936 ET
833 903 1047 937 AELIANO.

530 950 676 988 APRH
691 948 761 987 ET
783 950 1012 992 MAXIMO.

466 1002 688 1043 'Clemens
719 1000 848 1042 multa
878 999 1118 1043 conscribit.

530 1063 799 1098 ANTONINO
825 1064 890 1097 ΙΙΙ.
916 1062 984 1097 ET·
1008 1060 1147 1097 GETA
1174 1062 1237 1095 III.

491 1110 640 1153 Clodio
672 1110 851 1163 Albino,
881 1110 949 1169 qui
982 1106 1020 1151 se
1050 1111 1093 1150 in
1128 1109 1262 1153 Gallia
1278 1108 1366 1149 Caz-

432 1170 556 1212 sarern
590 1169 764 1222 fecerat,
795 1168 1007 1213 interfefiio
1039 1166 1262 1224 Lugduni,
1295 1168 1364 1208 Se-

430 1243 546 1271 verus
577 1227 626 1272 ad
662 1229 880 1271 Britannos
901 1225 1207 1279 transfretavit,
1236 1238 1281 1267 ut
1303 1240 1363 1268 re-

429 1301 565 1345 ceptas
596 1288 826 1344 provincias
857 1287 909 1328 ab
938 1286 1163 1329 incursione
1184 1285 1361 1333 barbari-

428 1360 474 1388 ca
502 1347 655 1388 faceret
695 1349 860 1388 tutiores
880 1375 893 1398 ‚
931 1344 1072 1387 fossam
1102 1346 1140 1389 &
1172 1358 1364 1402 aggerem

426 1420 501 1463 per
531 1419 711 1447 cxxx11.
743 1405 874 1447 millia
906 1404 1083 1462 passuum
1117 1421 1142 1447 a
1173 1406 1276 1447 mari
1311 1403 1361 1446 ad

424 1480 536 1508 mare
567 1464 759 1518 deduxit,
786 1464 825 1506 8<
856 1479 937 1507 non
971 1465 1101 1511 multo.
1132 1465 1219 1523 post
1251 1466 1363 1513 intra

427 1526 685 1567 Britanniam
719 1525 893 1570 Eboraci
924 1525 1121 1568 moritur.

522 1588 815 1628 POMPEIANO
842 1588 908 1622 ET
934 1587 1113 1623 AVITO.

523 1638 767 1674 FAUSTINO
792 1639 858 1673 ET
885 1639 1093 1678 RUFINO.

493 1686 881 1727 ANTONINUS
932 1698 1206 1740 cognomento
1260 1686 1362 1727 CA,

424 1746 714 1790 RACALLA
748 1745 888 1791 Severi
918 1743 1023 1788 filius
1043 1746 1362 1806 XVIILregna«

425 1806 487 1845 vit
518 1805 634 1845 annis
667 1805 755 1847 seX.

523 1866 790 1902 GENTIANO
815 1867 881 1902 ET
906 1866 1046 1902 BASSO
1057 1893 1068 1906 .,

523 1916 715 1952 DUOBUS
740 1918 920 1957 ASPRIS.

483 1964 715 2005 Antiochiae
746 1968 818 2007 IX.
852 1964 1074 2021 Episcopus
1107 1965 1364 2007 constituitur

425 2022 686 2078 Asclepiades
725 2039 737 2067 2
785 2024 1028 2079 jerosolimis
1079 2037 1176 2066 vero
1226 2040 1357 2072 xxxv.

419 2080 678 2134 Alexander,
705 2080 835 2129 adhuc
866 2083 1037 2129 vivente
1069 2084 1282 2126 Narcisso:
1313 2087 1357 2133 8<

420 2155 510 2183 cum
544 2155 591 2181 eo
624 2141 775 2196 pariter
808 2143 1029 2184 Ecclesiam
1061 2143 1191 2197 regit.

516 2203 787 2237 ANTONINO
813 2204 874 2237 IV.
902 2203 969 2236 ET
993 2203 1229 2237 BALBINO.

518 2251 732 2288 MESSALA
759 2251 825 2285 ET
850 2252 1041 2286 SABINO.

480 2299 596 2341 Finis
609 2299 728 2352 Cycli
744 2298 904 2340 secundi
923 2329 936 2350 ,
967 2300 1006 2340 8<
1026 2298 1193 2344 initium
1213 2300 1325 2340 tertii
1339 2330 1354 2345 .,

516 2360 660 2394 LAETO
685 2361 750 2394 ET
776 2360 1006 2396 CEREALE
1025 2386 1032 2394 .
1211 2361 1214 2364 ”

517 2410 693 2444 SABINO
715 2411 760 2453 II.
787 2410 853 2444 ET
878 2410 1131 2445 VENUSTO.

477 2455 714 2499 Antoninus
745 2452 985 2494 interficitur
1025 2455 1134 2494 inter
1165 2452 1352 2499 Edessam.

420 2513 458 2557 8<
489 2513 690 2565 Chanas,
722 2525 829 2553 anno
862 2513 989 2556 aetatis
1020 2511 1093 2553 suae
1126 2511 1272 2553 xl111.

481 2573 813 2616 MACRINUS
846 2573 959 2611 XIX.
974 2580 1117 2626 regnat
1137 2583 1247 2610 anno
1259 2585 1350 2612 uno.

518 2634 778 2671 PRAESENTE
803 2633 867 2667 ET
894 2629 1211 2668 EXTRICATO.

490 2683 718 2725 Antiochia:
768 2683 817 2725 X.
870 2679 1093 2737 Episcopus
1143 2678 1355 2722 ordinatur

423 2742 627 2784 Philetus.

434 2817 438 2820 ·
496 2803 560 2842 M.
614 2799 921 2842 AURELIUS
972 2797 1358 2840 ANTONINUS.

427 2863 519 2902 XX.
550 2860 738 2915 regnavit
767 2866 781 2882 ²
812 2858 932 2899 annis
964 2858 1110 2898 tribus.

524 2922 790 2957 ANTONINO
817 2921 881 2955 ET
909 2919 1172 2955 ADVENTO.

434 2991 444 2996 ⁷-
498 2972 639 3011 Romoe
690 2968 979 3027 Episcopatum
1039 2967 1208 3025 suscepit
1259 2968 1355 3010 XV..

431 3031 754 3071 CALLISTUS
785 3029 800 3054 ¹³
831 3029 947 3068 annis
979 3026 1067 3068 sex.

492 3086 699 3129 Macrinus
729 3086 922 3128 occiditur
952 3087 995 3126 in
1029 3086 1298 3128 Archelaide.

492 3146 727 3189 Antoninus
759 3148 899 3186 Romae
933 3145 1138 3187 Thermas
1180 3145 1357 3187 nominis

431 3205 487 3246 sui
519 3204 751 3247 aedificavit.

530 3267 799 3302 ANTONINO
824 3268 866 3301 ΙΙ.
894 3265 959 3300 ET
986 3267 1300 3302 SACERDOTE.

530 3317 798 3352 ANTONINO
823 3317 884 3351 ΙΙΙ.
920 3317 985 3350 ET
1022 3315 1360 3353 COMAZONTE..

529 3367 706 3402 GRATO
734 3367 798 3400 ET
825 3368 1065 3401 SELEUCO.

493 3416 724 3456 Antoninus
774 3418 916 3457 Romae
967 3415 1141 3458 tumultu
1190 3415 1357 3458 militari

434 3473 644 3516 occiditur.

474 3635 491 3654 a
512 3627 547 3656 In
568 3627 715 3658 codicibus
737 3625 906 3656 Eusebianis
927 3633 1085 3661 notantur,
1106 3637 1143 3655 an

441 3695 445 3699 ‚
474 3665 493 3694 b
515 3666 595 3698 Edit.
616 3668 756 3697 i'ontaci.
775 3668 859 3696 annis
882 3675 910 3702 5.
930 3667 986 3698 Ms.
1007 3674 1079 3702 tres,
1108 3669 1193 3697 annis
1213 3671 1358 3706 quatuor:

438 3714 513 3735 unus
538 3714 581 3740 15.
601 3707 671 3736 alius
695 3716 721 3744 ς-

474 3754 489 3773 c
517 3745 586 3774 Haec
613 3747 757 3776 adduntur
786 3746 815 3774 in
844 3745 940 3776 nostra
969 3744 1111 3777 Editione
1138 3757 1172 3777 ex
1202 3743 1364 3777 Aussuario

436 3784 516 3823 quod
540 3785 588 3814 Ph.
612 3785 705 3817 Labbe
727 3785 878 3817 Chronico
900 3786 1063 3817 Eusebiano
1084 3786 1364 3825 &Hieronymiano

1146 3627 1176 3656 m'
1195 3634 1314 3667 quatuor
1324 3644 1334 3655 .

722 160 775 217 8.
857 159 1445 218 PRospssai

1525 155 2137 228 AQU-ITANr

1493 248 1875 293 ALEXANDER
1898 250 2126 293 Mammaeae
2137 249 2238 292 filius
2250 252 2359 293 XXI.

1431 310 1622 367 regnavit
1652 322 1778 351 annos
1820 321 1951 354 x111.
1991 307 2152 366 sumpto
2190 310 2358 354 nomine

1430 369 1481 413 ab
1514 371 1766 426 Imperatore
1800 366 2060 415 Alexandro.

1488 427 1726 475 Alexander
1754 430 1946 474 Xerxem*
1961 428 2111 489 {regem
2151 428 2357 475 Persarum

1429 488 1596 548 gloriose
1629 489 1760 534 vincit
1771 518 1782 529 .

1525 551 1729 586 MAXIMO
1755 551 1824 586 ET
1848 551 2063 588 AELIANO.

1529 603 1741 642 JULIANO
1765 601 1832 637 ET
1857 602 2104 637 CRISPINO.

1488 651 1629 698 Romae
1660 651 1774 691 XVI.
1809 649 2030 708 Episcopus
2059 662 2221 692 creatur
2250 653 2356 695 UR-

1431 709 1632 753 BANUS
1664 709 1780 751 annis
1817 723 1882 752 tx.

1486 771 1501 795 ‘-
1532 769 1612 811 His
1643 769 1890 826 temporibus
1922 768 2118 813 Sabellius
2137 769 2247 813 fuiss'e
2269 785 2358 828 per·

1429 827 1612 870 hibetur.
1643 829 1769 885 Cujus
1799 843 1910 871 error
1940 827 1995 874 est
2014 859 2028 882 ‚
2066 844 2110 872 ut
2139 830 2183 872 in
2217 831 2357 874 Trini-

1426 899 1510 930 tate
1549 889 1725 942 divina,
1764 902 1886 951 quem
1926 889 2112 933 nominat
2152 891 2315 933 Patrem
2343 921 2357 944 ,

1426 946 1614 990 eumdem
1644 949 1819 1002 Filium,
1843 947 2030 994 eumdem
2060 948 2201 991 afferat
2233 951 2358 1008 Spiri-

1426 1008 1708 1056 tum-sanStum
1747 1039 1758 1050 .
1799 1009 1925 1055 Unde
1974 1008 2199 1066 impietatis
2249 1009 2356 1052 istius

2429 796 2447 819 C

1424 1066 1657 1128 impostores
1705 1069 1853 1111 merito
1902 1067 2356 1127 etiam'Patropaffiani
2433 1064 2437 1081 ³

1425 1140 1621 1172 vocantur
1652 1143 1662 1170 τ
1692 1129 1760 1185 qui
1799 1129 1876 1170 hoc
1916 1127 2132 1170 sentientes
2161 1158 2176 1181 ,
2213 1129 2353 1186 passio—

1425 1200 1522 1231 nem
1554 1188 1728 1236 Domini
1760 1187 1882 1230 nostri
1913 1187 2001 1244 Jesu
2023 1187 2202 1241 Christi,
2231 1203 2355 1246 quam

1423 1261 1497 1302 pro
1528 1246 1698 1295 humani
1729 1249 1885 1306 generis
1916 1246 2040 1295 salute
2062 1247 2252 1307 pertulit,
2284 1250 2355 1292 Pa-

1425 1307 1479 1347 tri
1509 1308 1802 1356 convincantur
1832 1307 2018 1350 asserere.
2339 1319 2344 1326 ‘

1425 1362 1449 1468 'b
1485 1367 1687 1424 Ulpianus
1740 1365 2038 1426 Jurisconsultus
2079 1366 2244 1426 insignis
2283 1370 2356 1414 ha-

1453 1437 1562 1467 etur.

1525 1489 1676 1524 FUSCO
1701 1489 1767 1524 ET
1793 1489 2020 1526 DEXTRO.

1493 1535 1686 1586 Thermae
1737 1536 2024 1585 Alexandrina:
2057 1539 2199 1583 Romae
2240 1533 2356 1580 aedifi-

1422 1607 1519 1638 catae
1532 1626 1544 1641 .

1517 1658 1827 1697 ALEXANDRO,
1850 1662 1894 1696 Π.
1919 1661 1986 1695 ET
2011 1660 2302 1697 MARCELLO.
2343 1638 2346 1643 -

1518 1709 1714 1744 ANIANO
1740 1709 1807 1744 ET
1834 1710 2062 1747 MAXIMO.

1520 1760 1704 1794 ALBINO
1729 1760 1795 1795 ET
1820 1760 2045 1802 MAXIMO.

1490 1803 1508 1829 ‘¹
1548 1808 1744 1850 Geminus
1796 1809 2008 1864 Presbyter
2047 1809 2357 1861 Antiochenus,

1423 1867 1461 1908 8<
1494 1867 1747 1924 Hippolytus
1776 1898 1790 1921 ,
1830 1870 1868 1912 8<
1907 1871 2090 1926 Beryllus
2132 1867 2353 1926 Episcopus

1421 1927 1583 1968 Arabiae
1627 1926 1838 1974 Bostrenus
1877 1929 1975 1971 clari
2023 1929 2242 1988 scriptores
2285 1927 2355 1970 ha·
2404 1975 2407 1977 ,

1422 1986 1706 2088 begtiitriochiae
1738 2049 1808 2091 XI.
1850 2048 2074 2103 Episcopus
2115 2046 2162 2088 fit
2194 2032 2353 2110 Zebenss

1415 2118 1512 2151 nus.

1512 2163 1752 2200 Monesi-o
1777 2164 1845 2199 ET
1870 2165 2053 2201 PROBO.
2349 2156 2352 2211 ζ

1475 2211 1766 2257 Alexandrina:
1799 2213 1983 2255 Ecclefiae
2017 2214 2110 2255 XII.
2135 2212 2273 2270 praeest
2293 2214 2352 2269 Ε-Ι

1367 2264 1376 2278 ⁴
1415 2270 1597 2328 piscopus
1631 2272 1825 2315 Heraclas
1837 2303 1848 2317 ,

1477 2331 1570 2371 Hoc
1610 2343 1794 2387 tempore
1838 2332 2039 2385 Origenes
2091 2327 2351 2370 Alexandriae

1414 2389 1542 2441 clarus
1573 2386 1806 2430 videbatur.
1838 2406 1853 2423 e
1883 2389 1967 2431 Hic
1988 2389 2057 2446 qui
2081 2402 2155 2445 per
2176 2388 2351 2430 multam

1415 2444 1563 2498 eloquii
1593 2445 1853 2498 facultatem,
1883 2447 2072 2500 perversa
2092 2445 2274 2502 quadam
2294 2446 2351 2488 est

1415 2514 1581 2542 conatus
1612 2502 1783 2557 astruere
1805 2536 1816 2556 ‚
1848 2503 2023 2546 condens
2064 2505 2186 2545 libros
2204 2534 2218 2556 ‚
2257 2520 2351 2562 quo-

1417 2574 1507 2600 rum
1534 2558 1589 2601 est
1621 2561 1758 2602 titulus
1790 2561 1880 2617 nep?
1907 2564 2030 2619 α’ρχαῖν
2051 2593 2065 2617 ‚
2092 2564 2135 2605 in
2166 2563 2307 2620 quibus
2335 2596 2350 2620 ‚

1420 2632 1566 2677 praeter
1597 2621 1725 2663 multa
1758 2620 1872 2663 sacrae
1912 2621 2100 2665 doarinae
2141 2623 2307 2667 adversa
2335 2634 2351 2678 ‚'

1418 2681 1546 2721 etiam
1577 2679 1624 2721 de
1657 2682 1977 2725 commutatione
2009 2682 2087 2728 hoc
2128 2684 2249 2725 totius
2288 2699 2351 2727 ra-

1419 2739 1580 2780 tionalis
1611 2753 1799 2786 creaturae,
1830 2740 1992 2794 asserit,
2031 2741 2136 2802 quod
2176 2756 2259 2783 non
2291 2744 2350 2784 so-

1420 2798 1505 2840 lum
1537 2798 1759 2855 impiorum
1781 2800 1949 2853 animae,
1979 2799 2044 2845 sed
2076 2802 2114 2842 8<
2145 2801 2228 2857 ipse
2249 2816 2344 2858 quo-

1420 2872 1496 2914 que
1527 2857 1729 2911 diabolus,
1758 2859 1880 2916 longa
1910 2858 2189 2915 purificatione
2230 2874 2347 2903 reve-⁶

1420 2915 1569 2961 candus
1597 2917 1643 2959 fit
1673 2917 1716 2959 in
1747 2917 1820 2959 suae
1860 2919 2025 2976 originis
2065 2919 2309 2976 dignitatem
2329 2953 2346 2974 ,

1421 2975 1716 3019 succedentibus
1747 2977 1818 3019 fibi
1849 2977 2008 3036 semper
2024 2979 2345 3022 revolutionibus

1420 3035 1469 3078 de
1500 3037 1614 3078 bonis
1645 3036 1694 3079 ad
1725 3038 1858 3091 mala,
1885 3039 1924 3080 8<
1953 3037 2001 3085 de
2032 3027 2164 3080 malis‘
2189 3038 2239 3081 ad
2278 3041 2346 3082 bo-

1420 3110 1499 3149 na..
1532 3097 1644 3154 Quia.
1674 3097 1759 3142 haec
1788 3097 2002 3141 alternatio
2022 3112 2105 3139 non
2125 3095 2243 3155 poffit'
2262 3115 2346 3142 non

1419 3155 1494 3198 effe
1526 3168 1746 3213 perpetua,
1773 3157 1812 3198 8<
1841 3157 2009 3204 viciffim
2039 3170 2083 3199 ut
2114 3157 2162 3200 de
2192 3159 2345 3202 miseris

1420 3216 1554 3270 beati,
1582 3217 1620 3257 8<
1650 3215 1698 3257 de
1730 3215 1856 3258 beatis
1885 3216 2043 3258 miseri.

1517 3278 1820 3314 ALEXANDRO
1846 3279 1908 3313 ΙΙΙ.
1934 3279 2000 3314 ET
2026 3280 2203 3316 DIONE.

1518 3328 1698 3363 GRATO
1723 3328 1790 3362 ET
1815 3328 2048 3364 SELEUCO.

1516 3377 1806 3417 POMPEJANO
1831 3378 1897 3413 ET
1922 3379 2205 3420 FELICIANO.·

1520 3428 1644 3461 LUPO
1671 3426 1737 3461 ET
1762 3428 1983 3464 MAXIMO.

1481 3478 1624 3520 Roma:
1666 3477 1809 3517 XVII.
1849 3477 1885 3517 E
1889 3476 2140 3536 piscopatum
2150 3478 2347 3583 Pigil‘ffpit

1420 3616 1586 3651 subiunxit.

1459 3659 1477 3688 d
1497 3658 1624 3694 Quidam
1647 3656 1710 3689 Mss
1733 3659 1904 3689 Germinus:
1925 3657 1995 3695 aiii,
2014 3662 2183 3693 Gentianus.

1464 3709 1479 3729 e
1502 3700 1573 3729 Haec
1623 3708 1663 3729 uae
1691 3698 1717 3728 se
1742 3707 1850 3730 uuntur
1878 3699 2002 3730 articulo
2029 3703 2127 3734 addita
2145 3701 2286 3732 habentur
2312 3708 2350 3729 ex

1426 3737 1587 3772 Autumno
1630 3739 1661 3773 h.
1684 3738 1726 3770 La
1747 3738 1781 3771 be
1803 3747 1876 3772 tom.
1899 3748 1926 3770 1.
1946 3738 2087 3776 Bibliotlz
2106 3749 2189 3775 nom

2427 1815 2449 1850 d
