2652 4126
481 239 583 298 246

751 226 1442 290 &Paospizizi
1508 228 2117 303 AQUITANI

298 338 590 382 Ge„·12,3,pater
609 354 622 377 ,
659 324 883 381 dierumque
914 325 952 366 ei
991 323 1077 377 est,
1118 325 1397 366 Benedicentur
1458 337 1525 366 tua
1555 321 1849 380 impedimenta
1877 322 2103 366 cesserunt?

2143 323 2253 384 Quid
2284 323 2339 366 est
2355 321 2373 379 ',

296 384 512 434 apaan-&in
543 398 583 426 te
612 400 733 425 omnes
757 397 889 441 gentes
908 413 918 424 .
953 385 1062 440 Quia
1093 398 1188 442 ergo
1226 385 1393 441 populus
1455 382 1558 439 quod
1590 395 1651 424 tot
1682 383 1809 426 millia
1839 382 2038 438 fidelium,
2068 395 2154 426 toto
2173 385 2266 426 orbe
2278 385 2372 427 huic

437 473 439 475 ·
473 443 723 486 Christianus
755 457 868 484 verus
898 441 954 485 est
993 442 1145 496 lsrael,
1183 446 1222 487 8<
1263 447 1391 502 AEgy·

438 522 443 528 .
468 518 560 560 ptus
589 502 687 558 saepe
718 503 761 543 in
793 501 918 559 figura
948 503 1068 544 totius
1109 503 1234 546 saeculi
1273 505 1389 561 poni-

467 575 552 614 tur,
582 576 605 602 a
635 575 712 616 quo
742 561 975 619 spiritaliter
1004 562 1269 606 recedendum
1307 564 1382 607 est:

465 618 800 676 quemadmodum
832 621 900 664 ille
931 622 1100 679 populus
1130 637 1210 666 non
1250 625 1383 681 potuit

463 678 513 721 ad
545 692 693 722 terram
726 681 993 737 promiffionis
1024 682 1165 724 venire
1185 713 1199 736 ,
1229 684 1301 725 nifi
1331 682 1388 726 di-

461 739 560 780 vino
590 739 826 782 liberaretur
855 741 1004 783 auxilio
1034 757 1048 797 3
1088 741 1146 784 ita
1185 743 1235 784 ab
1264 743 1388 799 {hujus

461 797 587 840 saeculi
620 800 789 842 vinculis
820 801 950 843 nullus
980 801 1162 854 eruitur,
1201 801 1273 844 nifi
1314 817 1385 858 per

461 860 634 915 gratiam
668 861 775 914 Dei,
805 862 848 902 in
881 875 1005 902 manu
1025 860 1119 902 forti
1150 862 1188 903 8(
1219 862 1384 904 brachio

286 904 639 971 Ex⁰³>⁶·¹·⁶*excelso‚
669 932 712 960 ut
743 919 900 962 caelestis
931 920 1143 976 Jerusalem
1177 922 1274 963 civis
1305 920 1378 963 effe

462 990 683 1020 mereatur.
715 981 972 1036 Quicumque-
1003 993 1097 1036 ergo
1128 980 1216 1021 sunt
1229 981 1381 1022 Israeli--

394 1088 396 1090 ¹
461 1051 532 1090 τε,
561 1039 686 1080 domus
706 1040 830 1091 Jacob
861 1040 899 1081 &
930 1039 1103 1081 Abrahae
1123 1069 1135 1091 ,
1167 1039 1380 1081 secundum

283 1113 382 1153 (ga-13.
395 1118 446 1149 ηρ
460 1098 758 1154 promissionem
771 1097 967 1151 haeredes,
997 1097 1238 1154 cognoscunt
1257 1100 1382 1140 etiam

458 1157 497 1197 se
529 1155 646 1198 exiffe
677 1159 722 1199 de
750 1161 921 1215 AEgypto
940 1187 953 1209 ,
992 1171 1082 1198 cum
1123 1158 1216 1198 huic
1246 1157 1381 1199 saeculo

443 1216 794 1258 >renuntiaverunt
826 1232 835 1257 ε
867 1215 984 1256 exisse
1015 1215 1060 1256 de
1086 1214 1225 1274 populo
1255 1216 1381 1257 barba-

442 1293 518 1328 ‘ro,
548 1288 639 1316 cum
657 1275 910 1317 -confeffione
952 1274 1114 1330 pietatis
1146 1290 1169 1316 a
1199 1276 1382 1332 blasphe-

454 1338 546 1379 miis
576 1335 795 1391 impiarum
827 1335 1007 1390 gentium
1020 1332 1279 1375 recesserunt.
1316 1337 1382 1375 In-

456 1407 666 1450 terrogent
697 1393 816 1435 corda
848 1393 914 1434 sua
943 1422 955 1444 ,
995 1393 1021 1433 fi
1054 1407 1102 1434 ea
1132 1392 1380 1437 circumcidit

451 1455 574 1506 fides,
600 1453 627 1494 fi
660 1452 888 1511 purificavit
919 1452 1106 1494 confeffio
1142 1454 1221 1494 Dei
1254 1454 1382 1495 Abra-

450 1518 574 1567 ham,
604 1515 642 1555 8<
675 1514 757 1555 Dei
790 1513 922 1565 Isaac,
952 1513 991 1553 8<
1023 1513 1105 1553 Dei
1126 1513 1269 1568 jacob:
1301 1515 1380 1554 Fa·

450 1579 510 1618 ἕὶα
540 1574 593 1629 est
623 1574 662 1614 in
685 1573 740 1614 eis
762 1573 906 1627 judaea
928 1572 1181 1628 sanc'lific-atio
1201 1574 1301 1626 ejus,
1331 1572 1379 1615 (θ’

450 1631 573 1691 Israel
597 1634 763 1692 potestas
793 1634 893 1683 ejus.
927 1632 1048 1672 Dedit
1079 1633 1191 1674 enim
1232 1633 1282 1673 eis
1315 1644 1383 1692 po-

449 1691 645 1751 testatem,
665 1691 774 1749 filios
804 1692 882 1733 Dei
903 1690 1016 1747 fieri.
1048 1691 1137 1747 Jam
1159 1691 1224 1733 hic
1256 1706 1383 1734 recor—

451 1756 566 1797 detur
595 1751 882 1808 unusquisque,
912 1752 979 1807 qui
1011 1750 1080 1791 sub
1119 1749 1216 1792 dura
1255 1750 1382 1792 domi-

451 1816 618 1857 natione
650 1811 854 1854 diabolicis
886 1811 929 1851 in
961 1810 1038 1851 hoc
1070 1809 1206 1854 saeculo
1246 1812 1379 1867 operi-

449 1876 520 1917 bus
552 1871 726 1914 subditus
757 1870 989 1922 laborabat,
1018 1868 1220 1926 quomodo
1250 1871 1299 1911 ab
1320 1870 1376 1925 ju-

447 1950 502 1991 go
523 1933 635 1974 liber
665 1931 822 1973 effeb'cus
854 1930 923 1982 sit,
955 1928 1154 1986 quomodo
1174 1930 1285 1972 inter
1300 1929 1375 1972 dis-

449 1993 702 2037 suadentium
734 1990 954 2034 retinacula
983 2020 997 2042 ,
1036 1989 1074 2032 &
1104 1989 1377 2033 obsistentium

448 2052 745 2116 impedimenta
776 2050 826 2092 ad
858 2051 968 2091 viam
999 2050 1196 2091 libertatis
1216 2079 1229 2102 ,
1259 2051 1297 2092 &
1327 2049 1377 2091 ad

449 2113 559 2171 spem
595 2125 750 2154 aeternae
782 2108 1024 2152 haereditatis
1054 2109 1224 2151 evaserit
1246 2140 1256 2150 .
1277 2111 1378 2166 eMa-

405 2173 418 2184 ‘
449 2189 492 2216 re
521 2187 616 2229 e-rgo
647 2172 749 2212 vidit
768 2200 781 2223 ,
811 2171 859 2212 δ’
880 2169 989 2226 fugit
1011 2198 1025 2220 ,
1058 2183 1147 2210 cum
1179 2168 1377 2211 obstacula

275 2236 283 2243 '
345 2235 348 2237 ’
384 2276 387 2281 ,
418 2275 422 2277 ,
451 2233 602 2281 saeculi,
632 2230 756 2271 verbo
788 2230 871 2270 Dei
902 2227 1137 2269 treme-faeta
1168 2227 1371 2270 cesserunt.

443 2290 630 2347 jordanis
669 2287 866 2341 conversus
906 2287 959 2340 est
999 2285 1198 2340 retrorsum
1230 2302 1240 2334 ;
1280 2301 1375 2341 quo.

450 2352 562 2392 niam
594 2347 662 2404 qui
693 2345 1097 2402 aversusaprincipio
1127 2343 1216 2397 suo,
1249 2347 1373 2386 Crea-

450 2421 581 2449 torem
613 2406 723 2446 suum
742 2404 909 2456 deserit,
935 2417 1141 2459 tamquam
1163 2404 1306 2444 fluvius
1329 2405 1371 2447 in

449 2479 560 2508 mare
593 2464 764 2515 labitur,
792 2464 854 2504 cui
886 2463 1036 2503 bonum
1068 2462 1123 2503 est
1154 2475 1197 2503 ut
1228 2474 1373 2502 retror-

450 2525 536 2567 sum
567 2533 826 2565 convertatur
844 2551 858 2573 ,
897 2522 938 2561 δε»
966 2519 1122 2561 rediens
1162 2519 1211 2560 ad
1243 2519 1373 2560 aucie-

452 2597 566 2636 rem,
594 2595 699 2623 retro
730 2581 802 2622 fibi
832 2579 954 2621 faciat
985 2593 1096 2619 mare
1126 2607 1140 2630 ‚
1179 2577 1229 2619 ad
1269 2576 1372 2634 quod

452 2654 545 2685 ante
578 2641 767 2683 tendebat
800 2655 810 2681 :-
839 2640 876 2680 &
908 2639 957 2680 sic
989 2637 1172 2694 Jordanis
1210 2651 1375 2679 conver·

452 2715 560 2744 tatur
591 2699 801 2742 retrorsum
821 2728 835 2751 ,
864 2712 954 2739 cum
986 2698 1043 2741 illi
1084 2709 1375 2739 convertuntur

453 2761 522 2803 ad·
545 2761 772 2802 Dominum
800 2787 815 2811 ,
852 2758 921 2812 qui
969 2756 1141 2814 gratiam
1183 2757 1372 2813 baptismi

454 2830 744 2878 perceperunt.

513 2882 667 2921 Montes
694 2877 901 2935 gestierunt
917 2873 1031 2916 velut·
1058 2876 1212 2929 arietes,
1242 2874 1373 2919 &col-

571 2935 624 2979 l'es
654 2936 765 2978 velut
794 2936 884 2994 agni
912 2936 1060 2976 ovium.
1118 2951 1122 2954 ’
1352 2975 1354 2977 ,

456 3019 465 3023 ·-
515 2994 987 3053 Fidelesdispensatores
1019 2994 1132 3036 verbi
1162 2994 1375 3047 veritatis,

454 3058 576 3102 sancii
609 3055 813 3114 Apostoli,
843 3054 966 3096 sanE'ti
989 3052 1378 3110 Evangelistaemon«

454 3131 513 3161 tos
543 3119 582 3158 8<
611 3115 726 3157 duces
757 3115 845 3156 sunt
877 3127 1064 3170 gregum,
1093 3114 1140 3154 8ο
1161 3113 1279 3154 colles
1311 3126 1377 3154 ve<-

454 3179 513 3219 lut
543 3176 638 3231 agni
668 3175 805 3215 ovium
836 3172 924 3215 sunt
955 3173 1094 3228 quibus
1122 3171 1266 3213 dicitur
1284 3201 1297 3224 ,
1326 3173 1376 3212 In

285 3224 436 3256 ¹'C⁰''4'¹‘³‘
457 3235 610 3291 Christo
632 3234 668 3286 J
670 3232 730 3288 esu
755 3244 829 3290 per·
855 3229 1114 3289 Evangelium
1143 3247 1207 3289 ego
1229 3246 1298 3271 vos
1312 3246 1374 3288 ge«

457 3296 544 3336 nui:
573 3293 622 3335 do
652 3292 790 3349 quibus
819 3289 963 3332 dicitur
981 3320 994 3343 ,
1024 3288 1180 3347 Afferte
1210 3292 1375 3331 Domino

430 3363 441 3374 ·
450 3351 555 3410 filios
583 3353 763 3394 arietum:
792 3351 860 3407 qui
891 3350 1088 3391 montium
1121 3350 1274 3407 pabulis
1293 3351 1377 3406 opi·

459 3424 641 3464 mantur,
679 3413 716 3452 8(
747 3410 816 3452 sub
845 3410 1013 3452 arietum
1025 3410 1254 3468 principatu
1273 3410 1380 3452 exul·

462 3483 595 3516 tantes
628 3483 841 3526 reguntur.

518 3528 633 3589 Qid
660 3529 712 3583 est
741 3544 841 3570 mare
871 3528 969 3584 quod
969 3528 1134 3586 fugisti?
1165 3529 1213 3571 (9⁴
1242 3542 1285 3569 tu
1288 3529 1324 3581 J
1327 3543 1382 3568 or·

580 3588 686 3630 danis
716 3590 805 3642 quia
832 3588 1026 3644 conversus
1055 3605 1091 3630 es
1121 3586 1343 3644 retrorsum?
1369 3623 1373 3625 .

521 3649 674 3686 Montes
703 3649 793 3701 quia
818 3649 960 3704 gestitis
989 3645 1100 3689 velut
1129 3649 1261 3690 arietes
1278 3678 1294 3701 ,
1330 3646 1380 3688 &f

578 3701 686 3745 colles
716 3703 827 3746 velut
856 3708 945 3764 agni
973 3707 1129 3751 ovium?

525 3761 637 3823 Quid
660 3763 744 3818 est,
771 3765 901 3825 inquit
920 3796 933 3818 ,
970 3783 994 3809 o
1025 3767 1203 3812 saeculurn
1223 3798 1236 3822 ,
1277 3765 1379 3827 quod

267 1708 399 1749 joanan
407 1716 432 1736 ε.

331 2910 363 2943 ⁴³³(-
383 2916 411 2944 4.

287 3339 424 3383 elatam

290 3535 425 3576 .1?··5.·

335 3651 369 3690 ὴ.
391 3654 418 3683 ⁶.

1452 441 1602 486 mundo
1658 443 1979 485 renuntiantium
2039 445 2325 486 convertimini
2358 475 2368 486 .

1451 500 1627 559 Quidest
1657 501 1760 558 quod
1771 502 1972 559 gaudetis,
1992 502 2193 559 'quibusin
2206 501 2284 544 fine
2313 502 2372 545 di-

1443 574 1556 604 cetur
1572 589 1586 614 ,
1622 563 1734 619 Euge
1761 562 1852 604 bone
1871 562 2008 618 firve,
2038 563 2212 618 quoniam
2230 562 2272 602 in
2277 573 2371 619 pau·
2388 582 2543 617 Ma„‚25,

1445 622 1495 662 cis
1527 618 1660 677 fidelis
1689 619 1834 677 fuisti,
1864 621 1981 680 supra
2010 622 2132 664 multa
2161 635 2200 664 te
2238 623 2451 692 consti-1²33,

1448 681 1591 722 tuam?
1621 679 1733 739 Quid
1763 680 1817 723 est
1847 681 1951 738 quod
1981 682 2160 738 gaudetis
2180 712 2192 735 ,
2230 683 2369 738 quibus
2419 673 2430 692 ⁸
2450 682 2459 692 ⁰
2480 672 2526 700 ³⁴‘

1449 741 1492 782 in
1523 739 1602 783 fine
1632 739 1786 783 dicetur
1803 770 1816 793 ,
1858 742 1993 781 Venite
2022 740 2202 784 benedicis·
2238 743 2370 783 Patris

1446 801 1541 853 mei,
1568 801 1748 858 percipite
1777 816 1932 857 regnum
1942 802 2040 856 quod
2058 801 2163 844 vobis
2185 813 2367 861 paratum

1445 860 1500 915 est
1528 860 1574 900 ab
1603 860 1746 917 origine
1775 859 1929 902 mundi?

1502 921 1545 962 A
1567 917 1667 974 facie
1698 919 1857 960 Domini
1884 932 2064 960 commota
2092 922 2146 977 est
2173 934 2276 963 terra
2292 949 2306 974 ,
2345 936 2368 961 a
2409 935 2445 971 q,
2465 946 2494 971 ⁷·

1549 977 1650 1032 facie
1682 979 1758 1018 Dei
1778 977 1925 1031 Jacob.

1502 1036 1614 1094 Quid
1645 1036 1700 1078 est
1729 1053 1752 1077 a
1774 1036 1876 1093 facie
1907 1038 2083 1091 Domini,
2114 1039 2186 1081 nifi
2218 1040 2267 1081 ab
2279 1038 2361 1095 ejus

1441 1095 1673 1155 praesentia,
1703 1097 1770 1152 qui
1801 1096 1927 1148 dixit,
1957 1099 2056 1138 Ecce
2084 1113 2149 1156 ego
2178 1098 2367 1152 vobiscum

1434 1155 1521 1210 sum
1560 1154 1673 1210 usque
1712 1155 1761 1195 ad
1808 1156 2162 1210 consummationem
2201 1155 2366 1212 saeculi?

1444 1214 1533 1271 Ipse
1565 1228 1659 1271 ergo
1691 1228 1921 1256 commovet
1953 1227 2125 1272 terram,
2156 1218 2238 1275 ipse
2250 1218 2366 1275 pigra
2380 1210 2540 1280 21³⁰*st

1441 1275 1479 1318 &
1510 1274 1657 1315 inertia
1687 1273 1804 1315 corda
1833 1275 2057 1316 convertit.
2425 1272 2433 1281 ’

1499 1334 1587 1391 ,Qui
1628 1334 1817 1374 convertit
1840 1346 1992 1392 petram
2021 1335 2061 1375 in
2082 1335 2223 1393 stagna
2251 1352 2365 1392 aqua·
2410 1344 2444 1381 ab.
2465 1346 2494 1380 8.

1558 1407 1663 1444 rum,
1693 1392 1742 1436 (9⁹
1772 1404 1900 1451 rupem
1930 1394 1971 1434 in
1991 1393 2122 1448 fontes
2150 1406 2361 1450 aquarum‘.

1500 1450 1577 1493 Ista
1607 1451 1661 1493 est
1692 1452 1877 1508 spiritalis
1908 1465 2045 1510 petra,
2084 1453 2125 1494 id
2155 1453 2210 1496 est
2242 1455 2364 1496 Chri-

1441 1509 1540 1564 stus,
1570 1512 1636 1567 qui
1668 1510 1891 1554 doctrinam
1921 1512 2054 1566 suam,
2082 1528 2167 1570 quae
2178 1513 2365 1570 priusdu·

1441 1584 1485 1611 ra
1517 1572 1555 1612 8<
1584 1569 1713 1627 rigida
1742 1570 1974 1624 videbatur,
2004 1572 2047 1614 in
2079 1574 2206 1615 multa
2238 1575 2362 1616 fluen-

1444 1642 1485 1671 ta
1516 1631 1742 1685 conv-ertit3
1773 1631 1811 1672 8<
1841 1630 1952 1672 miffo
1983 1631 2030 1674 de
2061 1633 2163 1677 cae-lis
2196 1634 2364 1690 Spiritu-

1444 1689 1600 1742 sanfflo,
1631 1689 1856 1732 sermonem
1887 1690 1997 1732 suum
2029 1691 2218 1734 feciteffe
2250 1706 2364 1750 pota-

1441 1750 1588 1803 bilem,
1617 1764 1737 1806 quem
1768 1749 1965 1806 discipulis
1996 1751 2244 1804 insinuarat,
2274 1752 2365 1792 inci-
2379 1783 2487 1818 Luc-24
2501 1786 2539 1812 ιε

1431 1810 1543 1867 piens
1571 1826 1594 1849 a
1624 1809 1758 1865 stonse
1785 1822 1854 1868 per
1884 1812 2247 1869 omnesProphetas,
2276 1812 2420 1868 quia&
2439 1803 2497 1858 27,-

1427 1869 1490 1927 stc
1519 1868 1710 1927 oportebat
1742 1869 1938 1924 Christum
1967 1871 2069 1924 pati.
2323 1896 2325 1898 >

1494 1931 1623 1973 NON
1650 1927 1751 1970 nobis
1797 1930 1958 1972 Domine
1978 1959 1992 1983 ,
2029 1945 2104 1971 non
2134 1930 2263 1983 nohis,
2295 1929 2368 1985 sed
2411 1942 2445 1979 ᾔ.
2466 1949 2494 1972 ι.

1557 1989 1703 2029 nomini
1731 2001 1794 2029 tuo
1826 1989 1875 2030 da
1900 1987 2086 2047 gloriam*-

1500 2049 1643 2090 Gratia
1675 2048 1932 2105 praedicatur,
1957 2062 2048 2104 zquae
2073 2060 2222 2104 ‘aquam
2252 2058 2364 2105 rege·

1440 2108 1658 2151 nerationis
1689 2106 1737 2147 de
1768 2119 1915 2162 petra,
1945 2119 2027 2162 quae
2059 2105 2113 2148 est
2147 2107 2329 2150 Christus
2342 2116 2362 2161 ‘,

1439 2168 1568 2210 emifit
1589 2196 1602 2219 ,
1642 2165 1760 2206 nullis
1800 2165 2011 2207 hominum
2043 2166 2361 2222 praecedentibus
2377 2180 2519 2215 Rom.5.6.

1437 2227 1620 2268 meritis:
1659 2224 1850 2280 quoniam
1890 2223 2070 2266 Christus
2111 2240 2186 2281 pro
2224 2227 2361 2284 impiis
2379 2221 2537 2258 ¹·C⁰r·¹·3¹

1437 2298 1614 2326 mortuus
1643 2284 1697 2328 est
1720 2312 1734 2336 ,
1772 2298 1823 2328 ne
1855 2284 1955 2327 ullus
1984 2283 2056 2325 nisi
2087 2285 2131 2326 in
2174 2286 2360 2327 Domino

1433 2344 1652 2401 glorietur.
1714 2375 1718 2378 -
2268 2366 2270 2368 v

1492 2406 1614 2461 Super
1643 2401 1891 2457 misericordia
1921 2402 1970 2445 &⁴
1998 2404 2166 2445 veritate
2195 2415 2291 2445 tua:
2342 2430 2346 2434 -

1493 2463 1588 2503 Duo
1619 2461 1726 2512 haec,
1756 2461 2024 2504 misericordia
2055 2465 2094 2504 &
2113 2464 2285 2516 veritas,
2315 2461 2360 2505 in

2382 1514 2393 1533 1
2398 1503 2433 1536 ,Ο
2436 1513 2474 1535 or.
2478 1512 2489 1533 1
2494 1512 2544 1542 ma}

2413 2413 2446 2450 θ’.
2467 2426 2494 2447 a.

1435 2519 1635 2576 scripturis
1665 2519 1807 2560 sanclis
1838 2534 1941 2576 pene
1972 2521 2129 2579 semper
2158 2521 2362 2576 junciain·

1435 2581 1676 2620 veniuntur.
1709 2581 1758 2620 In
1791 2578 1857 2620 sua
1897 2580 2046 2637 quippe
2089 2580 2362 2623 misericordia

1436 2638 1549 2680 Deus
1580 2637 1742 2679 vocavit
1773 2637 1941 2694 impios,
1971 2640 2009 2681 8<
2039 2640 2082 2682 in
2105 2640 2277 2684 veritate
2307 2641 2363 2697 ju-

1435 2696 1586 2739 dicavit
1617 2712 1681 2739 eos
1713 2697 1782 2754 qui
1813 2699 1953 2740 venire
1984 2699 2221 2741 noluerunt.
2519 2732 2523 2734 ἡ

1492 2759 1557 2798 Ne
1586 2756 1732 2812 quando
1763 2757 1905 2799 dicant.
1916 2771 2071 2815 gentes,
2103 2757 2242 2815 Ubiest
2254 2760 2360 2800 Deus
2373 2769 2531 2814 hemma.

1549 2815 1706 2857 eorum?

1494 2879 1544 2918 In
1576 2873 1785 2916 novlffimo
1815 2876 1927 2916 enim
1946 2874 2267 2919 manifestabitur
2284 2878 2357 2933 mi·

1435 2934 1647 2978 sericordia
1676 2934 1715 2974 8<
1746 2934 1914 2976 veritasz
1948 2935 2041 2977 Nec
2071 2934 2205 2978 dicent
2225 2936 2358 2994 impii,

1441 2995 1515 3036 Ubi
1543 2995 1596 3050 est
1623 2996 1726 3036 Deus
1755 3008 1879 3034 eorum
1896 2991 1917 3036 ἓ
1947 3008 2039 3036 cum
2069 3006 2294 3052 apparente
2313 2993 2359 3038 fi÷
2371 3008 2467 3042 Man.
2484 3018 2532 3047 24.

1439 3069 1520 3111 gno
1551 3053 1622 3096 filii
1651 3052 1828 3095 hominis
1858 3054 1901 3095 in
1933 3054 2028 3095 caelo
2054 3056 2144 3106 ,—&
2185 3054 2356 3098 instante
2373 3057 2421 3086 3⁰·

1437 3113 1607 3170 judicio,
1638 3126 1719 3154 non
1740 3111 1879 3154 -adhuc
1900 3111 2177 3170 pratdicabitur
2196 3114 2358 3157 creden-

1437 3172 1532 3226 dus,
1563 3171 1624 3215 sed
1655 3170 1880 3214 ostendetur
1911 3171 2160 3214 tremendus.
2223 3190 2228 3214 ι

1495 3232 1599 3275 Deus
1626 3244 1750 3272 autem
1780 3231 1903 3286 noster
1930 3232 1970 3271 in
1995 3228 2088 3273 ,caelo
2107 3231 2279 3288 sursum,
2307 3234 2356 3277 (9⁴
2403 3243 2438 3277 f.
2456 3255 2490 3286 3.

1544 3290 1659 3348 super
1687 3303 1849 3344 terram,
1879 3291 2005 3332 amnia
2033 3306 2269 3349 quoecumque
2288 3310 2356 3335 vo-

1556 3348 1631 3393 luit
1652 3348 1769 3406 fecit.
1910 3377 1914 3384 ι
1978 3364 1999 3380 -’

1500 3413 1599 3454 Non
1632 3410 1673 3451 in
1705 3411 1799 3452 caelo
1819 3439 1832 3463 ,
1867 3410 1937 3452 ubi
1977 3410 2100 3452 solem
2140 3414 2179 3455 8(
2217 3413 2357 3456 lunam

1442 3469 1606 3521 vident,
1636 3470 1704 3525 qui
1734 3481 1955 3512 creaturam
1988 3471 2122 3513 colunt
2154 3488 2167 3528 3
2207 3472 2271 3515 sed
2311 3474 2356 3516 in

1442 3531 1535 3572 caelo
1566 3527 1747 3581 sursum,-
1765 3527 1869 3584 quod
1901 3530 2188 3586 transgreditur
2217 3534 2356 3574 omnia

1441 3602 1608 3645 corpora
1638 3587 1802 3630 caelestia
1841 3589 1880 3629 8(
1921 3589 2120 3632 terrestria
2149 3621 2160 3633 .
2202 3593 2354 3648 Quam-

1438 3661 1560 3705 quam
1591 3661 1666 3690 nec
1694 3646 1853 3703 inipso
1883 3647 1939 3689 ita
1970 3647 2040 3702 fit,
2069 3661 2112 3692 ut
2151 3650 2232 3694 fine
2271 3649 2357 3706 ipso

1440 3707 1513 3750 effe
1545 3721 1627 3750 non
1659 3706 1796 3763 possit.
1829 3707 2035 3764 Quoniam
2067 3709 2110 3750 in
2131 3709 2268 3766 quibus
2287 3707 2357 3762 est,

1440 3766 1523 3829 ipse
1555 3782 1603 3813 ea
1633 3778 1840 3828 tamquam
1870 3765 2096 3828 indigentia
2134 3768 2315 3811 continet
2343 3798 2359 3822 ,

2232 3827 2301 3885 qui
