2652 4126
0 412 8 578 i

0 579 10 675 i

0 723 13 896 Ξ

487 212 566 257 ΕΤ
609 198 872 258 Hieron.
915 200 1200 259 SEMlPEL·

224 289 300 331 'esti
325 295 384 328 cor
409 301 506 329 tuum
536 292 631 329 sentit
657 296 754 329 etiam
782 305 840 339 per
868 305 990 340 corpus
1019 304 1115 330 tuum
1137 306 1145 327 :

224 344 281 380 sed
309 354 430 389 corpus
448 354 543 378 tuum
571 355 638 378 non
667 343 757 391 quod
785 356 847 378 cor
873 355 987 379 tuum:
1022 343 1147 379 dimitte

226 397 262 430 δι
287 404 410 439 corpus
436 403 553 432 tuum,
580 393 648 428 redi
675 393 715 428 ad
743 405 804 428 cor
831 404 943 429 tuum.
970 396 1009 429 In
1029 405 1147 439 corpo-

226 454 263 480 re
288 453 349 478 tuo
375 441 557 477 inveniebas
585 441 662 479 alibi
688 442 825 482 oculos,
859 442 934 479 alibi
962 455 1080 478 aures:
1114 446 1146 478 in

226 492 328 529 corde
354 502 416 527 tuo
443 491 604 540 numquid
635 491 701 528 hoc
731 495 876 528 invenis?
901 495 955 528 An
985 492 1148 528 in'corde

227 554 289 579 tuo
316 553 384 577 non
412 539 513 577 habes
539 544 660 578 aures?
693 545 747 579 De
775 541 896 589 quibus
922 553 1004 588 ergo
1031 544 1149 579 Domi-

227 605 287 628 nus
311 589 459 633 dicebat,
485 593 558 637 Qui
582 589 683 628 habet
707 604 799 627 aures
824 591 997 634 audiendi,
1020 592 1148 640 audiat?

229 645 283 679 An
309 644 343 677 in
368 640 470 676 corde
495 652 562 676 non
588 639 832 678 habesoculos?
857 641 1149 688 UndedicitApo·

0 687 13 719 ἓ·
44 677 207 720 ἶΡόψωδ
226 692 328 729 stolus
347 715 359 734 ,
393 689 597 727 illuminatos
620 690 737 727 oeulos
761 691 875 727 cordis
899 690 995 726 vestri
1015 694 1027 728 ἓ
1062 691 1150 728 Redi

226 743 268 779 ad
291 754 371 779 cor:
398 741 474 776 vide
499 739 545 776 ibi
569 742 651 788 quid
677 741 935 778 sentiasfortede
947 743 1048 785 Deo,
1073 745 1149 790 quia

226 793 272 831 ibi
300 790 346 827 est
370 794 479 836 imago
504 793 590 827 Dei.
616 794 656 827 In
681 794 836 828 interiore
861 789 1000 826 homine
1024 789 1149 827 habitat

227 839 403 882 Christum
429 843 460 876 in
485 843 643 877 interiore
668 838 806 877 homine
833 843 998 875 renovaris
1021 841 1060 876 ad
1071 844 1150 877 ima-

227 897 339 941 ginem
363 892 449 932 Dei,
486 893 518 926 in
546 893 687 936 imagine
712 890 766 927 sua
789 889 951 937 cognosce
976 892 1148 927 auctorem

228 945 314 987 eius.
331 940 429 978 ‚vide
455 940 738 987 quemadmodum
763 953 880 976 omnes
906 943 1056 987 corporis
1081 939 1151 976 sen·

227 993 279 1037 sus
303 991 398 1028 cordi
422 992 512 1026 intro
539 993 693 1027 nuntient
717 991 798 1038 quid
825 989 975 1026 senserint
985 990 1082 1026 foris:
1108 993 1157 1026 vi,

226 1043 271 1080 de
296 1053 394 1090 quam
419 1039 543 1076 multos
569 1039 735 1076 ministros
759 1039 877 1077 habeat
910 1052 993 1076 unus
1020 1043 1158 1079 interior

228 1096 436 1139 imperator,
470 1094 503 1127 ἃ
529 1090 612 1137 quid
638 1090 725 1137 apud
751 1090 780 1126 se
805 1095 903 1126 etiam
929 1088 995 1125 fine
1021 1088 1072 1126 his
1098 1094 1159 1127 mi·

230 1142 340 1179 nisti-is
363 1151 454 1187 agat.
489 1142 695 1177 Renuntiant
721 1139 812 1177 oculi
838 1139 931 1175 cordi
957 1138 1027 1175 alba
1052 1144 1085 1175 &
1112 1143 1159 1174 ni-

231 1204 308 1239 grat
333 1193 518 1229 tenunti'ant
543 1202 635 1226 aures
660 1190 767 1226 eidem
791 1190 886 1227 cordi
914 1202 1030 1225 canora
1055 1189 1159 1225 &dis-

231 1243 327 1280 sonat
354 1242 538 1278 renuntiant
564 1251 654 1275 nares
680 1240 785 1276 eidem
809 1239 902 1284 eordi
928 1239 1034 1274 odora
1061 1243 1162 1286 &pu-

233 1295 333 1329 tentia
354 1305 364 1330 ς
400 1293 565 1327 renuntiat
601 1289 712 1336 gustus
746 1289 854 1339 eidem
880 1288 973 1324 cordi
997 1301 1103 1324 amara
1129 1293 1163 1324 δε

231 1341 356 1381 dulcia·
381 1343 550 1377 renunciat
575 1341 678 1376 tacstus
701 1339 809 1375 eidem
834 1338 928 1374 cordi
958 1338 1038 1374 lenia
1064 1343 1097 1375 δι
1122 1337 1167 1374 as-

232 1405 340 1440 perat
366 1394 530 1427 renuntiat
556 1393 590 1426 &
617 1388 675 1426 fibi
701 1388 806 1436 ipsum
833 1401 892 1424 cor
918 1387 996 1434 justa
1021 1392 1053 1425 δι
1083 1390 1166 1431 inju-

234 1442 300 1479 sta.
326 1440 817 1481 Cortuum&videt&audit‚
843 1442 876 1473 &
896 1450 1001 1474 cetera
1014 1437 1170 1474 [enfibilia

223 1492 411 1538 ‘diiudicats
438 1495 631 1536 &quonon
659 1487 1099 1536 aspira‘ntcffii‘fflsssfflsffl’
1125 1489 1171 1533 5¹³·

234 1540 462 1586 sta&injusta,
487 1538 612 1576 mala&
637 1537 723 1575 bona
748 1538 910 1575 discernit.
936 1537 1085 1574 Ostende
1112 1542 1172 1573 mi-

233 1591 272 1628 hi
299 1591 419 1628 oculos
446 1614 456 1631 ,
491 1600 582 1626 aures
608 1614 619 1631 ‚
655 1602 746 1625 nares
780 1588 888 1624 cordis
913 1591 962 1623 tui
989 1615 997 1623 .
1033 1587 1172 1624 Diversa

235 1642 309 1679 sunt
335 1654 410 1689 quae
431 1639 474 1676 ad
499 1651 560 1676 cor
584 1650 681 1675 tuum
699 1639 907 1682 reseruntur,
930 1637 1101 1674 &diversa
1127 1636 1172 1673 ibi

234 1690 382 1730 membra
393 1692 696 1728 noninvcniuntui·.
724 1693 762 1725 In
782 1701 878 1724 carne
905 1700 959 1723 tua
983 1687 1173 1729 alibiaudis‚

234 1741 311 1779 alibi
333 1741 441 1777 vides.-
452 1743 486 1776 in
496 1738 600 1776 corde
627 1750 687 1775 tuo
711 1738 755 1775 ibi
780 1738 895 1780 audis,
919 1737 976 1773 ubi
1005 1737 1113 1773 vides.
1140 1740 1171 1771 Si

234 1792 303 1829 hoc
329 1795 441 1836 imago
459 1812 476 1829 ›‚
502 1793 800 1837 quantopotentius
827 1787 879 1824 ille
903 1789 996 1831 cujus
1021 1792 1132 1831 imago
1159 1788 1171 1820 ?

234 1845 329 1887 Ergo
356 1844 390 1876 &
416 1840 507 1875 audit
535 1838 635 1874 Filius
654 1863 665 1881 ,
701 1843 735 1874 δε
761 1838 851 1874 videt
877 1837 979 1873 Filius
999 1861 1011 1879 ,
1045 1839 1079 1872 &
1105 1836 1170 1882 ipsa

234 1891 320 1928 vilio
355 1894 388 1926 ἃ
424 1888 551 1927 auditio
576 1887 704 1924 Filius:
741 1892 772 1925 &
802 1886 870 1924 hoc
896 1886 942 1922 est
977 1887 1023 1922 illi
1060 1887 1171 1922 audire

235 1941 330 1990 quod
357 1938 437 1978 effe,
465 1943 499 1974 &
525 1936 593 1973 hoc
619 1936 665 1974 est
689 1937 737 1973 illi
768 1939 880 1973 videre
904 1936 999 1983 quod
1017 1934 1084 1971 ess'e.
1112 1938 1173 1972 Ti-

234 1990 270 2028 bi
290 2002 359 2026 non
385 1988 452 2027 hoc
478 1986 526 2024 est
552 1988 667 2023 videre
686 1987 777 2034 quod
804 1986 874 2024 esse:
893 1985 1034 2034 quiaetfi
1062 1986 1175 2034 perdas

235 2039 364 2084 visum,
391 2049 485 2087 potes
512 2034 572 2075 esse
591 2063 602 2080 ‚
637 2036 695 2075 etsi
721 2037 837 2085 perdas
862 2036 1014 2074 auditum
1030 2061 1043 2079 ‚
1080 2047 1176 2084 potes

239 2088 319 2128 esse.
346 2108 348 2111 ’

248 2304 302 2339 Ex
326 2297 435 2335 eodem
461 2295 625 2343 Agustino.
649 2295 810 2331 'Tr-affatu
836 2297 937 2334 XIX.
984 2295 1019 2330 in
1045 2295 1182 2337 Ioannis

315 2347 554 2396 Evangebum,
581 2355 654 2395 cap.
685 2359 715 2394 5.
741 2359 777 2383 v.
806 2349 840 2388 6.⁴
863 2359 895 2382 n.
914 2357 968 2383 12.
994 2343 1037 2378 (9¹
1070 2358 1083 2382 ι
1092 2359 1125 2391 3.

337 2489 432 2528 cce,
456 2484 586 2530 inquis,
611 2480 719 2517 fateris
745 2478 813 2527 ipsi:
839 2479 932 2527 quod
967 2482 1069 2515 vitam
1100 2476 1189 2514 filio

362 2539 458 2572 Pater
482 2532 587 2573 dedit,
612 2541 650 2567 ut
675 2528 792 2565 habeat
804 2542 874 2564 cam
886 2529 1022 2576 quidem
1047 2532 1079 2563 in
1091 2527 1191 2563 seme-

255 2586 365 2635 tipso,
388 2584 469 2620 ficut
488 2580 589 2618 habet
610 2584 703 2617 Pater
721 2583 821 2615 vitam
843 2582 875 2613 in
901 2577 1098 2624 semetipso,
1123 2583 1189 2612 non

255 2638 406 2682 indigens
436 2631 491 2669 ille
511 2643 580 2668 non
607 2629 749 2675 indigeat
777 2633 810 2666 &
830 2627 889 2664 iste
908 2640 920 2667 ‚-
946 2639 983 2663 ut
1007 2627 1045 2663 stt
1066 2626 1122 2662 ille
1142 2628 1191 2662 vi-

256 2699 289 2724 ta
309 2711 321 2729 ,
345 2685 383 2721 fit
402 2687 436 2719 ἃ
456 2681 514 2719 iste
533 2695 544 2719 a
569 2683 602 2716 &
621 2691 802 2725 utrumque
823 2678 1042 2722 conjunctum
1061 2688 1123 2712 una
1145 2680 1192 2711 vi·

257 2749 312 2780 ta,
338 2746 406 2771 non
424 2733 520 2769 duae³
542 2734 618 2777 quia
642 2742 729 2765 unus
749 2734 864 2769 neus,
891 2739 957 2762 non
976 2727 1046 2763 duo
1065 2726 1134 2762 dii:
1158 2729 1192 2761 δε

258 2786 328 2823 hoc
349 2785 454 2832 ipsum
482 2782 520 2817 sit
538 2779 597 2816 esse
627 2783 727 2815 vitam
745 2802 758 2815 ..
781 2777 969 2822 Quomodo
995 2788 1077 2821 ergo
1101 2775 1194 2811 dedit

259 2836 348 2873 Filio
369 2837 467 2870 vitam
490 2836 582 2868 Pater
601 2832 614 2866 ?
639 2833 722 2866 Non
743 2827 785 2864 fic
814 2826 903 2875 quasi
923 2837 996 2862 ante
1025 2825 1123 2861 fuerit
1140 2828 1192 2862 Fi-

259 2887 323 2927 lius
341 2885 408 2921 siue
427 2886 495 2920 vita
513 2906 525 2924 ,
550 2891 648 2927 atque
668 2889 706 2918 ut
735 2880 861 2916 viveret
878 2890 897 2912 a
918 2879 1012 2912 Patre
1029 2877 1193 2923 acceperit

261 2940 368 2974 vitam
387 2950 398 2971 ε
424 2944 499 2969 nam
519 2931 542 2966 sl
562 2929 630 2966 hoc
657 2926 729 2964 effer
748 2953 760 2970 ,
785 2939 853 2962 non
878 2924 1013 2963 haberet
1036 2928 1138 2962 vitam
1160 2927 1193 2960 in

261 2982 437 3031 semetipso
457 3009 464 3018 .
490 2983 578 3017 Ecce
597 2979 638 3014 de
656 2981 763 3014 anima
782 2974 960 3024 loquebar.
987 2974 1046 3012 Est
1070 2979 1192 3010 anima:

265 3035 322 3072 etfi
342 3046 410 3070 non
433 3030 470 3067 fit
490 3031 613 3077 sapiens
631 3053 642 3070 ,
667 3027 722 3063 etsi
741 3038 808 3062 non
836 3026 859 3062 fi
880 3025 983 3071 justa,
1007 3028 1111 3061 anima
1131 3023 1196 3059 est5

266 3084 322 3122 etsi
342 3095 410 3119 non
437 3081 476 3117 fit
496 3083 547 3128 pia
566 3104 578 3122 ,
603 3081 710 3114 anima
737 3076 783 3112 est
803 3103 811 3112 .
847 3075 952 3112 Aliud
980 3074 1027 3111 illi
1051 3086 1132 3120 ergo
1151 3071 1198 3108 est

266 3132 326 3171 effe
345 3134 487 3169 animam
505 3155 518 3172 ,
551 3129 639 3165 aliud
662 3139 743 3163 vero
761 3124 820 3162 esse
847 3125 1021 3172 sapientem
1042 3150 1052 3164 ‚
1078 3121 1135 3159 effe
1155 3125 1200 3164 iu·

268 3185 349 3222 stam
369 3207 382 3226 ‚
406 3178 464 3216 effe
493 3182 579 3227 piam
599 3202 608 3211 .
634 3176 693 3218 Est
712 3187 793 3223 ergo
819 3174 943 3223 aliquid
966 3186 1036 3220 quo
1056 3172 1203 3213 nondum

269 3234 318 3271 est
338 3234 482 3280 sapiens²
505 3227 658 3266 nondum,
674 3225 778 3273 iusta²
800 3226 948 3264 nondum
967 3226 1019 3276 pia
1040 3250 1053 3268 ,
1077 3235 1143 3259 non
1161 3234 1206 3258 ta-

273 3296 354 3323 men
375 3279 460 3317 nihil
477 3278 548 3319 est,
572 3289 638 3312 non
659 3287 765 3312 tamen
792 3274 879 3310 nulla
897 3276 963 3310 vita
980 3272 1045 3310 est:
1071 3286 1146 3309 nam
1165 3285 1207 3308 ex

273 3331 433 3379 operibus
464 3326 656 3376 quibusdam
685 3325 744 3361 suis
771 3324 913 3361 ostendit
940 3323 969 3359 se
988 3326 1087 3359 vitam
1107 3349 1119 3367 ‚
1151 3321 1206 3357 etsi

276 3395 345 3420 non
365 3380 396 3416 se
414 3378 557 3415 ostendit
586 3376 762 3423 sapientem
781 3401 795 3420 ‚
829 3377 915 3422 piam
935 3398 947 3416 ‚
973 3372 1086 3417 iustam
1104 3400 1112 3408 .
1138 3371 1206 3408 Nili

278 3435 370 3471 enim
389 3432 541 3471 viveret,
564 3438 689 3472 corpus
710 3436 956 3465 nonmoveret,
984 3421 1119 3471 pedibus
1128 3419 1209 3467 gres-

279 3482 352 3519 :sum
372 3505 384 3522 ,
418 3476 566 3515 manibus
582 3487 666 3523 opus
683 3500 696 3518 ,
731 3475 835 3511 oculis
861 3477 1015 3510 intuitum
1034 3498 1046 3516 ,
1080 3471 1209 3510 auribus

282 3530 432 3569 auditum
456 3539 522 3562 non
543 3529 715 3573 imperaret
734 3536 838 3565 ‚non
866 3529 1005 3572 aperiret
1032 3535 1069 3558 os
1085 3522 1125 3558 ad
1151 3533 1210 3556 vo-

285 3593 357 3621 cem
376 3604 389 3622 ,
414 3578 558 3624 linguam
576 3575 615 3612 ad
643 3573 887 3613 distinetionem
907 3585 1026 3609 vocum
1054 3585 1120 3608 non
1142 3584 1212 3607 mo·

289 3640 398 3667 veret-
425 3629 487 3665 His
504 3629 611 3673 itaque
630 3623 788 3672 operibus
808 3627 922 3660 vivere
939 3623 970 3658 se
989 3621 1154 3663 ostendit,
1178 3625 1211 3656 &

289 3678 351 3717 ess‘e
369 3676 494 3726 aliquid
521 3675 614 3723 quod
632 3674 671 3711 fit
698 3686 841 3721 corpore
870 3672 987 3709 melius
1008 3686 1018 3708 ε
1044 3670 1096 3707 sed
1125 3683 1216 3706 num-

288 3729 370 3779 quid
397 3726 450 3764 his
465 3724 620 3773 operibus
638 3749 654 3768 ,
677 3723 850 3772 sapientem
870 3747 880 3766 ,
907 3725 994 3770 piam
1013 3746 1025 3764 ,
1052 3719 1166 3766 iustam
1185 3719 1215 3755 se

387 3778 425 3814 S.
454 3773 623 3822 Prosperi.

1242 213 1460 260 LUCEM
1503 215 1866 261 AFFssRUNT'.
2014 230 2115 284 251

1204 293 1346 331 ostendit
1366 297 1379 331 ?
1402 299 1525 332 Nonne
1542 294 1711 332 ambulant
1727 321 1739 338 ‚
1763 307 1964 344 operantur,
1986 299 2099 339 vident
2113 331 2126 349 ,

1206 344 1341 380 audiunt
1358 371 1370 388 ,
1394 345 1579 394 loquuntur
1598 350 1631 381 δε
1653 346 1739 383 stulti
1761 372 1773 388 ,
1797 351 1830 383 &
1851 350 1969 393 impii,
1993 352 2026 384 δι
2046 353 2126 396 inju-

1206 393 1242 429 sti
1271 396 1282 429 ?
1314 398 1405 431 Cum
1434 407 1513 431 vero
1539 395 1568 430 se
1593 399 1687 441 erigit
1721 397 1759 431 ad
1786 396 1909 444 aliquid
1945 398 2037 444 quod
2061 401 2126 445 ipsa

1207 457 1274 479 non
1300 443 1347 479 est
1371 470 1381 487 ,
1417 449 1450 482 &
1476 445 1567 491 quod
1591 444 1684 491 supra
1718 446 1817 493 ipsam
1843 445 1889 482 est
1912 471 1924 489 ,
1956 450 1991 483 &
2016 460 2034 483 a
2058 460 2128 497 quo

1206 494 1271 540 ipsa
1297 493 1343 529 est
1362 519 1374 535 ,
1400 497 1539 541 pet-cipit
1565 494 1751 541 sapientiam
1773 522 1784 539 ,
1818 495 1971 540 justitiam
1991 523 2004 541 ,
2028 501 2128 545 pieta-

1206 555 1274 580 tem
1293 558 1313 578 ε·
1328 543 1393 579 sine
1417 543 1536 589 quibus
1560 557 1636 580 cum
1661 542 1732 580 effet
1753 570 1762 585 ,
1789 558 1919 582 mortua
1944 558 2011 583 erat
2030 573 2042 591 ‚
2068 560 2128 584 nec

1205 597 1304 629 vitam
1330 591 1468 629 habebat
1493 606 1557 640 qua
1582 593 1647 639 ipsa
1672 597 1816 637 viveret,
1841 595 1894 632 sed
1922 608 1986 644 qua
2009 609 2130 645 corpus

1205 643 1389 679 vivificaret
1407 670 1415 678 .
1441 642 1545 679 Aliud
1571 642 1616 678 cst
1641 646 1729 679 enim
1754 647 1787 679 in
1814 648 1917 681 anima
1942 645 2030 681 unde
2054 660 2128 683 cor·

1208 705 1267 739 pus
1302 692 1488 728 vivificatur
1522 717 1534 735 ‚
1569 692 1656 728 aliud
1689 692 1777 729 unde
1811 694 1875 740 ipsa
1910 695 2094 732 vivificatur
2119 723 2129 732 .

1206 743 1330 779 Melius
1362 746 1487 789 quippe
1520 741 1566 777 est
1601 754 1699 790 quam
1733 755 1853 791 corpus
1880 758 1891 779 .·
1927 745 1979 780 sed
2015 745 2132 782 melius

1204 804 1305 840 quam
1331 792 1395 839 ipsa
1419 791 1466 828 est
1491 794 1583 829 Deus
1599 819 1607 827 .
1633 791 1692 828 Est
1717 804 1796 839 ergo
1821 793 1886 841 ipss
1910 819 1923 835 ‚
1949 795 2068 830 etiamsi
2095 795 2134 831 fit

1208 842 1358 888 insipiens
1377 868 1389 886 ,
1415 841 1530 887 injusta
1550 866 1562 883 ‚
1595 845 1694 887 impia
1712 867 1724 884 ,
1750 846 1814 878 vita
1839 847 1989 890 corporis
2009 869 2017 877 .
2044 848 2135 889 Quia

1209 904 1290 927 vero
1315 895 1380 926 vita
1406 893 1473 937 ejus
1499 890 1544 927 est
1571 894 1682 934 Deus,
1709 892 1883 938 quomodo
1907 906 1982 929 cum
2006 894 2071 941 ipia
2090 892 2137 930 est

1215 946 1246 978 in
1271 951 1435 987 corpore,
1462 939 1588 987 ptaestat
1614 941 1661 976 illi
1674 944 1842 986 vigorem,
1867 942 2040 984 decorem,
2067 956 2138 979 mo·

1214 990 1397 1033 bilitatem,
1421 989 1530 1026 officia
1555 989 1801 1026 membrorum:
1827 991 1869 1027 fic
1894 1005 1970 1029 cum
1997 995 2061 1028 vita
2073 996 2142 1038 ejus

1215 1044 1308 1078 Deus
1334 1043 1366 1075 in
1392 1039 1456 1087 ipsa
1482 1039 1550 1081 est,
1577 1039 1700 1086 praestat
1725 1039 1772 1075 illi
1799 1041 1984 1087 sapientiam
2005 1066 2017 1083 ‚
2043 1045 2142 1089 pieta-

1216 1102 1307 1132 tem,
1333 1089 1508 1135 justitiam,
1533 1088 1746 1126 charitatem.
1772 1089 1873 1127 Aliud
1887 1090 1933 1126 est
1958 1101 2039 1137 ergo
2050 1092 2144 1138 quod

1218 1140 1384 1189 praestatur
1408 1142 1541 1186 corpori
1567 1139 1609 1175 de
1633 1142 1736 1175 anima
1757 1153 1766 1176 ι
1791 1140 1878 1176 aliud
1904 1140 1995 1188 quod
2023 1141 2146 1187 praesta·

1218 1203 1273 1227 tur
1307 1194 1425 1226 animae
1448 1190 1490 1226 de
1514 1192 1592 1226 Deo
1617 1204 1629 1225 .-
1665 1190 1823 1226 Vivificat
1858 1194 1891 1226 δε
1925 1190 2111 1227 vivificatur
2136 1207 2146 1227 ε

1219 1251 1350 1277 mortua
1375 1239 1519 1276 vivificat
1544 1264 1557 1282 ‚
1590 1238 1613 1274 fi
1639 1239 1704 1285 ipsa
1735 1251 1802 1274 non
1829 1240 2012 1276 vivificatur
2038 1268 2045 1276 .
2079 1243 2148 1277 Ve-

1224 1293 1333 1326 niente
1358 1293 1467 1337 itaque
1502 1287 1606 1324 verbo
1629 1293 1663 1325 &
1691 1288 1796 1325 infuso
1829 1288 2034 1327 audientibus
2061 1315 2072 1332 ‚
2106 1291 2150 1327 fa-

1224 1339 1349 1388 ctisque
1380 1339 1441 1375 illis
1467 1351 1531 1374 non
1558 1337 1664 1374 solum
1699 1339 1905 1375 audientibus
1931 1365 1940 1380 ,
1975 1339 2027 1377 sed
2053 1345 2151 1377 etiam

1226 1388 1477 1430 obedientibus,
1505 1387 1640 1435 resurgit
1665 1391 1769 1424 anima
1793 1401 1810 1424 a
1836 1400 1945 1425 morte
1969 1388 2022 1425 sua
2046 1391 2085 1426 ad
2104 1393 2154 1426 vi·

1228 1452 1295 1476 tam
1321 1438 1434 1483 suam,
1458 1438 1525 1474 hoc
1552 1437 1597 1473 est
1616 1463 1628 1479 ‚
1653 1438 1693 1474 ab
1718 1442 1886 1486 iniquitate
1904 1464 1916 1481 ‚
1941 1438 1980 1475 ab
2006 1439 2154 1487 insipien·

1229 1494 1273 1526 tia
1293 1515 1304 1532 ‚
1337 1489 1376 1525 ab
1403 1492 1567 1535 impietate
1592 1488 1629 1523 ad
1659 1491 1769 1525 Deum
1795 1488 1888 1525 suum
1915 1514 1926 1530 ‚
1950 1493 2008 1536 qui
2035 1489 2080 1526 est
2105 1489 2159 1525 illiv

1232 1540 1403 1586 sapientia,
1431 1538 1568 1582 justitia,
1594 1537 1720 1574 claritas
1739 1565 1748 1574 .
1773 1541 1888 1584 surgat
1913 1539 1952 1575 ad
1977 1539 2094 1582 illum,
2119 1539 2158 1574 il·

1231 1590 1413 1626 luminetur
1436 1587 1476 1625 ab
1504 1588 1582 1623 illo.
1610 1589 1788 1630 Accedite,
1814 1591 1922 1636 inquit
1939 1614 1950 1632 ,
1975 1590 2013 1625 ad
2042 1588 2157 1631 illum,
2173 1578 2311 1618 Ps-33.5·

1231 1644 1266 1676 &
1291 1639 1371 1686 quid
1398 1637 1494 1675 nobis
1518 1641 1601 1674 erit?
1624 1641 1658 1673 δε
1683 1637 1928 1674 illuminamini.
1953 1641 1984 1674 Si
2011 1651 2091 1684 ergo
2110 1651 2159 1675 ac-

1230 1689 1379 1726 cedendo
1405 1688 1634 1724 illuminamini
1661 1713 1673 1730 ‚
1697 1693 1731 1724 &
1757 1688 1943 1724 recedendo
1968 1687 2173 1724 tenebrami->

1229 1742 1264 1774 ni
1291 1751 1301 1776 ³
1336 1749 1404 1773 non
1431 1749 1498 1773 crat
1525 1742 1557 1772 in
1584 1737 1678 1773 vobis
1703 1737 1815 1773 lumen
1842 1737 1985 1773 vestrum
2005 1762 2016 1779 ,
2051 1736 2103 1772 sed
2130 1740 2162 1771 in

1229 1791 1310 1825 Deo
1335 1786 1462 1831 vestro.
1487 1787 1648 1823 Accedite
1671 1811 1684 1829 ‚
1708 1798 1745 1822 ut
1772 1787 1966 1833 resurgatis:
1993 1787 2015 1822 Γι
2041 1784 2165 1822 tecess'e-

1229 1841 1323 1879 ritis,
1348 1839 1557 1874 moriemini.
1584 1838 1617 1872 Si
1643 1848 1723 1884 ergo
1747 1836 1932 1872 accedendo
1957 1839 2064 1871 vivitis
2084 1862 2094 1877 ,
2119 1848 2165 1870 re-

1230 1887 1380 1924 cedendo
1405 1888 1605 1924 morimini;
1637 1898 1707 1922 non
1735 1897 1805 1922 erat
1833 1888 1865 1921 in
1897 1884 1992 1922 vobis
2021 1889 2086 1921 vita
2113 1897 2167 1920 ve-

1232 1938 1295 1974 stra
1314 1964 1323 1973 .
1349 1936 1420 1983 Ipss
1446 1939 1534 1972 enim
1554 1934 1600 1971 est
1627 1939 1693 1972 vita
1719 1935 1820 1970 vestra
1841 1959 1852 1975 ‚
1877 1947 1952 1981 quae
1968 1934 2014 1970 est
2030 1933 2088 1970 lux
2113 1946 2168 1970 ve·

1233 1988 1314 2024 stra.
1343 1989 1511 2031 Quoniam
1531 1984 1617 2032 apud
1644 1996 1678 2020 te
1695 1983 1741 2020 est
1759 1984 1832 2020 fons
1852 1987 1949 2027 vite,
1974 1987 2051 2021 &in
2072 1983 2169 2020 lumi-

1233 2052 1275 2074 ne
1295 2049 1356 2073 tuo
1375 2035 1560 2073 videbimus
1579 2035 1707 2071 lumen.

1284 2090 1368 2125 Non
1404 2097 1485 2132 ergo
1521 2085 1601 2121 ficut
1626 2089 1730 2121 anima
1767 2084 1890 2132 aliquid
1915 2084 2001 2121 aliud
2027 2084 2073 2121 cst
2099 2096 2171 2121 ante

1240 2150 1338 2186 quam
1368 2136 1576 2174 illuminetur
1598 2160 1608 2176 ,
1645 2138 1678 2171 ὅτ.
1704 2135 1742 2171 fit
1768 2136 1886 2172 melius
1913 2147 1989 2171 cum
2015 2134 2177 2171 illuminas

1239 2199 1295 2222 tur
1322 2188 1572 2232 participatione
1595 2185 1769 2226 melioris,
1796 2188 1839 2220 ita
1865 2189 1896 2220 δε
1924 2183 2073 2220 Verbum
2085 2187 2177 2226 Dei,

1241 2233 1345 2269 Filius
1370 2236 1436 2268 Dei
1456 2258 1468 2275 ,
1500 2232 1625 2278 aliquid
1649 2232 1738 2268 aliud
1772 2244 1839 2268 erat
1862 2244 1938 2267 ante
1970 2246 2069 2279 quam
2093 2238 2179 2269 acci-

1243 2293 1336 2329 peret
1362 2284 1484 2321 vitam,
1512 2291 1548 2316 ut
1576 2280 1804 2327 participando
1830 2279 1946 2317 habeat
1973 2286 2097 2318 vitam:
2123 2282 2178 2317 sed

1242 2345 1347 2368 vitam
1377 2330 1477 2367 habet
1502 2333 1535 2365 in
1562 2329 1731 2377 semetipso
1751 2355 1762 2372 ‚
1801 2343 1836 2366 ac
1864 2343 1920 2376 per
1944 2330 2013 2366 hoc
2039 2331 2105 2378 ipse
2131 2330 2179 2366 est

1242 2380 1308 2426 ipsa
1335 2383 1399 2415 vita
1426 2407 1433 2414 .
1470 2380 1563 2424 Qtid
1591 2389 1671 2423 ergo
1706 2382 1749 2412 ait
1775 2388 1791 2412 e
1821 2377 1925 2410 Dedit
1959 2377 2045 2410 Filio
2070 2379 2182 2412 vitam

1246 2429 1364 2462 habere
1389 2428 1422 2459 in
1442 2425 1613 2471 semetipsa
1629 2429 1647 2457 ?
1680 2428 1831 2462 Breviter
1854 2426 1995 2463 dixerim
2015 2452 2027 2470 ,
2051 2430 2180 2464 Genuit

1247 2477 1368 2515 Filium
1389 2501 1397 2508 .
1425 2480 1546 2523 Neque
1573 2479 1751 2511 enim-erat
1777 2475 1840 2511 fine
1867 2479 1932 2512 vita
1949 2503 1959 2519 ,
1994 2481 2026 2513 ἀ
2053 2482 2182 2526 accepit

1249 2532 1369 2563 vitam:
1396 2525 1449 2561 sed
1475 2524 1636 2560 nascendo
1663 2529 1727 2561 vita
1753 2525 1818 2562 est.
1847 2531 1944 2563 Patet*
1965 2531 2031 2563 vita
2055 2528 2183 2565 estnon

1249 2575 1410 2613 nascendo
1437 2591 1450 2611 ι-
1482 2575 1582 2611 Filius
1618 2577 1684 2611 vita
1708 2577 1755 2611 est
1792 2575 1953 2612 nascendo
1979 2604 1987 2612 .
2021 2580 2115 2613 Pater
2139 2578 2182 2614 de

1252 2627 1347 2662 nullo
1374 2637 1462 2676 patre
1487 2650 1497 2663 ,
1523 2624 1624 2661 Filius
1650 2624 1693 2660 de
1718 2627 1796 2661 Deo
1822 2630 1913 2661 Patre
1934 2652 1942 2661 .
1968 2630 2062 2663 Pater
2086 2626 2185 2674 quod»

1251 2676 1298 2714 est
1315 2701 1325 2717 ‚
1350 2689 1368 2712 a
1391 2675 1486 2711 nullo
1511 2673 1556 2710 est
1576 2689 1590 2709 :v
1619 2674 1710 2721 quod
1735 2686 1848 2712 autem
1871 2680 1962 2711 Pater
1988 2675 2034 2712 est
2055 2703 2067 2719 ‚
2103 2689 2182 2725 pro-

1252 2739 1330 2775 pter
1350 2724 1470 2761 Filium
1497 2723 1561 2760 est.
1588 2723 1683 2760 Filius
1708 2737 1788 2760 vero
1814 2729 1847 2761 &
1873 2726 1965 2773 quod
1990 2725 2089 2762 Filius
2115 2725 2187 2769 est,

1254 2786 1392 2823 propter
1427 2779 1555 2811 Patrem
1581 2772 1627 2809 est
1653 2787 1667 2813 ‚-
1698 2776 1730 2809 &
1757 2774 1849 2821 quod
1884 2774 1929 2811 est
1954 2788 1973 2811 a
1996 2779 2090 2812 Patre
2115 2775 2182 2812 est.

1249 2829 1332 2864 Hoc
1354 2836 1435 2871 ergo
1459 2824 1544 2860 dixit
1569 2847 1581 2865 ,
1598 2822 1709 2856 Vitam
1733 2822 1825 2858 dedit
1844 2823 1929 2857 Filio
1955 2850 1967 2868 ‚
1992 2834 2029 2858 ut
2052 2824 2188 2858 haberet

1252 2887 1321 2909 eam
1347 2873 1380 2907 in
1400 2871 1593 2918 fimetipso?
1627 2884 1794 2919 tamquam
1819 2873 1943 2909 diceret
1965 2900 1975 2915 ,
2005 2878 2100 2910 Pater
2124 2878 2189 2920 qu’t

1253 2925 1299 2962 est
1324 2927 1390 2960 vita
1423 2927 1455 2959 in
1481 2921 1654 2971 semetipsi)
1680 2948 1691 2964 ‚
1726 2926 1839 2969 genuit
1874 2923 1997 2959 Filium
2028 2926 2085 2970 qui
2111 2921 2186 2960 esset

1254 2980 1321 3012 vita
1355 2977 1388 3009 in
1415 2972 1592 3019 semetipso
1617 2999 1625 3007 .
1652 2976 1719 3007 Pro
1743 2985 1784 3008 eo
1820 2974 1907 3008 enim
1933 2972 2026 3020 quod
2061 2971 2110 3008 est·
2133 2985 2186 3020 ge-

1255 3028 1328 3061 nuit
1347 3049 1357 3066 ,
1391 3022 1501 3058 voluit
1537 3021 1673 3067 intelligi
1700 3020 1792 3054 dedit
1810 3050 1817 3058 .
1853 3024 2036 3069 Tamquam
2072 3022 2094 3057 fi
2120 3026 2187 3058 cui·

1256 3086 1353 3122 quam
1377 3072 1582 3113 diceremus,
1608 3071 1708 3107 Dedit
1734 3070 1794 3108 tibi
1820 3075 1910 3108 Deus
1936 3070 2013 3107 ess‘e.
2039 3073 2105 3108 Cui
2132 3071 2188 3108 de-

1260 3125 1340 3162 dit?
1375 3125 1405 3158 si
1431 3121 1526 3158 alicui
1554 3122 1615 3166 iam
1639 3119 1801 3157 exsistenti
1828 3121 1922 3158 dedit
1946 3119 2005 3157 ess'e
2025 3145 2036 3163 ,
2062 3135 2130 3157 non
2157 3123 2189 3160 ei

1262 3173 1355 3210 dedit
1379 3169 1464 3212 effe-2
1485 3174 1560 3218 quia
1585 3182 1682 3216 erat„
1698 3183 1872 3219 antequam
1898 3174 1926 3209 ei
1952 3170 2105 3213 daretur,
2130 3172 2188 3218 qui

1265 3221 1364 3272 poss'et
1388 3225 1552 3269 accipere.
1577 3223 1667 3257 Cum
1693 3232 1774 3266 ergo
1798 3221 1905 3262 audis,
1932 3221 2035 3257 Dedit
2061 3220 2117 3256 tibi
2146 3219 2188 3255 es*

1266 3276 1296 3309 se
1318 3297 1328 3312 ,
1354 3284 1420 3307 non
1446 3284 1513 3307 eras
1538 3273 1594 3317 qui
1619 3273 1779 3316 acciperes
1806 3295 1816 3311 ,
1850 3273 1883 3305 &
1909 3269 2077 3306 existendo
2101 3282 2191 3305 acce-

1267 3321 1339 3371 pisti
1365 3332 1402 3356 ut
1427 3319 1520 3357 elles.
1546 3320 1649 3358 Dedit
1675 3319 1817 3355 struetor
1841 3319 1955 3355 domui
1983 3319 2061 3356 huic
2085 3331 2124 3356 ut
2146 3318 2209 3359 aa.

1266 3374 1332 3409 set.
1358 3370 1420 3407 Sed
1444 3370 1525 3418 quid
1550 3373 1580 3405 ei
1606 3369 1779 3410 dedit?·ut
1802 3369 1920 3406 domus
1943 3367 2033 3405 esset.
2059 3370 2194 3406 Cuide-

1267 3423 1340 3458 dit?
1365 3419 1445 3456 huic
1469 3420 1604 3456 domui.
1630 3418 1732 3466 Qidi
1750 3421 1778 3453 ei
1803 3418 1917 3454 dedit?
1942 3430 1978 3454 ut
2002 3419 2122 3455 domus
2140 3417 2193 3454 'es-

1270 3471 1336 3507 set·
1362 3469 1549 3512 Quomodo
1575 3472 1684 3515 potuit
1707 3468 1783 3503 dare
1808 3467 1925 3505 domui
1950 3479 1988 3507 ut
2011 3467 2194 3505 domus-es·

1269 3521 1345 3557 [ετξ-
1378 3521 1514 3555 Etenim
1536 3517 1558 3553 fi
1584 3518 1707 3554 domus
1728 3528 1823 3553 emt:
1848 3521 1899 3554 cui
1925 3518 2015 3554 daret
2036 3544 2048 3560 ‚
2074 3530 2110 3553 ut
2134 3518 2206 3554 do-.
2237 3536 2241 3539 -

1271 3583 1343 3606 mus
1369 3567 1444 3604 effet
1461 3592 1473 3609 ‚
1498 3567 1632 3614 quando
1658 3569 1719 3609 iam
1745 3567 1864 3604 domus
1890 3578 1957 3602 erat
1983 3570 2005 3603 3,
2030 3567 2124 3611 Quid
2149 3566 2197 3603 est

1273 3631 1373 3664 ergo,
1398 3616 1500 3654 Dedit
1525 3620 1554 3652 ei
1577 3627 1615 3652 ut
1639 3617 1759 3652 domus
1783 3614 1856 3653 esset
1876 3616 1990 3654 2-sec1't
2015 3627 2051 3652 ut
2078 3618 2198 3655 domus

1274 3668 1365 3705 effet-
1391 3666 1484 3712 Qid
1510 3677 1591 3712 ergo
1616 3665 1701 3702 Filio
1724 3666 1814 3702 dedit
1831 3675 1844 3701 ζ
1867 3665 1958 3702 dedit
1981 3669 2010 3702 ei
2038 3677 2074 3702 ut
2099 3666 2198 3705 Filius

1274 3717 1370 3760 esset,
1394 3718 1508 3764 genuit
1532 3726 1570 3752 ut
1596 3719 1661 3754 vita
1673 3713 1859 3801 effenhhffc
1883 3714 1961 3759 est„
1976 3715 2124 3798 Dediebei,
2143 3715 2199 3752 ba-

2099 3776 2153 3798 6Υο-

2186 1972 2343 2012 Pfi35.10:
