2652 4126
272 252 2214 331 3&w333³3ffssew&*333335&ffffffffffffffffffffffwffffwffffff³3&

307 366 309 368 ’
589 373 663 444 Α
748 371 826 442 D
912 374 1001 446 M
1082 373 1157 445 O
1239 371 1321 443 N
1402 375 1439 445 I
1523 375 1600 447 T
1686 375 1724 446 I
1808 377 1883 450 O

355 504 466 566 IN
521 501 964 565 LIBRUM
1011 502 1141 564 DE
1198 502 2127 573 PROMISSIONIBUS

569 636 686 679 ET
747 637 1667 683 PRAEDICTIONIBUS
1729 642 1915 684 DEI.

277 726 768 867 CASSIODORUS
799 756 841 798 in
870 753 966 798 libro
995 754 1169 809 Institut.
1200 755 1327 798 divin.
1354 754 1476 800 litter.
1509 759 1632 816 capite
1658 761 1809 818 primo,
1837 760 2012 802 hortatur
2040 774 2084 803 ut
2115 756 2204 818 affi-

412 814 485 856 due
514 816 564 860 (9⁶
592 829 742 859 attente
770 813 950 875 legantur
979 812 1071 857 libri
1099 829 1199 870 tres,
1227 816 1270 857 in
1299 818 1431 872 quibus
1452 818 1607 874 sanfius
1636 821 1800 879 Prosper
1838 836 1964 862 omnes
2001 820 2112 863 verbi
2149 818 2209 860 dia

273 876 362 918 vini
390 876 630 919 auHoritates
659 877 702 918 in
731 890 881 918 centum
911 876 1192 933 quinquaginta
1217 875 1337 919 tribus
1366 875 1563 936 capitulis,
1593 880 1643 920 ad
1671 881 1790 936 instar
1827 894 1978 922 centum
2017 882 2207 937 quinqua·

268 935 383 994 ginta
411 936 530 979 trium
553 937 740 996 piscium,
769 952 861 993 quos
890 931 1131 995 Evangelica
1160 937 1259 979 retia
1287 936 1333 979 de
1362 937 1472 988 hujus
1493 935 1627 993 saeculi
1664 940 1910 1002 tempestuosa
1941 940 2207 1000 profunditate

270 1008 496 1049 traxerunt,
526 994 740 1057 complexus
769 997 844 1053 cst.
876 1000 981 1058 Qae
1011 995 1083 1037 vix
1112 996 1166 1052 est
1194 994 1298 1038 ullus
1326 996 1525 1039 dubitandi
1553 994 1653 1039 locus
1682 999 1728 1040 ab
1757 1015 1796 1040 eo
1826 1000 1902 1041 dici
1932 1000 1979 1041 de
1996 1001 2104 1044 hocce
2124 1009 2207 1056 ope-

267 1071 332 1110 re,
360 1056 420 1097 cui
451 1054 589 1099 titulus
617 1058 696 1111 est,
724 1055 775 1100 de
810 1055 1134 1100 Promiffionibus
1165 1058 1204 1098 8<
1236 1056 1560 1101 Praediffionibus
1592 1059 1698 1103 Dei.
1730 1061 1844 1102 Hanc
1863 1059 1964 1100 enim
1991 1057 2099 1100 illius
2110 1055 2208 1113 fuis-

261 1115 308 1172 se
336 1129 526 1170 mentem,
555 1117 644 1160 inde
672 1117 896 1171 conjicitur,
923 1116 1024 1175 quod
1053 1115 1234 1175 ipsemet,
1263 1114 1353 1159 libri
1381 1118 1545 1175 ejusdem
1573 1130 1654 1177 cap.
1692 1132 1758 1174 17.
1789 1121 1836 1162 de
1865 1119 2064 1172 Historicis
2094 1116 2209 1161 Chri-

258 1175 401 1232 stianis
419 1176 635 1233 sermonem
671 1178 898 1236 perfiquens
915 1205 930 1230 ,
971 1176 1019 1218 de
1048 1176 1233 1235 Prospero
1273 1178 1330 1218 ita
1368 1175 1548 1234 loquatur
1577 1193 1592 1217 .·
1634 1178 1800 1220 δεηξῐιις
1839 1193 1996 1235 quoque
2038 1178 2206 1235 Prosper
2223 1198 2296 1237 Cap,
2317 1197 2367 1233 84,

268 1237 482 1280 Chronica
511 1238 562 1280 ab
596 1236 734 1280 Adam
764 1238 814 1284 ad
847 1235 1055 1279 Genserici
1084 1248 1298 1294 tempora,
1328 1238 1366 1279 8<
1398 1239 1505 1280 urbis
1538 1240 1679 1280 Romae
1710 1237 2050 1296 depraedationem
2068 1242 2070 1245 '
2089 1239 2211 1294 usque

265 1295 483 1354 perduxit.
515 1297 670 1358 Qibus
699 1297 824 1340 verbis
851 1297 954 1340 bunc
982 1296 1211 1354 Prosperum
1240 1297 1308 1354 qui
1337 1298 1530 1341 Chronica
1552 1299 1732 1357 scripsit,
1763 1299 1934 1340 eumdem
1955 1298 2001 1354 fi‘
2021 1297 2213 1353 existima-

263 1370 308 1398 re
328 1356 430 1412 satis
456 1357 611 1412 innuit,
640 1372 752 1415 quem
780 1370 858 1400 tres
886 1353 999 1399 libros
1028 1357 1144 1398 totius
1174 1356 1320 1401 divinae
1361 1358 1592 1400 austeritatis
1633 1356 1866 1416 elucubraffi
1904 1372 2018 1399 antea
2056 1358 2213 1412 testatus

264 1429 348 1458 erat
379 1431 390 1458 ε
420 1430 578 1474 uterque
607 1419 709 1460 enim
728 1417 885 1474 fhnfius
914 1414 979 1458 illi
1007 1429 1207 1476 reputatur
1228 1448 1240 1459 .
1281 1423 1342 1460 At
1381 1419 1575 1461 Chronica
1615 1416 1687 1460 illa
1727 1419 1992 1476 Caffiodorum
2032 1414 2213 1474 Prosperi

265 1476 396 1531 nostri·-
416 1489 506 1538 opus
535 1474 774 1536 intellexiffe
804 1494 853 1519 ex
882 1493 923 1518 eo
954 1477 1114 1535 quisque
1142 1475 1363 1536 intelliget,
1393 1479 1495 1535 quod
1526 1479 1750 1521 Gennadius
1782 1479 1994 1521 Chronica
2033 1475 2212 1534 ejusdem

263 1537 436 1580 nomine
466 1538 713 1601 praetitulata
743 1537 889 1597 vidiſje
910 1537 958 1594 se
985 1539 1143 1594 testetur
1171 1539 1215 1582 in
1245 1537 1456 1598 Catalogo,
1486 1555 1534 1580 ex
1564 1554 1638 1595 quo
1661 1538 1733 1595 sua
1777 1539 1880 1581 baud
1916 1537 2025 1580 dubie
2063 1548 2212 1578 mutua·

262 1608 325 1638 tus
354 1598 409 1654 est
439 1599 621 1653 Senator,
651 1598 719 1656 qui
738 1599 825 1649 jam
855 1598 970 1639 citato
1001 1599 1146 1657 capite,
1176 1598 1284 1651 hujus
1314 1600 1435 1659 operis
1467 1596 1665 1641 lemanem
1695 1599 1862 1659 impense
1892 1597 2149 1640 commendat.

325 1659 412 1699 Hoc-
440 1673 533 1699 vero
562 1670 653 1719 opus
681 1658 793 1701 bodie
822 1657 864 1699 in
893 1659 1062 1715 quinque
1085 1671 1243 1718 partes,
1272 1674 1317 1700 ut
1346 1657 1393 1699 ab
1422 1661 1570 1700 anaor.-
1608 1660 1753 1700 exierat
1772 1690 1786 1712 ,
1825 1658 2066 1713 distributum
2106 1653 2317 1712 [φαῖνε-1οη,
2339 1680 2389 1703 22,

261 1729 350 1759 tur.
380 1715 460 1759 Ille
489 1731 617 1762 autem
646 1719 698 1761 ad
725 1730 877 1761 centum
905 1719 1185 1778 quinquaginta
1215 1732 1292 1759 tres
1320 1715 1408 1759 illos
1430 1719 1578 1776 pisces,
1608 1734 1698 1773 quos
1729 1716 1908 1776 Apostoli
1943 1718 2029 1776 post
2059 1713 2212 1770 Christi
2236 1723 2285 1745 1¹·

261 1776 614 1834 Resurreflionem,
643 1794 718 1820 uno
748 1778 840 1821 retis
858 1779 970 1830 jaelu
999 1777 1138 1838 cepiffe
1166 1777 1384 1834 referuntur
1414 1778 1456 1818 in
1488 1775 1736 1836 Evangelio,
1767 1774 1940 1817 alludens
1970 1793 1991 1830 ;
2024 1774 2097 1830 sub
2127 1787 2212 1816 cen-

260 1849 346 1878 tum
377 1838 660 1900 quinquaginta
688 1838 809 1881 tribus
837 1836 965 1880 titulis
995 1839 1013 1896 (
1042 1852 1086 1879 ut
1116 1839 1271 1879 notavit
1302 1837 1550 1897 Caffiodorus
1578 1837 1594 1893 )
1625 1853 1751 1878 omnes
1781 1839 1818 1878 C
1823 1837 1930 1891 bristi
1940 1835 2104 1878 Domini
2124 1845 2213 1891 pro-

260 1898 316 1938 mi
349 1914 477 1951 iones,
500 1911 576 1957 per
603 1911 728 1941 totum
756 1899 962 1958 Scriptura
982 1898 1100 1955 sacrae
1129 1911 1302 1958 campum
1331 1896 1491 1954 diffusas
1508 1927 1523 1949 ,
1561 1895 1691 1939 voluit
1731 1897 1917 1938 contineri
1949 1912 1958 1938 z
1998 1910 2091 1950 quas
2128 1893 2214 1935 ideo

259 1954 294 1998 ii
312 1973 333 1999 e
362 1958 404 2000 in
434 1973 554 2000 unum
583 1956 681 2000 colle
706 1959 762 2012 it,
791 1971 837 2000 ut
865 1974 925 2004 eas
954 1974 1047 2001 vere
1075 1974 1100 2000 a
1129 1958 1283 2014 Christo
1306 1957 1431 2015 fuiffe
1477 1955 1655 2015 impletas
1673 1987 1687 2010 ,
1726 1970 1793 1997 aut
1814 1956 2073 2014 Amposterum
2112 1965 2213 1992 certo

259 2017 398 2058 certius
425 2016 639 2073 implendas
659 1975 749 2071 firi·
777 2019 1048 2074 demonstraret
1066 2050 1079 2062 .
1121 2021 1224 2061 Cum
1246 2012 1391 2060 X'autem
1431 2016 1702 2074 Promiſjiones
1740 2014 1820 2056 illae
1855 2015 2000 2072 partim
2041 2024 2132 2052 ante
2161 2007 2219 2052 le-'

255 2082 368 2133 gem,
391 2075 538 2132 partim
559 2073 635 2128 sub
663 2072 749 2131 lege
768 2075 909 2129 saHae,
937 2080 1092 2118 tandem
1122 2091 1290 2136 tempore
1319 2074 1569 2133 manifestatae
1600 2075 1811 2118 bominibus
1839 2073 1975 2132 gratiae
1999 2103 2013 2126 ,
2042 2068 2219 2130 impletae'

257 2134 513 2176 inveniantur
540 2148 556 2189 3
587 2148 663 2174 non
692 2131 846 2188 defuere
876 2134 944 2188 qui
972 2135 1080 2174 hocce
1108 2147 1198 2192 opus
1236 2138 1388 2176 nomine
1427 2137 1520 2178 libri
1562 2148 1659 2178 ante
1692 2137 1830 2191 legem
1850 2164 1865 2187 ,
1905 2133 1973 2175 sub
2014 2133 2102 2188 lege
2122 2161 2136 2183 ,
2175 2132 2215 2173 8<
2230 2147 2353 2188 eaffioa.

259 2192 332 2236 sub
362 2194 494 2252 gratia
523 2193 792 2251 designarent.
825 2191 1073 2250 Caffiodorus
1101 2208 1195 2235 vero
1225 2190 1350 2235 Iocum
1379 2207 1428 2235 ex
1451 2204 1567 2255 parte
1595 2194 1712 2237 tertia
1724 2195 1896 2255 petitum
1916 2206 2112 2248 tamquam
2123 2190 2215 2248 san-
2231 2189 2277 2260 Ρζ·
2297 2199 2343 2219 ¹¹·
2360 2195 2392 2230 P·

259 2253 314 2295 aa·
343 2252 526 2312 Prosper-i
553 2252 696 2294 dmum
721 2253 923 2313 producit.
1285 2259 1290 2264 ”
2233 2239 2252 2267 ⁴
2276 2254 2285 2266 ⁸
2305 2240 2333 2261 ²‘

319 2312 573 2371 Dofliffi'mus
601 2328 750 2370 quoque
779 2310 1001 2355 Annalium
1031 2311 1383 2372 Ecclesiasticorum
1413 2314 1585 2358 conditor
1613 2314 1663 2356 ad
1690 2329 1835 2355 annum
1864 2328 1944 2356 aerae
1985 2312 2215 2370 Christiane

259 2379 362 2425 444.
394 2375 580 2414 anaor-em
611 2373 732 2432 operis
757 2373 805 2416 de
834 2374 1150 2432 Promiffi'onibus
1181 2377 1232 2419 Θ·
1259 2375 1571 2417 PraediHionibus
1601 2374 1680 2434 pei
1708 2370 1938 2435 Prosperum
1965 2372 2046 2434 effe
2067 2372 2217 2424 scribit:

259 2442 304 2472 at
357 2444 379 2470 e
407 2429 465 2470 iia
493 2427 607 2469 illum
635 2429 760 2496 longis
790 2434 987 2475 itineribus
1010 2446 1084 2492 per
1111 2431 1274 2474 Italiam
1303 2431 1556 2481 Africamque
1585 2428 1831 2466 circumducit
1861 2441 1872 2468 :
1900 2439 1982 2466 tum
2014 2425 2079 2467 illi
2109 2443 2215 2469 nova

259 2489 305 2532 be
322 2486 364 2543 la
392 2499 524 2530 contra
553 2484 787 2545 Pelagianos
812 2491 1013 2542 attribuit,
1043 2505 1126 2542 quae
1156 2489 1283 2526 omnia
1311 2499 1360 2524 ex
1389 2485 1518 2525 eodem
1538 2481 1653 2539 sonte
1693 2497 1855 2526 manant
1877 2515 1888 2525 .
1929 2488 1976 2528 In
2015 2487 2216 2543 utriusque

253 2549 375 2608 supra
403 2545 603 2590 memorati
631 2548 788 2588 auam-is
810 2548 1050 2602 finientium
1080 2541 1219 2598 multi,
1250 2560 1292 2586 re
1319 2544 1504 2585 maturius
1533 2559 1609 2584 non
1641 2545 1883 2597 examinata,
1913 2545 1988 2586 toti
2017 2546 2213 2600 deftende-

260 2622 376 2651 runt.
408 2612 492 2650 Nec
510 2621 639 2649 tamen
650 2603 772 2662 facile
789 2605 973 2664 definiam
986 2634 1000 2659 ,
1029 2620 1080 2646 an
1109 2620 1158 2646 ex
1179 2601 1267 2661 sola
1296 2603 1492 2659 utriusque
1520 2604 1744 2646 auaoritate
1782 2605 1880 2647 reae
1917 2602 2091 2647 concludi
2122 2607 2210 2665 pofi

254 2670 318 2728 sit
346 2669 458 2720 hujus
486 2668 608 2726 operis
636 2667 780 2708 auam-i·
807 2665 917 2721 Pros
973 2666 989 2706 i
1018 2680 1156 2707 nomen
1177 2662 1323 2722 suffe.
1355 2667 1460 2723 ,ραι
1491 2664 1702 2715 conjeezura
1730 2681 1754 2706 a
1784 2663 2006 2721 quibusdam
2037 2682 2112 2706 non
2141 2666 2210 2708 im-

260 2729 444 2788 probata,
473 2727 519 2770 ab
548 2725 638 2768 aliis
668 2726 819 2768 omnino
849 2741 890 2766 re
908 2738 1060 2767 utatur.
1092 2727 1174 2767 Hos
1211 2726 1315 2766 inter
1353 2724 1689 2781 Eminentiffimus
1728 2722 1951 2768 Cardinalis
1990 2725 2169 2785 Norisius
2195 2756 2210 2779 ,

265 2789 446 2844 Historia
475 2785 695 2846 Pelagianae
724 2783 820 2826 libro
842 2785 1032 2839 seeundo,
1058 2785 1184 2844 eapite
1213 2785 1529 2840 decimo-quarto,
1559 2799 1639 2824 rem
1663 2796 1735 2843 pro
1781 2799 1874 2825 vero
1905 2782 2036 2840 simili
2068 2787 2209 2844 Juppo-

263 2863 383 2902 nens,
412 2846 502 2889 libri
532 2849 718 2888 austorem
741 2857 861 2904 putat
890 2844 1040 2904 agnosci
1062 2843 1176 2904 poffi
1197 2843 1373 2901 sanHum
1403 2844 1632 2903 Prosperum
1660 2843 1893 2903 Regienfim
1933 2842 2167 2906 Effiswpum
2195 2875 2211 2899 ,

265 2905 388 2950 alium
416 2923 441 2949 a
470 2906 655 2965 Prospero
685 2906 912 2963 Aquitano,
942 2919 1054 2962 quem
1082 2920 1262 2964 umquam
1292 2901 1516 2964 Episcopali
1551 2904 1745 2963 dignitate
1785 2906 1935 2945 aucium
1964 2903 2092 2961 sui‘ffe
2130 2919 2210 2947 non

266 2967 388 3011 credit
419 2966 487 3008 vir
515 2966 767 3023 doCIiffi'mus.

327 3028 392 3067 At
418 3041 511 3068 vero
541 3026 588 3068 de
619 3026 688 3067 hac
716 3026 929 3078 confestum
958 3024 1147 3082 quidquid
1167 3022 1316 3081 fuerit,
1345 3040 1394 3065 ex·
1422 3040 1466 3066 ea
1495 3021 1597 3066 illud
1617 3020 1761 3080 saltem
1791 3022 1833 3064 in
1873 3038 1930 3065 res
1969 3022 2112 3078 nostras
2148 3037 2208 3064 ac·

268 3086 438 3139 cederet,
466 3086 566 3142 quod
593 3085 644 3130 θ’
672 3086 750 3137 ejus
779 3083 896 3128 eiiam
924 3086 1150 3128 auderitate
1179 3083 1396 3142 confirmari
1418 3083 1550 3143 poffet
1573 3115 1587 3138 ,
1624 3083 1850 3142 Prosperum
1893 3082 2058 3138 mfi‘rum
2097 3078 2209 3123 libro-

267 3162 354 3189 rum
378 3145 430 3187 ‘de
460 3145 590 3202 quibus
619 3144 680 3187 bic
708 3147 859 3206 agitur,
887 3147 1073 3188 auflorem
1102 3145 1178 3187 dici
1207 3141 1430 3187 nullaetnus
1457 3142 1570 3204 poffe
1586 3172 1601 3197 ,
1621 3143 1692 3199 sed
1723 3141 1886 3184 alterum
1917 3144 1961 3183 iis
1990 3140 2069 3199 effe
2089 3140 2209 3197 necesss

262 3207 364 3263 sario
395 3204 687 3264 affignandum.
768 3222 824 3249 uae
853 3223 910 3248 res
940 3219 1021 3248 tam
1049 3221 1098 3247 ex
1127 3204 1359 3247 eruditorum
1389 3205 1607 3246 criticorum
1637 3203 1782 3252 judicio
1803 3233 1817 3257 ,
1855 3217 1968 3258 quam
2009 3216 2058 3242 ex
2095 3198 2209 3242 libro-

268 3282 354 3309 rum
383 3265 517 3309 horum
541 3263 709 3307 'lectione
806 3265 898 3324 stili
928 3281 1053 3308 eorum
1078 3266 1190 3324 gustu
1231 3281 1306 3306 non
1351 3262 1511 3320 difficile
1550 3264 1744 3306 evincitur
1765 3294 1775 3305 .
1815 3265 1921 3304 Nam
1943 3292 1957 3315 ,
1994 3273 2039 3302 nt
2069 3262 2210 3320 optime

268 3339 454 3370 notarunt
475 3325 563 3377 jam
592 3323 799 3385 Philippus
831 3325 1000 3369 Labbeus
1028 3327 1070 3367 in
1099 3323 1195 3367 libro
1225 3325 1272 3368 de
1301 3324 1548 3384 Scriptoribus
1578 3321 1851 3380 Ecclesiasticis
1869 3353 1883 3375 ,
1922 3322 1966 3363 in
1995 3321 2178 3379 Prospero
2191 3336 2215 3375 ;-

269 3404 314 3430 ac
342 3387 460 3428 etiam
490 3386 695 3427 accuratius
717 3386 835 3446 supra
863 3387 986 3429 dictus
1016 3386 1204 3428 Henricus
1234 3385 1436 3442 Norifius,
1467 3384 1644 3439 Historiae
1674 3379 1896 3439 Pelagianae
1926 3379 2021 3422 libro
2043 3380 2208 3436 fitcundo

269 3460 352 3508 cap.
390 3460 454 3501 14.
485 3443 553 3486 vel
585 3445 742 3503 ipsomet
770 3448 863 3503 teste
891 3451 1066 3499 auctore,
1096 3462 1171 3487 non
1201 3446 1448 3502 Aquitanas,
1469 3444 1542 3500 sed
1570 3442 1778 3500 Africanus
1796 3441 1883 3496 fuit
1911 3455 1927 3480 .·
1958 3441 2099 3498 quippe
2143 3441 2211 3496 qui

264 3520 523 3569 praeterquam
552 3506 653 3561 quod
682 3506 783 3547 inter
812 3505 950 3548 multos
980 3506 1169 3550 haereticos
1185 3537 1198 3560 ,
1238 3506 1283 3547 de
1324 3504 1539 3559 Donatistis
1573 3503 1765 3563 praecipue
1784 3530 1799 3553 ,
1835 3499 2211 3556 Maximianistisque

267 3567 441 3624 loquitur
459 3596 474 3619 ,
517 3566 797 3621 Ticoniumque
836 3567 1026 3609 bominem
1064 3568 1167 3608 inter
1205 3565 1427 3620 Donatistas
1467 3560 1646 3604 celebrem
1685 3563 1780 3604 citat
1810 3576 1824 3616 3
1863 3574 2025 3612 eventus
2066 3574 2213 3616 quoque

268 3627 447 3686 quosdam
469 3623 712 3683 fingulares,
742 3626 810 3682 qui
839 3627 880 3668 in
910 3626 1052 3683 Africa
1082 3627 1347 3683 contigerunt,
1376 3638 1420 3666 ut
1449 3624 1555 3679 testis
1594 3637 1720 3664 eorum
1759 3618 1927 3663 oculatus
1966 3621 2009 3661 in
2047 3619 2212 3662 medium

269 3688 444 3732 adducit.
476 3689 579 3726 Nam
610 3684 855 3744 Carthagine
882 3686 1041 3747 degebat
1069 3684 1280 3742 adolescens
1309 3684 1453 3738 adhuc,
1481 3698 1566 3725 cum
1596 3698 1640 3724 ea
1670 3683 1712 3723 in
1743 3680 1832 3723 urbe
1853 3681 2007 3738 sancius
2027 3680 2212 3737 Pontifex,

384 3748 428 3791 S.
459 3745 638 3805 Prosperi
654 3774 667 3789 .
1737 3741 1768 3784 h
2069 3742 2151 3781 Au-
