2652 4126
485 234 594 298 208
693 238 961 296 ScRn‘TA
1007 246 1085 290 ET
1128 236 1549 289 M‘ONUMENTA
1593 243 1738 302 QJAE
1766 243 1863 286 op.
1881 227 2288 287 S.PRoSPER1.

480 337 576 374 velut
594 335 636 373 ab
655 336 723 372 alio
742 337 839 370 initio
862 327 1045 376 repetendo
1063 325 1305 362 commendans
1327 339 1336 363 3
1363 330 1407 362 Et

478 389 566 424 dixit
590 396 601 430 ·,
636 388 743 432 inquit
769 407 781 424 ,
807 381 920 418 David
945 380 985 414 ad
1003 376 1119 423 „Abeffa
1139 402 1151 419 ,
1177 379 1221 413 &¹
1246 378 1287 411 ad
1304 386 1406 412 omnes

476 447 586 487 pueros
609 436 675 479 ejus
701 447 709 467 ε
743 437 821 467 Ecce
844 428 927 472 filius
961 440 1048 465 meus
1072 431 1127 474 qui
1150 430 1234 463 exiit
1257 427 1295 461 de
1318 434 1405 463 utero

478 500 542 527 meo
568 488 677 531 quarit
702 485 839 517 animam
864 491 967 514 meam
986 503 997 520 ‚
1022 480 1066 515 ψ’
1089 478 1189 514 adhuc
1215 478 1300 513 modo
1321 473 1406 518 filius

478 538 598 573 Gemini
617 536 628 568 ?
663 535 758 568 Sinite
774 530 868 566 -illum
894 554 906 571 ,
931 528 1097 564 maledicat
1117 553 1128 570 ,
1154 529 1297 573 quoniam
1321 527 1406 563 dixit

476 587 524 622 illi
546 592 649 620 Deum
675 590 711 617 ut
737 581 850 617 videat
874 581 1024 617 Dominus
1049 578 1407 620 humilitatemmean‘n,

475 637 518 671 Θ
545 631 699 669 retribuat
732 631 809 667 mihi
834 628 910 665 bona
935 638 989 674 pro
1022 627 1186 664 maledicio
1211 625 1278 672 ejus
1303 630 1335 663 in
1358 628 1407 664 die

475 683 528 726 islo
549 711 556 718 .
583 680 776 727 Quomodo
806 679 932 716 dixerit
960 681 1133 714 Dominus
1163 676 1245 713 huic
1270 675 1407 714 homini

473 733 676 769 maledicere
704 730 820 767 David
846 755 857 772 ,
897 731 955 776 qui
986 727 1109 776 sapiens
1138 732 1171 764 &
1200 727 1405 775 intelliget.?

474 786 559 820 Non
588 785 677 818 enim
699 779 847 828 jubendo
866 778 978 820 dixit,
1005 777 1062 814 ubi
1083 777 1275 814 obedientia
1295 777 1406 814 lauda-

472 842 587 875 retur,
613 832 668 868 sed
687 830 780 879 quod
807 831 874 875 ejus
904 828 1114 865 voluntatem
1144 831 1290 876 proprio
1318 831 1405 864 vitio

470 883 532 920 suo
561 882 683 918 malam
709 884 742 916 in
772 878 841 916 hoc
872 890 1045 927 peccatum
1079 878 1204 924 judicio
1226 878 1284 915 suo
1315 878 1404 925 ju'st’o

469 937 504 970 δε
531 932 669 968 occulto
692 931 869 968 inclinavit
888 955 899 971 ,
925 930 1003 965 ideo
1022 929 1151 966 dictum
1171 929 1218 965 est
1237 954 1250 971 ,
1274 931 1364 965 dixit
1374 933 1405 966 ei

469 985 622 1021 Dominus
642 1008 651 1016 .
678 985 769 1019 Nam
790 980 812 1017 fi
840 979 966 1027 jubenti
998 977 1257 1028 obtemperaffet
1286 981 1406 1022 De01,

468 1032 652 1079 laudandus
682 1034 796 1080 potius
825 1043 925 1078 quam
956 1030 1144 1078 puniendus
1170 1028 1247 1065 ess'et
1273 1055 1286 1072 ‚
1321 1029 1403 1067 ficut

468 1096 512 1119 ex
540 1081 610 1119 hoc
629 1092 769 1131 peccato
796 1080 910 1130 postea
939 1078 1190 1116 novimusteffe
1209 1082 1367 1127 punitum
1393 1107 1401 1115 .

468 1131 667 1170 Neocauffa
685 1135 785 1168 tacita
803 1130 850 1167 est
871 1157 883 1174 ,
918 1143 978 1167 cur
999 1134 1029 1166 ei
1050 1133 1223 1166 Dominus
1240 1129 1309 1166 isto
1330 1142 1404 1165 mo-

467 1182 515 1218 do
533 1183 660 1218 dixerit
679 1180 878 1217 maledicere
900 1180 1036 1222 David,
1062 1179 1130 1216 hoc
1151 1180 1222 1222 est,
1249 1193 1310 1215 cor
1333 1182 1401 1226 ejus

466 1232 594 1268 malum
616 1235 650 1267 in
670 1230 739 1267 hoc
763 1237 939 1278 peccatum
970 1230 1097 1266 miserit
1127 1231 1180 1266 vel
1201 1229 1364 1267 dimiserit
1391 1245 1400 1266 ε

466 1288 519 1319 vt
545 1283 679 1325 videar,
706 1284 815 1328 inquit
834 1306 846 1323 ,
872 1284 1022 1317 Dominus
1040 1281 1252 1317 humilitatem
1272 1293 1399 1325 meam,

465 1335 510 1370 Θ·
526 1331 682 1368 retribuat
700 1330 776 1367 mihi
785 1330 862 1368 bona
872 1335 933 1376 'pro
949 1331 1114 1367 maledieto
1132 1330 1199 1379 ey'us
1218 1335 1249 1367 in
1266 1333 1316 1367 die
1326 1331 1378 1373 isto
1389 1359 1408 1367 ,γ

463 1385 554 1419 Ecce
591 1380 772 1430 quomodo
807 1380 973 1430 probatur
1003 1383 1119 1418 De'um
1156 1385 1205 1419 uti
1240 1380 1398 1418 cordibus

465 1430 567 1469 etiam
604 1432 774 1468 malorum
803 1431 844 1468 ad
873 1431 1006 1467 laudem
1036 1443 1136 1480 atque
1164 1433 1397 1476 adjumentum

462 1482 636 1519 bonorum
650 1510 657 1518 .
685 1486 737 1519 Sic
757 1480 830 1519 usus
850 1481 898 1519 est
917 1481 999 1523 suda
1019 1482 1172 1524 tradente
1193 1482 1397 1525 Christum’,

462 1533 507 1570 fic
528 1532 599 1569 usus
620 1532 668 1569 est
687 1531 1097 1579 Iudaeis-crucifigentibus
1116 1531 1298 1570 Christum
1323 1548 1333 1568 .’
1359 1536 1404 1569 Et

455 1594 601 1632 quanta·
620 1582 697 1619 inde
717 1581 805 1619 bona
834 1582 987 1631 praestitit
1011 1584 1159 1632 populus
1188 1583 1366 1619 credituris
1392 1586 1405 1620 ?

465 1638 563 1680 Quin
590 1638 624 1670 &c
648 1632 719 1682 ipso
737 1632 880 1670 diabolo
904 1637 1025 1682 utiturj
1041 1635 1183 1682 peffimo
1201 1660 1213 1677 ,
1239 1633 1293 1670 sed
1314 1637 1402 1683 opti-

462 1692 543 1726 me,
568 1684 608 1720 ad
620 1684 851 1720 exercendam
872 1688 907 1720 δε
926 1683 1256 1732 probandam'fidem
1279 1689 1312 1720 &
1336 1690 1404 1733 pie-

458 1744 567 1773 tatem
584 1733 762 1770 bonorum
782 1759 794 1777 ,
819 1747 888 1769 non
909 1733 967 1769 fibi
988 1760 999 1776 ,
1025 1737 1082 1784 qui
1097 1736 1218 1774 -omn'ia
1246 1734 1306 1770 scit
1326 1745 1402 1771 ante

464 1792 566 1833 quam
586 1783 668 1820 flant
687 1809 699 1825 ,
724 1783 778 1819 sed
799 1783 897 1819 nobis
924 1783 1046 1831 quibus
1067 1788 1147 1824 erat*
1165 1782 1399 1828 necessarium,

461 1842 565 1872 'uteo
585 1833 693 1870 modo
713 1844 874 1880 ageretur
893 1833 1309 1885 nobiffium·ss‘Numquid
1324 1844 1399 1871 ‘non

463 1885 519 1930 sua
535 1884 713 1930 &oluntate
729 1880 916 1920 ⁴Abellalon
937 1884 1039 1932 elegit
1058 1885 1246 1921 confilium‘
1257 1885 1400 1935 quodli-

463 1935 499 1971 bi
528 1934 676 1970 oberat?
702 1936 746 1969 Et
764 1945 876 1970 tamen
899 1934 981 1976 ideo
1001 1934 1083 1970 'st'cit
1100 1950 1114 1978 ¹,
1138 1937 1225 1983 quia*
1247 1936 1402 1971 e'x'audie-

464 1995 516 2021 rat
537 1986 712 2020 Dominus
730 1984 799 2027 eius
830 1984 1133 2031 patrem‘rorantem
1152 1994 1164 2029 ¹,
1190 1988 1242 2022 ut³
1255 1984 1325 2022 hoc
1342 1986 1402 2023 ‘fie—

465 2041 516 2071 r'et
534 2062 542 2070 .
569 2039 715 2082 Propter
743 2034 839 2081 quod
865 2034 1042 2083 Scriptura
1056 2037 1108 2072 'ait
1127 2061 1139 2078 ‚
1176 2042 1220 2072 Et
1249 2038 1401 2072 Dominus

463 2087 635 2122 mandavit
654 2081 794 2129 dtffipare
812 2081 968 2129 confilium
988 2086 1188 2132 achitophel
1203 2086 1339 2136 bonum,
1365 2097 1401 2123 ut

463 2137 596 2173 inducat
617 2137 768 2171 Dominus
779 2133 876 2180 super
894 2134 1186 2181 Abessalonomnia
1202 2138 1289 2174 mala
1301 2154 1324 2173 x
1335 2140 1401 2174 Bo-

465 2198 548 2222 num
567 2184 744 2221 confilium
772 2184 883 2227 dixit,
910 2186 1005 2232 quod
1024 2186 1065 2221 ad
1085 2186 1221 2233 t'empus
1238 2187 1402 2233 proderat

408 2252 410 2254 ’
464 2233 578 2272 vcaussa:
598 2260 609 2276 ‚
635 2237 710 2280 quia
735 2246 802 2280 pro
820 2234 892 2280 ipso
910 2241 980 2268 erat
1004 2242 1121 2267 contra
1142 2236 1272 2280 patrem
1291 2223 1362 2277 e'jus
1389 2257 1400 2274 ,

462 2292 583 2321 eontra
606 2295 707 2329 quem
730 2281 950 2317 rebellaverat
964 2306 975 2322 ,
1001 2292 1039 2316 ut
1062 2280 1166 2328 posset
1185 2293 1262 2316 eum
1282 2285 1400 2329 oppri—

460 2327 561 2371 rnere
579 2359 590 2375 ,
616 2332 674 2367 nifi
693 2334 865 2366 Dominus
892 2330 1070 2366 confilium
1089 2329 1278 2378 dissipasset·
1304 2331 1398 2379 quod

464 2384 603 2419 'dederat
622 2379 838 2426 Acbitopbel
851 2404 863 2420 ‚
890 2379 1019 2426 agendo
1032 2384 1065 2414 in
1078 2381 1181 2415 corde
1195 2378 1398 2421 Abeffalon‚

468 2432 588 2470 uttale
617 2428 794 2465 confilium
827 2427 1019 2475 repudiaret
1040 2453 1052 2473 ,
1079 2433 1112 2464 &
1132 2429 1224 2464 aliud
1250 2429 1344 2480 quod
1370 2432 1399 2464 ei

468 2496 538 2520 non
559 2495 597 2516 ex
646 2477 782 2521 diebat,
808 2478 965 2523 eligeret.
1309 2496 1311 2498 ·
1387 2486 1389 2488 ·

293 2518 434 2591 εῇὣᾶυτ
520 2532 582 2568 Sed
613 2529 804 2578 uspicentur
834 2528 991 2564 homines
1019 2528 1176 2576 quaelibet
1202 2532 1321 2564 merita
1343 2527 1404 2564 bo-

313 2562 428 2631 Grada}
472 2597 512 2618 na
533 2608 544 2624 ,
569 2594 641 2629 quae
659 2590 778 2628 putant
798 2578 985 2627 praecedere
1005 2604 1016 2620 ,
1044 2590 1080 2614 ut
1103 2579 1323 2621 justificentur
1343 2586 1403 2627 per

273 2647 406 2677 gratuitae
472 2636 539 2669 Dei
566 2634 707 2678 gratiam
737 2643 745 2664 ε
781 2642 849 2664 non
871 2629 1095 2676 intelligentes
1122 2655 1133 2671 ‚
1160 2642 1239 2665 cum
1267 2628 1336 2665 hoc
1354 2629 1403 2665 'di-

275 2679 441 2723 exemplum
471 2693 572 2724 cunt,
599 2680 685 2716 nihil
705 2679 796 2715 aliud
816 2692 916 2727 quam
938 2678 968 2714 se
996 2691 1116 2725 negare
1136 2681 1300 2725 gratiani:
1328 2679 1402 2721 fed,

276 2727 307 2752 ω
316 2720 454 2763 Ρωωῂς·
472 2744 510 2769 ut
529 2732 626 2772 dixi,
651 2729 743 2777 quod
767 2730 888 2765 volunt
909 2729 951 2765 de
970 2727 1154 2773 maioribus
1175 2729 1401 2777 suspicentur3

473 2783 515 2818 de
533 2780 685 2829 parvulis*
699 2790 788 2825 certe
810 2780 975 2826 Pelagiani
996 2779 1079 2826 quid
1101 2779 1402 2827 respondeantnon

473 2834 648 2869 inveniunt
671 2855 682 2872 ,
708 2841 857 2877 quorum
879 2842 941 2864 nec
969 2829 1126 2866 voluntas
1145 2830 1213 2866 ulla
1233 2829 1280 2865 est
1299 2834 1334 2866 in
1355 2843 1405 2865 ao-

475 2880 627 2929 cipienda
648 2882 753 2927 gratia
775 2904 786 2921 ,
820 2880 913 2923 cujus
934 2879 1117 2916 voluntatis
1144 2883 1305 2916 meritum
1327 2893 1406 2928 prae—

474 2929 595 2968 ceffiffe
614 2929 749 2971 dicant,
775 2934 809 2965 δε
829 2929 962 2977 insuper
972 2927 1029 2965 eos
1056 2934 1156 2966 etiam
1168 2943 1245 2966 cum
1264 2930 1347 2966 fletu
1359 2943 1407 2965 re-

476 2983 596 3018 luctari
617 2979 770 3016 videmus
796 2979 933 3027 quando
952 2979 1171 3028 baptizantur
1190 3006 1201 3022 ,
1228 2985 1261 3016 &
1290 2979 1405 3016 divina

477 3031 679 3067 sacramenta
699 3033 916 3078 percipiunt,·
942 3030 1038 3077 quod
1056 3034 1102 3066 eis
1114 3030 1156 3066 ad
1174 3034 1407 3077 magnamini-

476 3085 610 3131 pietatis
629 3090 804 3128 peccatum
825 3083 1071 3127 imputaretur,
1098 3080 1194 3125 fijam
1215 3079 1328 3115 libero
1338 3091 1407 3116 ute-

477 3142 595 3168 rentur
615 3129 758 3165 arbitrio
778 3144 786 3163 ε
812 3140 925 3165 tamen
945 3129 1051 3165 haeret
1068 3133 1169 3165 etiam
1189 3133 1223 3165 ln
1243 3130 1407 3166 reluctan-

477 3181 567 3217 tibus
587 3183 713 3227 gratia,
739 3179 941 3227 apertiffime
960 3180 1058 3215 nullo
1078 3178 1172 3215 bono
1191 3182 1317 3215 merito
1327 3193 1406 3228 prae-

480 3231 641 3271 cedente,
668 3229 817 3279 alioquin
836 3232 940 3275 gratia
953 3230 1018 3273 jam
1037 3241 1105 3264 non
1125 3227 1201 3264 ess'et
1211 3233 1334 3276 gratia.
1362 3233 1407 3265 Et

478 3279 662 3328 aliquando
682 3278 761 3314 filiis
782 3278 968 3314 infidelium
998 3278 1171 3326 p'raestatur
1190 3277 1262 3314 haec
1281 3284 1384 3326 gratia
1397 3306 1407 3321 ‚

480 3344 558 3367 cum
588 3329 720 3366 occulta
742 3331 807 3364 Dei
829 3328 1045 3376 providentia
1065 3332 1099 3364 in
1127 3342 1242 3365 manus
1272 3333 1407 3377 piorum

482 3380 811 3427 quomodocumque
841 3382 1043 3426 perveniunt
1063 3392 1072 3416 3
1097 3379 1278 3426 aliquando
1298 3391 1409 3415 autem

482 3431 547 3467 filii
568 3430 720 3466 fidelium
743 3442 812 3464 non
831 3442 903 3464 eam
924 3429 1196 3476 consequuntur,
1223 3430 1411 3476 aliquoim—

481 3479 686 3530 'pedimento
703 3478 865 3514 existente
877 3492 917 3514 ne
942 3479 1042 3527 poffit
1062 3479 1330 3526 periclitantibus
1344 3478 1414 3515 sub-

485 3534 618 3566 veniri.
644 3532 746 3565 Fiunt
766 3541 850 3564 vero
870 3528 929 3565 ista
949 3526 1009 3576 p'er
1035 3530 1202 3565 occultam
1215 3532 1280 3565 Dei
1302 3532 1416 3577 provi-

489 3579 658 3622 dentiam,
685 3580 776 3625 cujus
797 3577 1021 3615 inscrutabilia
1042 3579 1114 3615 sunt
1137 3580 1254 3621 iudicia
1276 3605 1287 3622 ,
1314 3584 1347 3615 &
1369 3582 1417 3614 in-

491 3629 703 3676 vestigabiles
730 3634 820 3665 viae:
856 3629 949 3676 quod
978 3639 1014 3664 ut
1044 3629 1231 3677 Apostolus
1251 3630 1377 3665 diceret
1405 3654 1417 3670 ,

493 3677 578 3722 quid
597 3679 789 3724 praedixerit
809 3683 983 3715 intuemini
1002 3706 1010 3714 .
1037 3679 1169 3727 Agebat
1195 3682 1285 3714 enim
1305 3678 1347 3714 de
1365 3681 1418 3719 Ju-

495 3724 574 3760 daeis
593 3730 624 3762 δι
644 3728 811 3764 Gentibus
831 3754 842 3770 ,
868 3742 943 3765 cum
966 3728 1125 3765 scriberet
1153 3729 1193 3765 ad
1213 3733 1393 3766 Romanos
1407 3753 1418 3770 ,

299 3790 381 3822 Rom.
398 3798 445 3821 ῃ,
495 3774 534 3810 id
551 3773 622 3816 est,
647 3776 687 3809 ad
706 3780 833 3812 Gentes
853 3804 863 3819 ‚
889 3784 922 3814 &
943 3784 989 3813 ait
1007 3803 1018 3820 ‚
1031 3782 1130 3815 'Sicut
1156 3782 1236 3815 enim
1256 3774 1418 3823 aliquando

301 3838 351 3869 30·
501 3836 563 3864 vos
588 3837 645 3862 non
660 3824 792 3867 credistis
813 3833 875 3863 Deo
897 3851 909 3867 ,
942 3838 1019 3863 nunc
1048 3837 1153 3864 autem
1174 3827 1421 3871 'misericordiam

274 382 348 411 laid.
372 392 422 416 ιι.

271 425 309 457 (ἓν
319 433 365 456 12.

264 1874 292 1895 ι.
303 1864 367 1901 Reg.
384 1870 428 1899 ¹7-

266 1914 312 1939 14.
411 1922 423 1928 ··

263 2060 390 2096 ibidem«

1464 325 1615 369 consecuti
1640 322 1709 366 estis
1735 327 1766 360 in
1791 324 1912 362 illorum
1938 326 2159 362 incredulitate
2176 339 2187 361 τ
2219 329 2266 362 ita
2293 327 2343 362 ὠ*
2358 325 2392 363 bi

1466 388 1543 413 nunc
1564 386 1622 410 non
1640 377 1834 423 crediderunt
1852 378 1883 411 in
1902 375 2006 419 vestra
2023 375 2229 420 misericordia
2248 401 2261 418 ‚
2293 383 2330 410 ut
2349 375 2391 417 Φ·

1466 425 1521 470 ipsi
1537 423 1774 466 misericordiam
1793 425 2037 471 consequantur:
2060 425 2208 471 conclusit
2216 429 2296 462 enim
2307 423 2393 461 Deus

1465 486 1568 510 omnes
1586 477 1616 511 in
1634 472 1818 514 infidelitate
1837 500 1849 517 ,
1883 486 1921 511 ut
1945 480 2079 513 omnium
2105 475 2285 520 misereatur
2302 500 2311 509 .
2345 477 2392 511 Et

1465 538 1543 561 curn
1569 522 1756 560 attendisset
1782 524 1867 572 quid
1891 522 2040 570 dixerit,
2074 527 2243 563 admirans
2268 525 2393 562 senten-

1467 578 1522 611 tiae
1548 573 1609 610 suae
1633 586 1759 611 certam
1786 575 1924 624 quidem
1946 581 2147 619 veritatem,
2173 575 2227 612 sed
2238 587 2394 624 magnam

1466 624 1758 673 profunditatem,
1783 625 1963 673 quomodo
1989 625 2192 664 concluserit
2217 628 2395 676 Deusom-

1466 688 1523 711 nes
1558 677 1591 710 in
1625 674 1827 711 infidelitate
1850 701 1862 719 ‚
1897 687 1936 713 ut
1970 682 2127 716 omnium
2161 675 2357 714 misereatui·
2381 699 2395 718 ‚

1465 724 1556 772 quali
1581 724 1703 768 faciens
1731 726 1818 762 mala
1845 737 1882 764 ut
1908 731 2065 765 venirent
2089 727 2201 771 bona,
2227 738 2395 767 moxex-

1464 775 1625 811 clamavit
1659 787 1759 823 atque
1785 780 1831 812 ait
1857 802 1869 820 ‚
1902 781 1928 813 0
1964 779 2098 816 altitudo
2130 773 2396 818 divitiarumsa-
2412 791 2549 831 &ld-33·

1460 828 1585 871 pientiae
1612 827 1654 864 Φ*
1673 826 1812 871 scientia
1836 830 1898 863 Dei
1916 828 1925 864 Ξ
1955 834 2062 881 ,Quam
2086 827 2300 873 inscrutabilia
2320 825 2396 869 sunt

1460 874 1581 923 judicia
1605 874 1673 923 ejus
1699 901 1711 918 ‚
1745 878 1789 914 (θ’
1814 876 2046 923 investigabiles
2079 882 2144 917 via
2169 879 2237 927 ejus
2258 879 2273 928 :²
2298 876 2397 914 'Haec

1464 929 1556 961 enim
1582 925 1806 963 inscrutabilia
1831 927 1976 975 judicia,
2001 933 2036 966 δε
2062 928 2309 978 investigabiles
2325 931 2396 966 vias

1464 975 1612 1024 perversi
1635 974 1797 1018 homines
1821 979 1893 1016 non
1920 983 2106 1028 cogitantes
2128 1007 2140 1024 ,
2161 979 2396 1030 &proclives

1463 1025 1508 1062 ad
1533 1024 1848 1075 reptehendendum
1866 1055 1879 1072 ,
1905 1042 1975 1066 non
2000 1028 2114 1067 idonei
2140 1029 2182 1066 ad
2209 1029 2317 1068 intelli
2342 1043 2398 1067 en-

1462 1075 1568 1120 dum,
1595 1076 1780 1126 putabant,
1805 1083 1840 1116 δε
1866 1079 2059 1125 jactitabant
2071 1080 2282 1129 Apostolum
2308 1042 2398 1117 (laice-

1463 1140 1523 1170 re,
1549 1131 1717 1164 Faciamus
1742 1129 1850 1172 mala,
1875 1139 1913 1165 ut
1938 1134 2074 1168 veniant
2098 1131 2194 1168 bona.
2221 1130 2357 1178 Quoda

1461 1176 1500 1213 fit
1526 1187 1566 1213 ut
1592 1178 1781 1227 Apostolus
1808 1179 1964 1216 diceret:
1990 1181 2046 1218 fied
2071 1180 2229 1218 homines
2253 1194 2323 1218 non
2350 1184 2399 1217 in-

1455 1227 1671 1275 telligentes,
1697 1228 1767 1266 hoc
1781 1229 1944 1277 putabant
1971 1231 2040 1268 dici
2059 1230 2195 1280 quando*
2220 1230 2398 1270 audiebant

1460 1277 1555 1325 quod
1575 1275 1669 1314 *dixit
1697 1280 1908 1328 Apostolus,
1933 1282 2002 1319 Lex
2020 1291 2129 1319 autem
2150 1277 2397 1326 subintravitut
2417 1275 2532 1307 R⁰m·⁵·
2546 1277 2595 1301 ²⁰·
2626 1334 2628 1336 v

1460 1327 1635 1366 abundaret
1667 1330 1812 1366 delictum
1839 1346 1847 1366 :
1885 1330 1939 1368 ubi
1971 1341 2079 1369 autem
2112 1329 2294 1370 abundavit
2325 1327 2399 1369 deti-

1462 1377 1546 1414 fium
1563 1402 1575 1420 ‚
1596 1377 1871 1425 superabundavit
1891 1386 2003 1426 gratia
2023 1409 2031 1418 .
2058 1381 2123 1419 Sed
2147 1386 2266 1434 utique
2291 1387 2399 1432 gratia

1459 1428 1494 1464 id
1520 1431 1589 1476 ag'it
1612 1448 1624 1471 ,
1648 1440 1686 1465 ut
1705 1431 1771 1476 jam
1799 1431 1880 1468 fiant
1906 1431 1995 1471 bona
2020 1431 2062 1470 ab
2088 1437 2135 1470 eis
2161 1437 2222 1485 qui
2248 1433 2401 1480 fecerunt

1457 1479 1546 1515 mala
1572 1491 1582 1516 3
1614 1482 1685 1515 non
1712 1491 1750 1517 ut
1777 1482 1990 1529 perseverent
2015 1486 2051 1520 in
2077 1483 2175 1522 malis
2196 1511 2208 1528 ,
2243 1490 2277 1522 δε
2304 1483 2401 1521 reddi

1464 1528 1523 1564 fibi
1552 1528 1746 1566 existiment
1773 1530 1884 1569 bona.
1911 1537 1996 1572 Non
2023 1537 2138 1583 itaque
2163 1534 2287 1572 debent
2312 1535 2422 1586 (ἰίιτςὲ-Δ

1464 1593 1523 1622 re,
1548 1582 1715 1616 Faciamus
1740 1582 1852 1625 mala,
1877 1591 1915 1622 ut
1940 1583 2079 1622 veniant
2096 1584 2194 1625 bona3
2220 1585 2298 1631 sed,
2317 1582 2401 1624 'stei-

1464 1643 1538 1666 mus
1564 1630 1919 1674 mala·‚'&venerunt
1939 1632 2053 1675 bona3
2080 1636 2145 1679 jam
2171 1634 2402 1675 faciamusbo'-

1465 1694 1506 1716 na
1526 1705 1538 1722 ‚
1565 1691 1603 1717 ut
1629 1684 1664 1717 in
1690 1681 1808 1719 futuro
1833 1683 1955 1721 saeculo
1974 1682 2276 1738 ,recipiamus'pro
2292 1681 2402 1735 'bonis

1462 1730 1552 1766 bona
1572 1756 1584 1774 ,
1611 1734 1669 1779 qui
1697 1735 1732 1768 in
1757 1731 1828 1770 hoc
1854 1733 1975 1771 saeculo
2001 1732 2402 1786 recipimus'prolmalis

1463 1781 1553 1817 bona
1572 1809 1579 1817 .
1606 1787 1754 1831 Propter
1781 1784 1878 1832 quod
1904 1784 2067 1834 scriptum
2094 1785 2144 1822 est
2171 1791 2205 1823 in
2231 1780 2402 1838 Psalmo&

1460 1831 1705 1874 Misericordiam
1739 1835 1783 1871 Θ·
1803 1834 1974 1882 judicium·
1993 1835 2126 1873 cantabo
2152 1835 2211 1874 tibi
2236 1841 2368 1876 Domine
2384 1837 2465 1883 ips·
2481 1845 2544 1868 ¹00·
2558 1843 2582 1864 ¹·

1461 1885 1558 1919 Prius
1584 1884 1697 1931 itaque
1733 1897 1803 1924 non
1832 1885 1910 1922 ideo
1946 1890 2040 1922 venit
2067 1881 2170 1923 filius⁴
2189 1882 2346 1935 hominis
2365 1879 2598 1935 inJ⁰⁶'¹·3·¹⁷⁰

1458 1931 1652 1975 mundum,
1679 1944 1716 1970 ut
1742 1934 1869 1981 judicet
1894 1935 2086 1979 mundum,
2114 1935 2168 1973 sed
2195 1937 2408 1980 ut'salvetur

1462 1982 1608 2019 mundus
1645 1997 1708 2031 per
1743 1984 1852 2034 ipsum
1881 1999 1892 2024 3
1928 1984 1997 2022 hoc
2032 1998 2178 2037 propter
2208 1982 2404 2036 misericor·

1461 2033 1549 2069 diam
1574 2048 1601 2068 εἸ
1624 2033 1739 2082 postea
1768 2049 1852 2072 vero
1878 2048 2024 2088 propter
2050 2035 2214 2086 iudiciuin
2232 2032 2402 2086 ''venturu's

1461 2083 1509 2119 est
1537 2084 1683 2131 judicare
1711 2089 1810 2122 vivos
1838 2091 1873 2123 &
1898 2087 2088 2124 mortuoss
2124 2092 2279 2135 quamvis
2305 2093 2340 2125 δε
2366 2084 2404 2125 ili

1464 2133 1534 2170 hoc
1575 2138 1735 2182 tempore
1768 2129 2002 2181 ipsssslvat'io
2037 2146 2106 2168 non
2142 2135 2202 2170 fiat
2227 2137 2293 2172 fine
2319 2129 2403 2182 iudi-

1462 2187 1542 2224 cio,
1569 2182 1623 2215 sed
1649 2181 1812 2223 occulto,
1839 2179 1919 2215 ideo
1942 2185 2012 2223 ait,
2037 2187 2073 2217 In
2097 2180 2248 2230 judicium
2273 2182 2602 2241 veniin1„„‚9,39,

1452 2230 1541 2263 hunc
1559 2229 1719 2263 ‘mundum
1740 2252 1752 2270 ‚
1778 2230 1815 2265 u't
1842 2232 1897 2273 qui
1917 2234 1978 2266 'non
2005 2232 2117 2267 vzdent
2135 2256 2148 2275 ,
2176 2237 2332 2279 videant,
2357 2236 2402 2273 Θ·

1460 2281 1514 2324 qui
1538 2279 1674 2319 vident,
1700 2281 1772 2313 caeci
1790 2277 1911 2318 fiant.''

1512 2327 1568 2362 Ad
1595 2326 1730 2362 occulta
1757 2338 1841 2376 ergo
1854 2328 1921 2362 Del
1942 2327 2069 2372 ‘judicia
2092 2342 2273 2378 revocate,
2298 2328 2402 2382 quan-
2438 2358 2466 2390 C

1460 2377 1507 2412 do
1535 2375 1690 2412 videritis
1715 2378 1749 2410 in
1776 2390 1840 2413 una
1867 2375 1971 2413 caussa
1987 2403 2000 2421 ‚
2026 2392 2128 2428 quarn
2156 2394 2247 2419 certe
2273 2382 2401 2423 habent
2458 2367 2580 2431 ίὶῖῐῗῖ

1458 2425 1739 2474 omnes-³parvuli
1759 2450 1771 2467 ‚
1797 2426 2044 2478 hereditarium
2072 2431 2202 2469 malum
2228 2427 2402 2473 trahente-‘s
2457 2420 2598 2471 Curhul'e

1462 2489 1504 2511 ex
1532 2475 1643 2511 Adam
1661 2495 1678 2517 ·,
1713 2474 1796 2510 huic
1823 2475 1992 2519 subveniri
2019 2490 2057 2515 ut
2083 2479 2276 2532 baptizetur
2301 2510 2314 2530 ,
2421 2521 2426 2526 ,
2454 2519 2461 2526 .

1463 2538 1536 2561 nonv
1560 2525 1793 2570 fiiis-veniriut
1820 2529 1854 2565 in
1876 2527 1950 2575 *ipsa
1977 2528 2189 2578 obligatione
2210 2529 2390 2574 moriatur'
2419 2519 2462 2550 ¹¹¹¹
2484 2529 2545 2550 '¹⁰¹¹

1464 2576 1562 2611 illum
1581 2575 1803 2625 ‘baptizatum
1831 2579 1867 2617 i'n¹
1893 2577 1958 2614 hac
1984 2583 2053 2617 vita
2080 2583 2227 2632 relinqui
2250 2610 2262 2628 ,
2297 2599 2400 2647 quen?
2419 2609 2559 2631 revocan-

1464 2624 1632 2675 praescivit
1667 2629 1763 2662 Deus
1789 2628 1940 2681 im'pibm'
1961 2628 2114 2668 futurum
2130 2632 2148 2678 ’,
2164 2630 2167 2635 ’
2185 2633 2287 2672 istum
2315 2630 2400 2675 ver‘o
2418 2642 2489 2672 dum
2504 2640 2539 2672 ad
2557 2639 2601 2673 iu-

1464 2678 1676 2725 baptizatum
1705 2679 1776 2725 rapi
1803 2690 1846 2712 ex
1869 2676 1948 2715 hac*
1964 2679 2032 2717 vita
2048 2678 2069 2724 '‚
2106 2680 2154 2719 ne*
2174 2686 2302 2722 malitia
2327 2679 2402 2726 mu·
2418 2680 2560 2713 &mod

1465 2739 1514 2762 tet
1541 2726 1752 2762 intellectum
1779 2728 1929 2779 ejustf&
1955 2731 2062 2768 nolite
2090 2736 2125 2768 in
2150 2733 2221 2770 istis
2247 2728 2327 2772 dare
2353 2740 2403 2783 int
2420 2721 2546 2753 ‘mum'

1467 2776 1625 2820 iustitiam
1654 2776 1710 2812 vel
1736 2776 1960 2824 insipientiam
1990 2783 2094 2824 Deo',
2121 2784 2210 2833 apud
2233 2788 2403 2848 quem'jffi-
2420 2765 2521 2802 5⁴2⁹*
2539 2767 2579 2791 u·

1466 2827 1563 2862 stitiae
1591 2827 1666 2862 fons
1691 2826 1739 2863 est
1771 2830 1810 2863 &-
1836 2827 2002 2876 sapientiae
2023 2845 2031 2867 :
2068 2833 2123 2869 sed
2150 2834 2232 2872 ficut
2258 2850 2320 2874 vos
2337 2831 2403 2874 ex-

1467 2876 1624 2913 hortatus
1651 2876 1720 2914 sum
1733 2876 1902 2914 ab'initio
1922 2879 2085 2919 sermonis
2112 2882 2235 2932 hujus,
2261 2889 2295 2922 in
2306 2885 2402 2934 quod

1468 2926 1667 2976 pervenistis
1695 2952 1706 2970 ‚
1732 2930 1764 2962 in
1791 2941 1833 2963 eo
1859 2928 2030 2967 ambulate
2056 2958 2068 2975 ‚
2108 2938 2142 2970 δι
2168 2933 2239 2971 hoc
2263 2948 2401 2984 quoque
2472 2966 2477 2972 .

1467 2977 1573 3016 vobis
1585 2980 1689 3014 Deus
1714 2977 1878 3020 revelabit
1901 2993 1909 3014 ε
1936 2985 1970 3016 &
1996 2981 2020 3017 fi
2044 2985 2115 3018 non·
2141 2987 2176 3019 in
2201 2983 2266 3021 hac
2294 2989 2363 3022 vita
2389 3012 2401 3029 ‚
2420 2989 2504 3042 &1’5
2520 2988 2527 2997 '
2569 2986 2580 2994 “

1467 3037 1558 3064 certe
1586 3030 1619 3062 in
1645 3027 1747 3063 altera
1770 3042 1778 3062 :
1814 3029 1891 3069 nihil
1923 3029 1972 3072 eli*
1988 3035 2078 3077 enim
2103 3033 2259 3070 occultum
2285 3060 2296 3077 ,
2322 3038 2402 3081 quod
2420 3028 2531 3077 Μαηὶ.
2554 3056 2601 3080 ιο.

1468 3091 1525 3114 non
1551 3076 1771 3113 revelabitur.
1799 3079 1950 3124 Quando
1975 3092 2058 3127 ergo
2083 3082 2206 3119 auditis
2232 3084 2402 3124 dicentem
2420 3096 2465 3118 ²0·

1468 3129 1662 3164 Dominum
1675 3152 1686 3169 ,
1712 3133 1775 3172 Ego
1785 3130 1935 3164 Dominus
1948 3128 2070 3172 ¹seduxi
2086 3133 2273 3178 prophetam
2292 3130 2401 3176 illum3
2421 3126 2560 3165 Ezech.14
2571 3138 2601 3164 ς.

1469 3183 1503 3214 &
1528 3176 1622 3225 quod
1657 3181 1702 3212 ait
1728 3177 1946 3226 Apostolus,
1981 3179 2078 3225 cujus
2112 3183 2190 3220 vult
2215 3185 2403 3231 miseretur,
2421 3170 2536 3205 ’ζωῇ
2558 3171 2602 3200 ¹⁸⁶

1469 3230 1511 3264 &¹
1537 3238 1627 3272 quem
1654 3227 1730 3262 vult
1756 3227 1914 3273 obdurari
1934 3230 1967 3262 in
1996 3242 2039 3264 eo
2065 3244 2167 3278 quem
2194 3233 2303 3271 seduci
2330 3249 2404 3284 per-

1470 3280 1577 3313 mittit
1602 3276 1657 3311 vel
1684 3276 1987 3318 obdurari';·mala
2012 3281 2080 3327 ejus
2106 3286 2227 3320 merita
2253 3286 2403 3325 credites

1473 3332 1506 3363 in
1532 3339 1574 3361 eo
1600 3338 1685 3361 vero
1709 3327 1800 3372 cujus
1826 3326 2024 3372 miseretur,
2050 3335 2195 3378 gratiam
2216 3336 2306 3378 Dei,
2332 3350 2405 3373 non

1472 3375 1642 3412 reddentis
1669 3376 1752 3411 mala
1781 3388 1846 3423 pro
1868 3377 1985 3421 malis,
2010 3380 2066 3416 sed
2094 3381 2259 3435 bonapro
2284 3387 2405 3430 malis,

1475 3425 1621 3462 fideliter
1656 3430 1690 3462 δι
1717 3424 1947 3463 indubitanter
1978 3431 2146 3477 agnoscite
2172 3460 2180 3468 .
2216 3438 2290 3472 Nec
2325 3437 2405 3473 ideo

1475 3475 1630 3512 auferatis
1655 3488 1672 3511 a
1698 3474 1874 3511 Pharaone
1901 3477 2047 3516 liberum
2074 3482 2252 3524 arbitrium
2279 3511 2290 3528 ‚
2326 3490 2406 3538 quia

1476 3525 1592 3562 multis
1619 3524 1702 3560 locis
1730 3524 1812 3560 dicit
1839 3529 1933 3563 Deus
1950 3554 1962 3571 ,
1999 3536 2064 3576 Ego
2089 3533 2241 3570 induravi
2265 3535 2408 3573 ‘Pharao-

1473 3587 1542 3613 nem
1563 3599 1575 3617 ,
1601 3574 1656 3609 vel
1674 3576 1852 3617 induravi,
1879 3587 1937 3612 aur
1955 3580 2101 3618 indurabo
2129 3594 2182 3627 cor
2211 3585 2406 3623 Pharaonis.

1474 3629 1556 3662 Non
1576 3627 1667 3658 enim
1697 3635 1877 3678 propterea
1899 3627 1966 3675 ipse
1988 3629 2216 3682 Pharao'non
2235 3632 2408 3673 induravit

1476 3687 1537 3711 cor
1555 3673 1648 3709 suum
1661 3700 1668 3708 .
1698 3677 1786 3710 Nam
1806 3675 1930 3713 &thoe
1949 3678 1990 3714 de
2017 3680 2078 3716 illo
2099 3682 2407 3731 legitur,''quando

1477 3724 1584 3762 ablata
1594 3722 1642 3758 est
1653 3721 1694 3759 ab
1709 3728 1879 3773 AEgyptiis
1890 3740 2067 3777 cynomya
2078 3731 2091 3773 ‚¹
2117 3732 2248 3777 dicente
2259 3734 2327 3773 Scri
2331 3735 2408 3783 ptu-

1482 3787 1516 3811 ra
1528 3788 1536 3809 :
1562 3779 1605 3809 Et
1622 3777 1816 3817 ingravavit
1827 3777 1954 3813 Pharao
1963 3781 2015 3814 cor
2027 3780 2120 3824 suum
2132 3783 2219 3825 &in
2228 3781 2283 3826 'illo'
2292 3782 2408 3830 tem‘po-
2428 3788 2514 3821 Exod·
2524 3788 2549 3817 8·
2559 3796 2606 3825 3²·

1482 3837 1515 3860 re
1525 3849 1536 3866 ‚
1548 3826 1589 3860 θ’*
1608 3824 1706 3861 noluit
1715 3823 1874 3862 dimittere
1881 3829 2028 3873 populum
2039 3857 2046 3866 .
2058 3834 2114 3867 'Ac
2120 3832 2184 3879 p‘et'·
2192 3830 2262 3870 hoc
2271 3837 2304 3868 &
2316 3833 2408 3872 Deus

2267 3882 2360 3920 indu-

2359 1129 2397 1168 b-
2417 1118 2494 1147 Rom.
2515 1101 2545 1152 3,
2561 1113 2592 1144 8·

2349 2484 2401 2523 fflj
2420 2477 2598 2515 subvenitur,
2647 2511 2652 2529 :

2626 911 2652 926 Α.
2628 886 2640 896 ”
2626 655 2652 862 Εςὲυωὲπωᾳςήὸὴ
2628 606 2630 608 ’
2630 552 2633 562 Ἴ
2650 520 2652 531 ,Α

2636 1913 2649 1935 ἢ.

2644 2415 2652 2486 i·

2387 2549 2399 2594 ,3
2421 2560 2599 2595 subvenitur,
2647 2551 2652 2559 ²
