2652 4126
543 160 1263 226 CHRoNlcuM

295 250 417 314 fini,
445 250 484 291 &
512 251 689 295 Licinius
719 251 943 296 adolescens
974 253 1127 299 Licinii
1152 257 1233 299 Au-

295 307 414 365 'gusti
445 308 544 352 filius
573 326 623 353 ex
653 311 783 356 sorore
825 312 1114 367 Constantini,
1145 316 1233 358 Cae-

297 367 415 420 {fares
445 371 723 428 appellantur.
755 374 939 431 Quorum
952 373 1143 431 Crispum
1155 377 1231 418 La-

296 427 482 474 Κ«Ξὶειιπιυε
510 430 779 483 erudivirvir
808 433 991 474 omnium
1031 433 1098 478 suo
1129 445 1228 476 tem·
1268 469 1273 475 .

311 502 408 544 pore
440 489 807 546 eloquentissimus,
846 491 910 533 sed
948 491 1047 534 adeo
1078 494 1122 535 in
1151 493 1228 536 hac

310 548 396 589 vita
427 562 610 606 pauper,
648 562 692 591 ut
733 551 965 608 plerumque
1005 551 1129 595 etiam
1160 567 1228 597 ne<

291 606 478 651 :cessariis
508 607 746 665 indiguerit.

405 670 690 706 GALLICANO
715 673 781 707 ET
804 673 959 707 BASSO.

409 720 600 755 LICINIO
625 721 667 755 V.
695 722 760 757 ET
785 723 979 757 CRISPO.

403 770 761 807 CONSTANTINO
784 773 897 807 V.ET
910 773 1099 808 LICINIO
1125 776 1226 811 CAES.

365 816 541 860 Licinius
582 817 833 865 Christianos
881 819 929 862 de
969 820 1122 876 palatio
1162 821 1227 867 suo

308 878 427 935 pellit
437 907 448 918 .

403 940 760 976 CONSTANTINO
787 941 848 977 VI.
883 942 948 978 ET
983 943 1226 981 CONSTAN-

502 991 626 1027 TINO
651 989 756 1030 CAES.

363 1036 535 1083 Basileus
566 1037 735 1081 Amafiae
768 1040 885 1082 Ponti
906 1040 1125 1098 Episcopus
1155 1041 1222 1084 sub

301 1096 462 1139 Licinio
492 1098 688 1151 martyrio
718 1112 955 1142 coronatur.

361 1155 618 1202 Alexandriae
649 1159 811 1201 XVIII.
841 1158 1048 1203 ordinatur
1060 1160 1221 1219 Episcoq

299 1229 373 1272 pus
405 1214 660 1259 Alexander.

397 1278 567 1314 CRISPO
592 1280 636 1314 Π.
663 1279 728 1314 ET
753 1279 1075 1317 CONSTANTIO
1102 1283 1145 1318 ΙΙ.

357 1327 373 1345 ⁸
403 1327 525 1367 Arius
556 1327 788 1381 Presbyter,
817 1328 867 1369 ab
898 1329 1133 1373 Alexandro
1165 1331 1218 1370 E-

297 1383 461 1441 piscopo
500 1383 549 1430 de
590 1385 870 1437 Alexandrina
919 1389 1095 1431 Ecclesia
1142 1389 1218 1445 eje-

298 1443 404 1496 ἃιιε,
434 1444 580 1491 multos
609 1445 682 1487 suae
712 1445 915 1503 impietati
946 1448 1091 1501 sociat,
1121 1462 1217 1506 prae-

297 1502 435 1545 dicans
464 1505 623 1549 Patrem
653 1507 692 1547 8<
734 1506 883 1549 Filium
923 1508 961 1548 ὃς
1005 1508 1217 1565 Spiritum-

295 1561 475 1607 faustum
504 1577 587 1606 non
618 1562 692 1612 effe
722 1565 836 1607 unius
867 1566 1116 1624 ejusdemque
1147 1582 1217 1611 nae

297 1633 417 1675 turae,
446 1634 536 1675 aut,
566 1636 610 1671 ut
642 1625 858 1686 expressius
887 1624 1033 1668 dicitur
1053 1656 1067 1680 ,
1095 1627 1217 1670 essen·

292 1681 360 1723 tiae
391 1697 405 1736 3
435 1693 575 1743 utpote
605 1696 827 1726 creaturam
857 1697 873 1723 :
915 1686 1109 1743 Spiritum
1151 1701 1217 1728 ve-

298 1753 346 1781 ro
376 1739 554 1788 sancium
583 1755 806 1788 creaturam
836 1757 1057 1798 creaturae;
1089 1745 1130 1787 id
1161 1745 1216 1787 est

294 1798 346 1840 ab
376 1798 462 1855 ipso
493 1801 599 1847 Filio,
629 1815 808 1847 creatum
828 1832 840 1848 ι,
879 1803 948 1846 Ad
978 1819 1097 1861 quam
1129 1819 1218 1862 per«

294 1855 432 1901 fidiam
462 1861 756 1919 coarguendam
789 1861 971 1917 Synodus
1020 1876 1219 1906 trecento«

291 1929 384 1958 rum
414 1917 553 1961 decem
582 1922 622 1968 8<
648 1920 736 1966 0810
767 1921 1058 1980 Episcoporum
1081 1924 1123 1965 in
1136 1925 1217 1965 Ni-

291 1989 415 2018 caeam
444 1979 585 2026 urbem
607 1980 810 2037 Bithyniae
841 1994 1104 2039 congregata,
1133 1997 1218 2025 om-

289 2045 363 2075 nes
392 2035 671 2082 haereticorum.
690 2038 899 2081 machinas
910 2041 1122 2084 Homoufii
1141 2057 1214 2106 op!

290 2089 488 2147 Pofitione
518 2092 687 2148 dejecit.

388 2152 647 2190 PROBIANO
673 2155 739 2190 ET
764 2157 997 2198 IULIANO.

387 2203 580 2240 SEVERO
605 2205 672 2239 ET
699 2204 906 2243 RUPINO.

287 2308 314 2350 f
332 2250 610 2350 ἐξζυοηίὶειηῑίιις
651 2253 910 2298 Constantini
950 2255 1054 2303 filius
1084 2258 1220 2300 Caesar

307 2322 329 2350 a
397 2323 436 2351 s.

386 2371 560 2408 CRISPQ
581 2374 644 2408 111.
670 2374 740 2410 ET
769 2375 1129 2415 CONSTANTINO
1152 2381 1217 2416 111..

346 2418 527 2465 Licinius
555 2421 849 2466 Thessalonica:
878 2425 1096 2467 occiditur.

387 2479 603 2518 PAULINO
628 2483 698 2516 ET
718 2485 944 2523 JULIANO.
1146 2512 1155 2531 ·.

351 2524 521 2581 Crispus,
550 2523 650 2566 filius
694 2530 954 2572 Constantini
987 2547 1000 2585 3
1032 2534 1071 2572 &
1110 2532 1218 2573 Lici-

290 2584 379 2626 nius
409 2583 540 2639 junior
571 2583 817 2631 Constantiae
859 2589 1119 2631 Constantini
1160 2589 1216 2630 so-

289 2644 389 2685 roris
428 2644 468 2689 8<
506 2643 657 2689 Licinii
698 2643 905 2701 superioris
953 2645 1055 2687 filius
1094 2647 1217 2689 inter-

291 2702 410 2746 seffl-

389 2764 749 2849 coNpr'ngTlNo
774 2766 853 2800 v11.
878 2767 945 2802 ET
970 2766 1218 2804 CONSTAN.

362 2863 602 2907 Vicennalia.
653 2862 912 2909 Constantini
962 2864 1213 2909 Nicomediae

290 2921 405 2974 asta,
435 2923 473 2963 8<
503 2921 683 2978 sequenti
713 2937 821 2965 anno
852 2925 992 2965 Romae
1023 2923 1152 2967 edita.

386 2981 744 3019 CONSTANTINO
769 2986 813 3019 Π.
838 2985 904 3020 ET
927 2985 1153 3021 MAXIMO.

359 3033 703 3089 HUCUSQUE
755 3030 978 3076 Historiam
1025 3034 1212 3091 perduxit

288 3090 507 3143 Eusebius,
538 3091 755 3149 Pamphyli
777 3094 974 3147 Martyris
1003 3094 1212 3136 contuber-

289 3149 413 3192 nalis.
447 3149 532 3191 Post
572 3150 656 3193 haec
699 3151 947 3206 Hieronymi
986 3154 1212 3209 Presbyteri

289 3207 459 3250 succedit
488 3209 719 3253 austeritas.

349 3268 590 3326 Drepanam
623 3271 830 3325 Bithyniaess
845 3272 1055 3316 civitatem
1077 3274 1119 3315 in
1141 3274 1217 3316 ho-

1343 178 1978 224 1vNTEGRuM.
2101 194 2206 245 421

1292 272 1434 303 norem
1481 260 1651 305 Luciani
1702 259 1900 315 Martyris
1950 258 2008 300 ibi
2058 263 2212 306 conditi

1290 319 1576 363 Constantinus
1624 319 1843 365 instaurans
1872 349 1885 372 ,
1925 333 1975 360 ex
2017 321 2211 363 vocabulo

1266 381 1428 421 -matris
1459 380 1530 420 suae
1564 380 1856 437 Helenopolim
1887 380 2160 436 nuncupavit.

1387 442 1631 481 IANUAmo
1657 443 1723 477 ET
1750 442 1915 486 Jus‘ro.

1346 481 1364 508 ι’
1393 491 1580 531 Donatus
1607 489 1856 546 agnoscitur,
1887 503 1909 530 a
1940 503 2017 546 quo
2049 503 2122 547 per
2152 491 2208 532 Α-

1267 546 1429 601 ,ῑτίεειπι
1459 549 1705 602 Donatistae,
1735 549 1801 605 qui
1833 549 2009 606 primum
2040 562 2207 607 propter

1290 606 1518 650 ordinatum
1549 621 1688 650 contra
1719 609 1970 654 voluntatem
2001 607 2110 651 suam
2122 611 2209 651 Cae-

1290 665 1478 709 cilianum
1520 667 1701 710 Ecclesiae
1739 667 2068 725 Carthaginenfis
2109 670 2208 727 Epi-

1290 725 1450 782 scopum
1481 726 1647 769 schisma
1677 726 1856 769 fecerunt
1875 757 1888 780 ,
1917 727 2147 783 objicientes
2168 730 2207 771 ei

1289 785 1459 829 crimina
1488 801 1569 828 non
1592 787 1782 843 probata,
1811 789 1848 828 8(
1871 789 2071 841 maxime,
2101 788 2206 845 quod

1275 857 1310 890 a
1342 844 1619 892 Traditoribus
1650 845 1878 888 divinarum
1911 846 2206 903 Scripturarum

1285 902 1414 944 suerat
1444 904 1667 947 ordinatus.
1701 905 1777 947 Sed
1808 905 1894 962 post
1924 905 2092 950 caussam
2112 922 2205 948 con-

1286 962 1435 1004 viSiam
1465 976 1582 1019 atque
1614 963 1772 1005 finitam
1792 994 1805 1016 ,
1836 965 2033 1020 pertinaci
2063 964 2204 1008 discor-

1282 1019 1348 1063 dia
1380 1022 1423 1064 in
1453 1022 1634 1064 haerefim
1664 1023 1902 1065 transierunt
1934 1041 1943 1066 :
1973 1023 2207 1068 definientes

1283 1094 1450 1138 propter
1479 1082 1689 1125 Caeciliani
1718 1082 1890 1125 crimina
1910 1112 1924 1135 ,
1963 1083 2028 1126 seu
2068 1099 2163 1127 vera
2193 1115 2207 1139 ,

1282 1140 1372 1193 seu,
1399 1140 1503 1198 quod
1544 1143 1673 1198 magis
1713 1143 1901 1199 apparuit
1922 1173 1935 1195 ‚
1964 1142 2061 1186 falsa
2081 1173 2095 1197 ,
2129 1146 2207 1186 Ec-

1284 1201 1443 1243 clefiam
1474 1200 1626 1244 Christi
1667 1202 1710 1243 in
1749 1214 1835 1244 toto
1873 1203 1967 1244 orbe
2008 1216 2205 1247 terrarum

1282 1260 1521 1317 contagione
1551 1261 1847 1303 communionis
1876 1261 2097 1304 extimam
2117 1294 2129 1316 ,
2161 1264 2203 1306 in

1280 1318 1361 1361 sola
1401 1321 1559 1362 Donati
1601 1333 1714 1376 parte
1763 1320 1954 1376 superesse
1984 1352 1995 1362 .
2036 1323 2204 1365 Audent

1277 1380 1403 1421 etiam
1434 1380 1684 1437 rebaptizare
1714 1380 1930 1422 catholicos
1963 1395 1979 1421 ε.
2002 1395 2092 1422 cum
2127 1384 2203 1424 Ec-

1276 1438 1398 1485 clefiae
1429 1439 1632 1481 catholicae
1663 1439 1856 1496 placuerit
1879 1468 1893 1492 ,
1923 1453 1996 1481 nec
2027 1441 2070 1482 in
2110 1441 2201 1498 ipfis

1277 1497 1471 1540 haereticis
1501 1498 1700 1555 baptisma
1730 1513 1942 1540 commune
1963 1499 2197 1542 rescindere.

1340 1558 1568 1601 Antiochiae
1600 1558 1685 1616 post
1725 1560 1971 1613 Tyrannum
2010 1562 2099 1602 XX.
2141 1574 2201 1602 or-

1276 1619 1437 1661 dinatur
1468 1617 1688 1675 Episcopus
1717 1618 1874 1673 gVitalis
1906 1634 1915 1659 :
1955 1618 2040 1675 post
2080 1634 2201 1676 quem

1278 1679 1393 1726 XXI.
1425 1683 1438 1699 ⁶
1471 1677 1738 1732 Philogonus:
1769 1678 1832 1717 cui
1863 1677 2034 1719 successit
2062 1680 2199 1726 XXII.

1278 1737 1464 1783 Paufinus
1496 1750 1505 1776 z
1537 1734 1621 1791 post
1653 1748 1773 1795 quem
1804 1736 1962 1776 XXIII.
2003 1736 2080 1778 fuit
2122 1741 2202 1780 Eu-

1278 1796 1466 1840 stathius.
1501 1795 1597 1852 Quo
1628 1794 1668 1835 in
1699 1794 1865 1835 exilium
1897 1795 1948 1834 ob
1979 1794 2097 1836 fidem
2122 1810 2201 1839 tru-

1278 1855 1342 1909 so,
1370 1853 1488 1911 usque
1520 1855 1563 1895 in
1595 1853 1831 1910 praesentem
1850 1851 1959 1895 diem
1980 1855 2202 1899 Ecclesiam

1278 1915 1424 1963 Ariani
1454 1914 1736 1955 obtinuerunt.

1375 1976 1734 2011 CONSTANTmo
1757 1977 1932 2011 v111.ET
1957 1977 2205 2014 CONSTAN-

1474 2026 1596 2059 TINO
1622 2026 1724 2059 cies.
1751 2027 1811 2059 1v.
2193 2066 2198 2071 ,

1375 2075 1699 2112 CONSTANT1O
1725 2077 1787 2109 111.
1814 2076 1878 2109 ET
1903 2076 2203 2112 SYMMACHO.

1339 2121 1597 2165 Alexandriae
1639 2124 1753 2163 XIX.
1796 2123 2000 2167 ordinatur
2025 2122 2204 2178 ‘Episco-

1280 2195 1352 2237 pus
1383 2181 1648 2222 Athanasius.

1378 2242 1516 2276 BASSO
1542 2241 1608 2275 ET
1633 2242 1858 2277 ABLABIO.

1340 2289 1618 2342 Hieronymus
1649 2288 1843 2330 nascitur.

1378 2350 1666 2385 PACATIANO
1693 2351 1758 2385 ET
1783 2352 2078 2389 HILARIANO.

1339 2399 1481 2437 Romae
1524 2399 1695 2436 XXXII.
1742 2398 1949 2439 ordinatur
1978 2400 2204 2456 Episcopus

1281 2454 1539 2495 MARCUS
1572 2452 1772 2495 mensibus
1800 2453 1909 2494 080.

1339 2509 1427 2550 Post
1457 2523 1577 2564 quem
1610 2511 2025 2556 XXX111.0rdinatus
2045 2515 2100 2556 est
2118 2518 2204 2573 JU·

1278 2568 1408 2608 LIUS
1440 2567 1556 2607 annis
1586 2580 1683 2607 XVI.
1716 2569 1911 2612 mensibus
1941 2587 2130 2629 quatuor.

1338 2624 1483 2667 Edifflo
1507 2624 1767 2668 Constantini
1789 2629 2015 2674 Gentilium
2047 2638 2202 2695 templa

1277 2683 1460 2726 subversa
1490 2683 1604 2726 sunt.

1337 2745 1517 2785 Romani
1550 2745 1706 2788 Gothos
1746 2746 1789 2788 in
1827 2749 2100 2795 Sarmatarum
2139 2771 2198 2800 re-

1275 2803 1393 2860 gione
1424 2803 1630 2845 vicerunt.

1335 2861 1534 2905 Constans
1565 2862 1666 2906 filius
1706 2866 1966 2910 Constantini
2004 2874 2194 2927 provehi-

1275 2933 1340 2964 tur
1370 2920 1420 2964 ad
1450 2936 1642 2979 regnum.

1368 2984 1631 3020 DALMATIO
1656 2986 1722 3021 ET
1745 2990 2047 3026 XENOPHILO.

1370 3035 1575 3070 QPTATO
1601 3036 1667 3070 ET
1693 3038 1931 3074 PAULINO.

1369 3085 1694 3120 CONSTANTIO
1719 3087 1784 3123 ET
1810 3090 2012 3126 ALBINO.

1334 3128 1623 3174 Constantinus
1653 3148 1744 3176 cum
1784 3136 1917 3178 liberis
1956 3137 2035 3183 suis.
2069 3141 2196 3184 hono-

1272 3189 1384 3257 risice
1415 3191 1465 3232 ad
1497 3192 1726 3236 Antonium
1757 3196 2013 3241 Monachum
2042 3200 2194 3244 litteras

1318 3265 1330 3290 l
1370 3262 1425 3290 lt.
1678 3289 1682 3292 .

1274 3265 1314 3291 m
1333 3261 1663 3351 ttNEPOTIANO
1687 3316 1755 3351 ET
1777 3318 2016 3354 FACUNDO
2026 3327 2084 3410 *T
2110 3370 2118 3377 ·

2085 3383 2136 3410 ri-

327 3454 344 3475 a
364 3447 401 3475 In
421 3443 584 3477 Auauario
602 3447 678 3478 tomi
701 3457 728 3479 1.
748 3446 888 3480 B.blioth.
911 3449 976 3481 ΜΝ.
998 3450 1049 3481 Ph.
1078 3449 1186 3482 Labbei
1200 3472 1213 3481 .
1266 3451 1392 3492 principe
1411 3451 1451 3482 (9-
1468 3453 1579 3483 cufim-e
1593 3454 1726 3490 Donato,
1743 3454 1903 3493 objicientes
1911 3458 2195 3500 Caecilianoquaedam

288 3486 374 3516 Arius
395 3486 509 3515 Panem
528 3485 567 3516 (9⁶
593 3485 700 3516 fitium
727 3488 766 3519 (9·
794 3488 1078 3528 Spiritum—Sanfium
1106 3501 1211 3529 negans
1270 3492 1405 3526 crimina,
1426 3501 1541 3530 quorum
1562 3494 1677 3524 nullum
1690 3494 1861 3533 probarunt.
1882 3497 1964 3528 Unde
1977 3501 2136 3537 pervicacia
2138 3501 2194 3540 sua

287 3525 373 3562 genius
391 3524 440 3563 effi·
459 3533 583 3559 nature,
602 3525 653 3554 ve!
670 3535 704 3556 ut
723 3528 865 3567 expreffius
894 3531 1022 3560 dicamus
1039 3550 1048 3565 ‚
1065 3531 1187 3569 ''effentiae
1201 3550 1211 3566 ,
1270 3533 1357 3561 etiam
1377 3530 1496 3561 haeretici
1509 3532 1583 3570 fiaffl
1592 3534 1673 3571 June,
1693 3532 1857 3573 baptizatos
1878 3537 1909 3565 in
1928 3538 2068 3569 catholica
2076 3541 2138 3569 reba
2156 3543 2195 3572 η’.

287 3563 331 3596 ita
340 3574 372 3595 ut
393 3564 488 3594 Filius
507 3566 596 3595 Patre
614 3565 722 3599 minor.
740 3568 867 3606 Spiritus
886 3578 979 3601 autem
992 3570 1109 3608 shnffus
1135 3570 1212 3600 Filio
1272 3580 1373 3604 zantes
1389 3590 1399 3606 ,
1422 3573 1460 3601 (9-
1480 3571 1510 3600 in
1530 3573 1676 3602 Trinitaete
1694 3574 1813 3604 deitatis
1832 3586 1918 3605 unam
1937 3579 2049 3614 quidem
2067 3580 2124 3618 fieb
2146 3591 2196 3611 an.

285 3605 373 3636 etiam
391 3603 526 3635 habeatur
547 3603 658 3642 inferior
672 3625 681 3634 -
700 3605 805 3638 Cetera
825 3617 856 3638 ut
877 3609 976 3648 supra.
1288 3613 1345 3640 iam
1365 3609 1541 3648 confitentes,
1554 3613 1609 3649 Jed
1626 3614 1732 3642 Filium
1753 3624 1806 3643 non
1826 3616 1957 3654 equalem
1966 3617 2067 3655 Patri,
2088 3620 2195 3660 <turpi-

288 3678 292 3683 ,
325 3643 344 3674 b
365 3645 556 3675 Aumatium
576 3645 650 3676 tomi
673 3653 699 3677 ι.
719 3643 859 3677 Biblioth.
882 3648 945 3679 ΜΠ.
972 3658 1053 3680 novae
1081 3649 1188 3680 Labbci
1203 3671 1212 3680 .
1270 3649 1495 3688 ritum-stancium
1515 3651 1647 3681 minorem
1667 3653 1754 3682 Fiilio
1765 3654 1934 3693 sentientes.
1959 3658 1993 3686 In
2003 3669 2087 3697 quam
2101 3661 2195 3701 impie-

284 3685 417 3715 Donatus
436 3685 616 3725 agnoscitur,
635 3696 654 3714 a
674 3696 727 3726 quo
743 3692 794 3724 per
812 3687 941 3725 Africam
962 3688 1112 3728 Donateflae
1125 3693 1211 3728 June.
1270 3700 1358 3720 ntem
1380 3691 1448 3719 ilos
1467 3689 1546 3720 alius
1566 3692 1695 3722 Donatus
1714 3712 1723 3728 ‚
1750 3694 1799 3733 qui
1818 3694 1856 3723 ab
1875 3697 1928 3725 illo
1947 3699 2047 3728 tertius
2059 3698 2120 3737 fuit
2140 3701 2194 3731 im·

284 3723 350 3765 ,Qui
361 3733 474 3764 propter
490 3725 673 3754 Caecitianum
694 3725 881 3772 Carthaginis
891 3727 1049 3768 Epfiopum
1059 3749 1068 3765 ,
1107 3731 1157 3759 uia
1169 3730 1211 3769 ip·
1264 3730 1365 3770 puliffe
1384 3730 1505 3761 dicitur.

278 3762 321 3803 Jis
339 3764 523 3796 renitentibus
541 3764 687 3795 ordinatus
715 3764 751 3804 est
765 3786 775 3803 ,
803 3776 834 3796 m
854 3766 983 3806 schisma
1007 3742 1105 3806 divisi?
1115 3769 1186 3809 sunt
1200 3790 1210 3805 ‚
1309 3779 1324 3800 c
1347 3769 1477 3805 Quidam
1498 3771 1621 3802 Codices
1640 3770 1753 3803 Chi-on.
1775 3772 1948 3814 Eusebiani,
1971 3775 2173 3819 philogonius.
