2652 4126
417 223 841 279 EXPOSITIO
884 234 960 276 1N
1009 217 1410 277 PSALMUM
1451 221 2023 278 chv11.&cx1‚v111.

163 341 177 357 ι
195 341 268 378 fone
289 361 297 376 ‚
317 318 428 375 Quia
458 318 496 358 8<
524 311 547 332 *
580 315 704 357 nubes
733 311 961 355 decidentes
991 312 1146 355 habent
1158 312 1240 356 vel-

167 374 194 388 ”
319 379 444 420 lerum
479 375 651 433 speciem
672 376 693 426 ,'
725 374 763 414 &
794 373 1028 414 nebularum
1058 385 1122 414 ros
1153 387 1236 414 non

317 437 437 479 aliter
467 449 586 493 qua-m
618 434 716 475 cinis
756 432 986 489 spargitur,
1026 443 1143 488 atque
1183 446 1235 473 ex

317 511 366 540 eo
397 509 507 537 terra·
533 492 775 551 pinguescit.
808 490 884 534 Sed
896 491 1150 533 sublimiusin
1170 490 1234 533 his

319 555 464 614 gratiae
487 556 569 597 Dei
580 566 701 610 opera
712 551 955 603 sentiuntur,
985 564 1059 607 per
1077 550 1235 593 nivium

320 615 471 658 velle'ra
492 613 706 655 vocatione
717 610 912 652 Gentium
924 609 1092 667 figurata
1103 639 1117 663 ,
1146 623 1231 666 quae

320 673 370 717 ad
409 670 701 716 conficiendum
732 668 1202 712 vestimentumChristi
1223 699 1236 722 ,

320 732 425 790 quod
455 731 509 775 est
532 730 739 782 Ecclesia,
770 731 812 771 in
843 729 1167 780 unumconfluit,
1196 730 1234 770 δε

321 793 364 835 in
396 789 564 848 idipsum
596 802 681 832 tota
712 789 959 841 contexitur,
983 801 1070 829 non
1082 788 1234 829 habens

322 851 524 894 maciila'rn
551 861 619 892 aut
650 855 789 906 rugam
809 870 830 900 ‚v
861 846 926 889 sed
958 847 999 888 in
1030 847 1098 888 illa
1130 848 1234 903 puri—

324 922 407 953 tate
439 909 622 952 mansura
641 939 655 962 ,
692 923 775 964 quae
807 920 953 949 aeterna
985 904 1237 962 glorificatio·

324 985 377 1013 ne
406 968 682 1027 resplendeat,
712 969 835 1024 sitque
866 967 909 1007 in
939 979 988 1008 ea
1018 979 1236 1064 compage,

145 1052 303 1091 Pfi103.2.
323 1029 372 1072 de
403 1044 479 1086 qua
501 1028 677 1087 Adicitur,
715 1027 900 1070 Dominus
928 1026 1081 1066 amictus
1127 1040 1239 1066 umen

314 1089 419 1147 sicut
448 1086 714 1144 vestimentum
735 1116 746 1127 .
787 1084 854 1128 Ad
884 1084 987 1142 quod
1017 1082 1240 1141 significan-

322 1148 417 1191 dum
435 1169 440 1174 ·
449 1148 668 1205 pertinuit,
695 1145 799 1204 quod
821 1144 936 1187 vestis
947 1143 1099 1186 Christi
1111 1158 1237 1186 trans-

322 1207 480 1265 figurati
510 1207 553 1249 ἐπ’
585 1218 747 1258 monte,
778 1205 872 1247 sicut
903 1205 972 1246 nix
1002 1204 1149 1261 legitur
1178 1218 1237 1245 re-

147 1249 302 1288 M⁸¹¹³⁷³
321 1267 482 1311 fulliss‘e'⁸
514 1267 590 1309 Per
620 1262 792 1307 nebulam
822 1276 959 1306 autem
989 1264 1239 1320 caligoigno-

322 1326 484 1380 rantiae,
512 1340 597 1383 qua:
628 1325 677 1367 ad
690 1324 930 1382 paenitentiae
949 1323 1125 1365 cinerem
1146 1337 1238 1364 con-

321 1387 457 1444 fugit,
483 1385 715 1428 ·indicatur.
758 1386 858 1426 Non
888 1384 1000 1424 enim
1029 1383 1236 1439 quisquam

145 1453 301 1499 Metto-¹3
322 1455 418 1490 ante
441 1446 703 1488 vocationem
732 1442 810 1486 dici
830 1441 945 1499 justus
956 1442 1108 1500 potest;
1140 1455 1236 1497 quo-

146 1492 300 1529 ¹'T¹”''''¹⁵
322 1499 435 1551 niani
475 1506 601 1548 Filius
640 1503 816 1546 hominis
849 1516 931 1544 non
972 1503 1086 1543 venit
1126 1500 1240 1556 justos

321 1567 493 1624 eligere,
523 1563 589 1608 sed
616 1574 844 1629 peccatores
873 1563 911 1611 ὃς
939 1561 1085 1622 impios
1113 1561 1240 1603 salvos

319 1626 474 1673 facere.
1043 1642 1045 1646 ·

378 1686 476 1747 Q?
496 1686 620 1727 mittit
656 1680 875 1740 crystallum
894 1682 1006 1738 suum
1020 1682 1134 1738 -sicut
1154 1680 1239 1737 fru-

330 1767 332 1769 ’
427 1745 495 1801 sta
517 1745 661 1804 panis:
698 1755 789 1784 ante
806 1742 948 1799 faciem
977 1742 1134 1803 frigoris
1147 1742 1240 1801 (ejus

436 1803 520 1860 quis
538 1802 767 1871 subfistqffi
815 1802 818 1805 ·

144 392 240 413 anCS.

142 892 304 936 Ephefi5a7

174 1684 213 1741 iv.
236 1713 282 1742 η.

317 1931 386 1964 tur
414 1922 458 1964 in
488 1922 738 1978 crystallum:
776 1925 855 1979 quo'
884 1919 1155 1978 significantur
1183 1922 1240 1963 la-

316 1979 439 2038 pidea
467 1982 586 2024 corda
616 1980 862 2034 infidelium,
890 1995 974 2037 quae
995 1981 1086 2036 gelu
1106 1981 1240 2021 nimiae

315 2039 526 2082 vetustatis
552 2040 761 2093 obstriRa,
789 2040 945 2082 nullutn
956 2041 1130 2082 calorem
1143 2041 1240 2082 San—

317 2098 550 2156 ffi-spiritus
578 2112 838 2156 receperunt.
872 2098 948 2141 Sed
980 2110 1064 2139 tam
1095 2111 1240 2157 potens

316 2158 375 2202 est
404 2159 534 2217 grat-ia
565 2160 683 2211 Dei,
719 2171 763 2201 nt
780 2170 887 2200 ·tam
919 2157 1113 2200 annosam
1156 2160 1240 2216 gla-

317 2219 420 2263 ciem
455 2218 577 2261 faciat
605 2218 776 2276 superno
806 2218 901 2276 igne
924 2216 1168 2270 fervescere,
1198 2220 1236 2259 8(

317 2279 482 2340 eosqui
511 2277 739 2334 crystallino
769 2277 915 2337 frigore
948 2277 1108 2320 fuerant
1118 2277 1240 2319 obdu-

317 2338 422 2390 rati,
443 2337 591 2380 afflatu
621 2337 686 2379 suo
718 2337 839 2380 saciat
869 2336 1163 2394 concalescere;
1194 2350 1237 2380 ut

318 2398 445 2447 etiam
474 2397 547 2453 ipsi
576 2397 645 2454 qui
675 2398 767 2438 vitae
797 2398 932 2439 cibum
971 2396 1201 2440 nesciebant
1224 2428 1238 2450 ,

141 2456 207 2488 56·
225 2465 258 2494 9.
274 2464 305 2488 ιι
318 2467 469 2511 panem
499 2456 613 2497 verbi
642 2456 844 2512 incipiant
862 2456 1108 2498 ministrare:
1139 2456 1236 2499 ficut

143 2497 212 2530 ω’·
319 2515 363 2554 in
386 2513 512 2554 beato
543 2514 665 2554 Paulo
693 2513 843 2556 fastum
871 2513 951 2569 est3
981 2515 1057 2569 qui>
1078 2528 1170 2555 cum
1180 2513 1237 2554 es-

317 2571 376 2613 set
415 2570 663 2613 credentium
702 2571 928 2627 persecutor
946 2600 959 2622 ,
1006 2570 1130 2611 faetus
1178 2569 1234 2610 est

319 2630 538 2687 Evangelii
569 2628 827 2687 praedicator.
866 2630 978 2686 Quis>
999 2639 1134 2669 autem
1164 2643 1234 2684 po-

317 2690 413 2733 terit
443 2688 664 2741 subsistere,
692 2702 812 2745 quem
823 2688 874 2730 ab
885 2688 962 2728 hoc
991 2687 1232 2744 frigoremm

138 2770 298 2809 &4249
316 2749 507 2791 liberavit
538 2747 746 2790 Chri-stus?
774 2748 843 2804 qui
854 2747 968 2789 venit
979 2747 1118 2803 ignem
1141 2747 1234 2788 mit-

315 2820 402 2850 tere
433 2807 477 2849 in
507 2817 656 2848 terram
679 2836 693 2860 ,
730 2807 774 2848 8(-
799 2805 849 2847 ad
879 2806 1082 2848 fervorem
1111 2804 1235 2859 fidei,

315 2865 421 2924 quod
452 2866 544 2924 gelu
573 2865 824 2909 infidelitatis
853 2866 1137 2923 obtorpuerat,
1165 2880 1234 2908 ex-

314 2927 465 2970 citare.
746 2935 748 2937 ·

165 3006 207 3046 5,
229 3009 275 3039 18.
321 3009 324 3011 ,
371 2986 544 3028 Emitm
572 2984 735 3027 verbum
753 2984 865 3042 suum
883 3015 898 3039 ,
936 2985 991 3028 ὁ*
1014 2983 1235 3042 liquefaciet

321 3067 324 3071 ·
429 3059 480 3088 ea-
492 3060 517 3100 5
544 3044 664 3103 flabit
693 3045 854 3105 spiritus
882 3046 960 3098 ejus
978 3076 993 3100 ,
1028 3046 1078 3090 (θ’
1101 3046 1231 3104 fluent

429 3120 557 3161 aquae.
785 3119 790 3134 2
1215 3131 1218 3134 -

372 3166 516 3207 Verbo·
542 3164 811 3222 Evangelicae²
829 3162 1121 3223 praedicationis
1152 3166 1230 3207 -ob-

316 3222 482 3266 duratio
502 3223 725 3269 infidelium
755 3225 923 3267 solvitur
942 3236 1025 3267 rut
1055 3224 1123 3266 fiat
1153 3226 1230 3268 hoc

136 3300 293 3340 ps,104‚40
316 3281 421 3339 quod
450 3283 546 3325 alibi
575 3282 724 3326 dietum
754 3284 809 3327 est
835 3315 849 3338 ,
884 3286 1014 3343 Rupit
1047 3297 1197 3343 petram
1215 3315 1231 3338 ,

312 3342 362 3384 Θ
381 3341 583 3399 fl'uker'unt
611 3344 918 3400 aquaerFlante
939 3343 1072 3386 autern
1105 3345 1228 3402 Spiri-

310 3412 380 3454 tu,
405 3402 514 3444 calor
541 3403 748 3446 charitatis
759 3403 982 3458 emittitur,
1011 3417 1054 3446 ut
1073 3418 1223 3447 terram

309 3459 512 3503 sitientem
551 3462 717 3504 flumina
746 3464 880 3520 rigent
899 3492 913 3516 ‚
951 3465 990 3505 8<
1027 3464 1076 3505 in
1103 3464 1222 3506 aridis

126 3537 292 3580 Joan.4‚144
309 3518 488 3562 cordibus
527 3518 597 3562 fiat
627 3521 718 3577 fons
755 3538 862 3578 aquae-
881 3520 1062 3578 salientis
1088 3525 1131 3566 in
1161 3525 1222 3565 vi-

305 3593 391 3621 tam
415 3592 612 3621 aeter-nami-
768 3608 770 3611 v
819 3606 821 3609 s
1023 3592 1025 3596 ’
1081 3593 1110 3612 ··
1145 3608 1148 3609 ν

364 3639 619 3683 Annuntians
647 3639 806 3685 ‘verbum
826 3640 938 3697 suum
939 3643 978 3696 J
978 3641 1089 3695 acob,
1107 3643 1219 3699 justi.

335 3737 340 3742 .
420 3699 492 3740 tias
519 3697 570 3740 G*
591 3697 734 3749 sufficia
750 3700 833 3755 'fub-
857 3699 998 3757 Isi-ach
1035 3728 1037 3731 -

404 3760 463 3800 S.
491 3757 693 3816 Prosperi-
982 3756 987 3758 ’

157 3655 197 3694 Y.
220 3665 266 3694 ¹9·

380 1862 515 1906 Nives
544 1874 766 1920 antiquitus
778 1861 983 1904 'obduratae
995 1873 1237 1903 conver-tun·
1305 1884 1309 1888 -

2108 241 2212 295 307

1360 314 1478 355 Dans
1508 313 1659 356 scilicet
1688 312 1939 356 intelleaum
1969 314 2146 366 vocatis,
2175 316 2214 356 &

1296 371 1510 427 justificatis
1529 403 1542 414 .
1582 372 1694 432 Quia
1723 387 1864 416 omnes
1894 387 1947 416 ex
1973 372 2214 430 quibuslibet

1295 433 1478 488 gentibus
1509 432 1623 474 eleffl
1643 461 1656 484 ,
1694 434 1814 488 Jacob
1845 434 1884 476 8<
1912 431 2034 475 Israel
2065 444 2213 474 nuncu-

1293 504 1463 547 pantur:
1493 492 1532 532 8(
1562 489 1716 534 discunt
1746 493 1886 535 omnia
1917 492 2001 535 Dei
2030 489 2215 548 justaefl‘e

1293 549 1437 606 judicia
1447 567 1460 606 ;
1501 565 1575 592 nec
1606 551 1756 608 aliquid
1786 553 1836 595 ab
1867 567 1916 594 eo
1945 550 2065 604 fieri,
2105 549 2213 593 unde

1291 609 1408 666 possit
1437 611 1668 667 ignorantia
1697 611 1877 655 humana
1906 610 2088 654 caussari:
2118 610 2213 668 quia

1297 668 1549 712 abundarent
1579 670 1705 712 etiarn
1745 672 1850 715 circa
1887 670 2002 728 justos
2032 674 2047 693 ⁸
2078 668 2212 713 cauffae

1296 729 1518 781 ultionum,
1548 729 1619 771 nifi
1651 729 1839 785 justitiam
1852 730 1962 774 suam
1991 730 2212 772 misericor-

1293 786 1359 829 dia
1391 801 1657 846 temperaret.

1351 850 1442 890 Non
1465 848 1564 903 fecit
1593 846 1725 891 taliter
1753 849 1857 891 omni
1887 849 2057 901 nationi,
2087 848 2138 891 δ’
2148 849 2213 898 ju-

1416 907 1512 947 dicia
1532 907 1606 962 sua
1635 924 1710 949 non
1739 908 2003 963 manifestavit
2031 910 2102 950 eis.

2260 848 2294 883 Ῡ.
2314 859 2364 885 ao.

1356 964 1630 1008 Altitudinem
1660 966 1895 1009 divitiarum
1926 966 2212 1024 sapientiaesuae
2231 969 2311 1000 Rom·
2343 978 2388 998 ¹1·

1299 1024 1399 1070 nulli
1431 1026 1544 1082 genti
1576 1026 1687 1067 Deus
1718 1026 1930 1069 voluiteffe
1943 1026 2215 1083 perspicuam,

1300 1098 1428 1141 neque
1459 1086 1643 1142 cuiquam
1675 1087 1829 1128 nationi
1847 1085 2083 1142 judiciorum
2095 1086 2216 1128 secre-

1298 1155 1340 1185 ta
1372 1154 1567 1200 patuere.
1609 1144 1686 1187 Sed
1725 1159 1776 1188 ex
1806 1146 1992 1188 omnibus
2030 1146 2217 1202 gentibus

1298 1217 1377 1244 una
1407 1202 1462 1245 est
1492 1216 1613 1260 gens,
1643 1219 1741 1246 unus
1771 1205 1827 1247 est
1857 1207 2050 1262 populus,
2078 1205 2146 1261 qui
2178 1204 2218 1248 se

1299 1263 1348 1304 ab
1380 1276 1528 1305 aeterna
1557 1263 1785 1321 perditione
1816 1278 1900 1307 non
1934 1264 2009 1306 suis
2049 1265 2219 1317 meritis,

1299 1320 1364 1363 sed
1405 1323 1488 1365 Dei
1526 1324 1656 1380 gratia
1697 1324 1888 1382 intelligit
1927 1324 2087 1367 liberari
2105 1339 2128 1376 ‚·
2179 1325 2220 1367 8<

1297 1395 1621 1439 unumquemque
1652 1382 1827 1425 fidelium
1858 1383 2083 1426 ministrum
2103 1382 2218 1425 mise-

1298 1441 1474 1484 ricordiae
1507 1443 1623 1495 Dei,
1662 1455 1705 1485 ut
1734 1442 1838 1500 quod
1869 1443 1911 1484 in
1944 1444 2036 1500 ipsis
2066 1442 2220 1486 faaum

1300 1499 1381 1554 est,
1410 1503 1535 1544 etiam
1565 1502 1608 1543 in
1639 1502 1727 1544 aliis
1757 1502 1850 1557 fiat,
1879 1504 1918 1545 8<
1938 1504 1980 1546 in
2013 1505 2214 1546 unitatem

1298 1563 1475 1604 confluat
1505 1560 1688 1604 universa
1717 1561 1925 1620 dispersio.
2203 1567 2206 1571 ’

1386 1682 1425 1723 Ρ
1448 1681 1475 1722 S
1506 1681 1547 1721 A
1577 1682 1612 1722 L
1646 1683 1695 1722 M
1729 1684 1772 1724 U
1805 1683 1831 1725 S
1894 1683 2140 1725 CXLVIII.

1300 1799 1529 1876 LAudate
1566 1800 1775 1844 Dominum
1812 1800 1861 1843 de
1896 1799 1995 1843 caelis
2014 1829 2030 1854 ,
2066 1798 2222 1841 laudate

1401 1874 1486 1900 eum
1513 1873 1556 1900 m
1583 1856 1765 1918 excelsis.

1314 1946 1319 1948 .
1395 1946 1398 1949 .
1568 1942 1573 1946 -
1620 1940 1623 1946 ι
1697 1940 1702 1948 ι

2234 1020 2281 1048 33·

2266 1801 2307 1838 Y.
2328 1813 2356 1834 ι.

1403 1980 1559 2038 Opulus
1589 1981 1707 2034 Dei,
1747 1981 1853 2037 cujus
1883 1979 2136 2024 conversatio
2163 1979 2218 2022 est
2239 2001 2345 2042 Philip,
2365 2012 2394 2041 3·

1428 2042 1471 2082 in
1503 2042 1626 2094 caelis,
1657 2042 1696 2083 8<
1726 2041 1830 2096 cujus
1861 2040 1951 2098 spes
1977 2042 2020 2082 in
2033 2041 2217 2082 Domino
2237 2051 2376 2122 {³71455

1303 2099 1399 2141 Deo
1429 2100 1570 2158 ipsius,
1600 2100 1650 2143 ad
1680 2100 1891 2158 supernam
1903 2100 2119 2157 Jerusalem
2129 2114 2218 2157 per·

1300 2158 1459 2213 tinens,
1488 2161 1527 2201 &
1548 2159 1596 2202 de
1629 2172 1776 2203 aeterna
1797 2160 2021 2202 langiorum
2043 2160 2219 2217 Angelo-

1296 2232 1385 2259 rum
1397 2218 1582 2261 societate
1594 2220 1674 2275 jam
1686 2219 1883 2277 gaudens,
1902 2219 2057 2262 exultat
2067 2219 2109 2261 in
2132 2220 2220 2276 Spi-

1294 2277 1377 2319 ritu
1391 2278 1487 2331 Dei,
1496 2281 1534 2321 8<
1546 2279 1771 2322 universam
1782 2293 2006 2321 creaturam
2016 2277 2221 2321 inlaudem

1298 2337 1482 2381 accendit
1514 2340 1742 2382 Creatoris.
1775 2340 1877 2382 Non
1908 2340 2000 2395 quia
2020 2339 2222 2381 omniair-

1298 2399 1555 2441 rationabilia
1592 2401 1632 2442 8<
1674 2398 1784 2441 sensu
1831 2398 2010 2439 carentia
2058 2397 2217 2453 possunt

1298 2458 1437 2497 Deum
1468 2455 1910 2512 propria'confeffione
1928 2454 2119 2496 laudare:
2149 2453 2217 2496 sed

1296 2514 1391 2567 quia
1421 2513 1526 2554 nihil
1555 2514 1610 2555 est
1639 2516 1682 2554 in
1714 2513 1973 2555 universitate
2003 2527 2161 2566 rerum,
2191 2527 2217 2556 a

1295 2569 1458 2612 summis
1489 2571 1606 2627 usque
1637 2571 1688 2613 ad
1718 2571 1881 2625 infima,
1910 2572 2015 2629 quod
2045 2587 2127 2615 non
2147 2572 2215 2615 sua

1294 2629 1519 2685 aqualitate
1549 2642 1701 2673 naturae
1730 2633 1956 2688 potentiam
1994 2631 2051 2673 sui
2081 2645 2214 2689 prote-

1293 2687 1416 2731 stetur
1443 2689 1632 2732 audior-is.
1664 2692 1849 2733 Duarum
1871 2692 2033 2748 proprie
2061 2704 2214 2734 creatu-

1264 2754 1266 2757 '
1293 2761 1429 2790 rarum
1457 2749 1514 2792 est
1543 2762 1630 2792 tota
1667 2750 1738 2792 ista
1776 2749 1952 2793 laudatio
1970 2780 1984 2804 ,
2021 2752 2212 2807 angelicae

1294 2807 1443 2851 scilicet
1473 2810 1511 2851 &
1541 2809 1752 2867 humanae3
1781 2825 1866 2868 quae
1896 2811 2006 2852 hunc
2024 2810 2211 2854 affeRum

1294 2882 1346 2909 ex
1385 2869 1506 2911 totius
1545 2869 1688 2912 mundi
1724 2870 2038 2913 consideratione
2079 2870 2210 2912 conci·
2238 2922 2240 2924 .

1294 2928 1415 2984 piunt
1435 2959 1448 2983 ,
1485 2940 1531 2971 ut
1570 2944 1661 2972 cum
1699 2930 1967 2973 laudatoribus
2006 2930 2093 2973 Dei
2123 2930 2211 2987 ipsa

1293 2986 1420 3030 laudis
1459 2990 1630 3032 materia
1663 2991 1801 3032 Deum
1831 2988 1991 3033 laudare
2020 2989 2177 3032 dicatur
2193 3018 2209 3032 .

1291 3048 1406 3105 Quia
1436 3062 1533 3105 ergo
1572 3049 1616 3091 in
1646 3049 1724 3093 hoc
1753 3051 1882 3092 officio
1901 3048 2077 3108 *calestia
2106 3049 2209 3091 obti-

1289 3121 1388 3150 nent
1419 3109 1692 3166 principatum
1710 3140 1723 3163 ,
1763 3111 1908 3152 merito
1946 3109 2039 3167 ipsis
2068 3109 2210 3167 primi·

1291 3178 1354 3209 tus
1384 3166 1553 3222 dicitur,
1582 3181 1626 3211 ut
1654 3169 1704 3211 de
1735 3169 1979 3212 excellentia
1996 3168 2208 3226 dignitatis

1290 3239 1342 3283 ac·
1349 3227 1629 3284 pulcritudinis
1639 3229 1712 3271 suae
1724 3230 1958 3272 inDomino
1967 3230 2204 3286 glorientur.

1349 3288 1523 3329 Laudate
1551 3303 1634 3330 eum
1663 3305 1787 3331 omnes
1816 3287 1962 3346 Augeli
1991 3289 2070 3339 ejus
2083 3316 2097 3340 ,
2124 3283 2204 3328 lau-

1404 3347 1491 3388 date
1519 3363 1604 3388 eum
1632 3364 1757 3390 omnes
1785 3349 1951 3390 virtutes
1977 3348 2076 3398 ejus.

1344 3406 1519 3447 Laudare
1546 3422 1630 3448 eum
1650 3406 1715 3462 fhl
1743 3406 1919 3460 &luna,
1947 3405 2101 3450 laudate
2119 3406 2203 3450 eiam

1402 3481 1526 3506 omnes
1544 3463 1671 3521 stellae
1701 3469 1751 3510 Θ*
1778 3466 1929 3508 lumen.

1343 3526 1519 3567 Laudare
1548 3541 1635 3567 eum
1660 3524 1742 3568 caeli
1769 3525 1947 3569 eaelorum
1976 3542 1995 3582 3
2021 3527 2072 3570 &e
2098 3543 2203 3584 aquae

1395 3601 1477 3640 quae
1498 3585 1615 3643 super
1643 3585 1747 3628 caelos
1766 3587 1899 3641 sunt,
2193 3598 2198 3603 “

1338 3644 1518 3685 Laudent
1547 3660 1680 3686 nomen
1711 3645 1890 3687 Domini.

1321 3698 1464 3745 'Nihil
1494 3702 1550 3746 est
1580 3705 1626 3745 in-
1645 3706 1892 3749 sublimitate
1908 3706 2075 3762 eaelesti,
2099 3676 2204 3765 quod

1748 3767 1838 3823 Qq·
1891 3780 1914 3808 2
2063 3782 2145 3814 non

338 3858 357 3881 ι
374 3850 422 3881 Ita·
442 3848 539 3891 Lugd.
558 3856 589 3881 et
606 3848 721 3882 Levan-
742 3832 851 3883 Melius
868 3860 958 3892 quam
974 3871 986 3890 ‚
1010 3853 1104 3894 cauffn
1129 3853 1286 3892 vitiorum,
1302 3854 1335 3886 in
1355 3854 1448 3888 Duae.
1466 3862 1496 3886 et
1515 3854 1624 3887 Colon.
