2652 4126
572 209 889 270 SANCT1
932 211 1361 275 PROSPERI
1404 217 1876 292 AQUITAN'i.

172 313 272 339 vcetera
291 306 386 340 bona,
407 304 439 337 ἃ
459 310 527 344 quoe
549 313 610 334 non
631 302 723 343 potest
744 302 844 335 haberi
865 305 923 336 fine
950 307 1052 338 ceteris
1072 307 1159 338 bonis
1178 328 1187 344 ,

175 346 282 387 quibus
302 347 394 376 honio
413 343 542 375 efficitus
561 344 673 378 bonus,
694 341 765 372 ibid.

217 386 362 416 Caritatis
380 384 557 423 descriptio,
577 394 626 419 44.
646 391 697 420 45.
718 383 816 419 Quam
838 386 989 417 neceslaria
1009 387 1187 425 adsalutem,

178 436 228 463 45.
247 425 382 466 Apostoli
403 424 509 459 verba,
532 425 631 454 i.Cor.
644 423 733 461 i3.de
754 434 788 454 ea
808 426 1011 465 explicantur,
1032 427 1188 459 ibid.an-

175 467 205 496 la
224 464 304 496 aRio
323 474 375 496 aut
395 465 504 506 pastio,
525 463 652 502 proderit
672 464 730 494 fine
750 464 912 501 charitate,
933 466 1004 496 ibid.
1025 468 1110 498 Nihil
1133 471 1187 499 crit

167 530 173 537 .
197 507 288 537 eccati
307 525 317 541 ,
339 504 514 537 damnabilis
537 524 545 538 ,
567 503 643 534 nihil
663 504 753 548 deerit
774 504 845 536 boni
867 507 902 536 iis
933 507 1040 547 quibus
1059 508 1186 540 charitas

217 546 479 577 norum-omniunt
501 552 592 574 mater
612 544 778 580 affluxerit.
799 545 870 575 ibid.
883 547 997 578 Omnia
1020 549 1097 579 bona
1118 549 1187 580 fide-

175 587 252 618 lium
274 597 336 617 non
356 585 462 618 virtuti
483 584 636 619 humanae,
658 584 704 615 sed
720 586 857 616 charitati
879 596 947 625 quae
962 588 1000 619 est
1021 599 1038 619 a
1061 589 1125 619 Deo
1145 591 1187 620 as.

168 626 334 667 -figtianda,
354 626 425 657 ibid.
439 624 577 656 Charitas
599 625 745 664 superiora
765 627 941 665 Scriptura,
964 637 1032 665 230.
1051 628 1186 660 Charita.

177 668 216 698 tis
237 675 417 707 preceptum
437 666 518 705 supet
537 675 641 696 omnes
660 666 749 696 libros
779 685 789 700 ‚
815 667 886 706 quia
906 668 981 700 nihil
1007 669 1187 700 eminentius

168 707 321 738 -charitate
342 707 373 737 in
393 705 503 737 divinis
524 705 622 741 libris,
647 715 714 744 ²3¹·
734 706 812 743 Quae
833 707 911 737 bona
931 718 966 738 ex
989 709 1045 739 Dei
1066 711 1100 743 ὅ(
1121 719 1188 750 pro-

176 747 251 778 ximi
271 746 414 778 charitate
434 746 609 780 nascuntur,
631 748 679 782 46.
700 746 840 777 Charitas
862 747 918 777 Dei
936 758 996 778 non
1018 759 1076 789 qua
1086 750 1189 780 nosdi·

170 787 265 827 digit,
287 786 334 818 sed
353 796 412 828 qua
431 796 485 816 nos
508 785 577 830 facit
598 786 639 816 sui
660 786 811 817 dilectores
831 787 902 818 diffu
911 789 981 818 saest
1004 790 1033 819 in
1045 791 1190 825 cordibus,

181 829 251 859 186.
268 827 410 858 Caritatis
432 825 499 857 miri
518 826 654 861 eftectus,
679 826 711 857 ἀ
729 837 820 868 quam
841 829 931 862 varii,
953 838 1003 865 44.
1020 831 1096 862 Haec
1105 841 1191 862 voca.

179 877 228 899 tur
247 867 284 899 ab
303 867 446 906 Apostolo
465 867 647 896 excellentior
666 869 720 897 via
740 887 748 902 ,
769 868 840 900 ibid.
870 869 949 904 Quia
970 870 1028 900 fine
1046 871 1190 902 charitate

173 918 242 939 -ηοη
263 907 410 938 ambulare
431 907 546 947 possunt
566 907 719 943 homines,
739 907 785 937 sed
806 918 918 945 errare,
939 908 1010 939 ibid.

219 948 349 979 Carnem
369 947 477 979 Christi
506 957 538 976 in
569 947 696 987 passione
726 947 890 979 confediam
919 949 1041 990 suscepit
1068 953 1192 992 populus

179 987 365 1019 Christianus
386 987 637 1023 manducandam,
660 990 709 1019 81.

218 1029 341 1060 Cernas.
360 1028 433 1058 Non
442 1027 575 1058 carnium
587 1035 698 1059 naturae
707 1029 897 1066 damnandae,
920 1030 964 1061 sed
985 1031 1113 1062 carnales
1121 1042 1192 1064 con-

179 1068 370 1107 cupiscemioe
390 1067 538 1114 fugiendae
547 1089 557 1104 ,
580 1070 629 1099 81.

217 1108 358 1140 Carnales
378 1118 430 1149 qui
449 1108 545 1139 adhuc
567 1107 682 1148 parvuli
704 1109 769 1140 sunt
791 1110 821 1140 in
842 1109 960 1141 Christo
978 1132 987 1147 ,
1020 1122 1086 1148 2¹4·
1107 1113 1192 1143 Fide-

179 1149 220 1180 les
239 1149 292 1189 qui
313 1157 374 1179 non
397 1149 552 1179 secundum
576 1149 672 1179 Deum
694 1150 804 1181 vivunt
815 1151 945 1181 carnales
964 1154 1091 1192 appellat
1113 1156 1192 1193 Apo-

177 1189 286 1225 stolus,
306 1196 357 1227 35.
377 1189 418 1219 Et
439 1189 513 1220 unde
537 1189 608 1220 tales
629 1197 732 1224 vocet,
760 1190 831 1222 ibid.

217 1229 424 1260 Carnutum
449 1229 790 1261 nominaProconsulum
813 1232 843 1261 in
855 1231 1192 1264 calculisebutneiscon-

176 1269 232 1301 scri
255 1277 287 1300 ta
305 1269 338 1299 in
358 1268 425 1300 foro
444 1270 610 1301 citabantur
629 1281 648 1301 a
662 1271 798 1309 praesenti
818 1272 930 1307 iudice,
951 1281 1066 1312 eratque
1088 1274 1193 1304 diesil-

177 1311 206 1341 le
237 1309 364 1340 olemnis
383 1309 441 1340 albi
465 1310 570 1341 citatio
595 1331 605 1347 ,
632 1318 698 1349 ¹3²·
719 1312 764 1342 Ibi
793 1314 844 1350 qui
867 1312 938 1342 bene
968 1323 1028 1342 rem
1052 1314 1193 1352 gesserant

177 1349 373 1421 ξῖᾳὲίώειηωι-
393 1370 403 1386 ,
431 1351 483 1390 qui
504 1349 585 1382 secus
605 1349 694 1382 sibilis
717 1351 917 1392 convitiisque
946 1353 1163 1392 excipiebantur
1183 1376 1192 1391 ,

177 1402 190 1420 1
208 1402 221 1421 l
241 1409 252 1422 a
401 1408 408 1425 ·,

217 1428 395 1471 Castigandi
415 1430 467 1471 qui
490 1430 605 1470 possunt
626 1431 688 1471 pati
709 1431 941 1471 increpationem
962 1453 971 1469 ,
1003 1434 1192 1474 impatientes

171 1470 396 1541 ηδίμῐςέῐίοηίε
417 1481 448 1503 ut
467 1471 600 1512 languidi
610 1472 769 1511 palpandi,
791 1482 851 1502 non
873 1474 1036 1510 adulando,
1058 1475 1192 1506 sedcom-

218 1519 279 1542 tien
299 1521 337 1546 o,
359 1520 408 1548 24.

176 1521 396 1583 paCatholicus
414 1550 482 1592 quis
501 1551 640 1583 dicendus
650 1553 705 1588 sit,
728 1562 793 1590 124.

172 1602 180 1616 ο
219 1592 403 1627 Cir-rium,
428 1596 493 1628 ¹⁶4·
517 1596 586 1631 165.
754 1607 756 1609 ·

217 1632 332 1663 Census
353 1640 486 1663 terrenus
505 1632 526 1663 fi
547 1632 654 1663 vitiose
674 1632 806 1673 diligitur
827 1654 835 1669 ‚
864 1644 924 1664 non
942 1633 982 1665 est
1005 1635 1193 1675 voluptatum

172 1672 320 1707 --materia,
343 1671 388 1703 sed
407 1673 560 1708 dolorum,
585 1683 631 1712 ²7·

221 1712 406 1753 Centuplum
427 1733 436 1744 .
458 1713 608 1745 Dominus
629 1712 684 1744 suis
705 1714 892 1746 vincentibus
911 1715 1049 1755 centupla
1076 1716 1194 1756 pollice-

177 1759 244 1788 tur,
260 1764 276 1789 7
300 1773 311 1785 ι

217 1763 372 1826 enimn
395 1794 579 1826 astronomiae
599 1793 710 1831 dediti,
733 1799 782 1831 67.

218 1833 380 1865 Citium-us
401 1834 558 1866 secundum
581 1845 699 1866 carnem
721 1836 798 1866 filius
821 1835 918 1867 David
934 1857 943 1871 ‚
967 1835 1121 1867 secundum
1144 1846 1193 1866 ve-

177 1882 214 1904 ro
232 1873 423 1906 divinitatem
445 1875 596 1906 Dominus
617 1876 714 1906 David
735 1877 766 1907 ἃ
787 1885 899 1907 creator
928 1877 1024 1907 David
1045 1899 1055 1913 ,
1076 1877 1111 1910 ἀ
1133 1887 1193 1907 non

171 1913 274 1945 -i'olum
294 1923 362 1944 ante
386 1915 499 1951 David,
522 1914 553 1946 ἃ
575 1923 644 1946 ante
666 1918 779 1952 Adam,
801 1927 835 1947 ex
855 1927 915 1956 quo
925 1927 1027 1947 omnes
1049 1917 1194 1948 homines:

178 1952 227 1985 sed
242 1954 279 1985 ’,δε
299 1960 369 1985 ante
390 1956 497 1987 caeluin
517 1955 549 1985 ἂ
572 1964 694 1992 terram,
716 1958 746 1987 in
768 1967 828 1997 quo
847 1958 947 1988 omnis
967 1966 1099 1988 creatura
1119 1957 1159 1988 est
1182 1977 1192 1992 ,

179 2003 249 2032 ²33·
269 1994 378 2039 Christi
401 1995 563 2027 adventum
584 1997 733 2035 praeconia
750 1998 885 2027 omnium
895 1998 1048 2037 spirituum
1071 1998 1192 2028 nuntia-

171 2041 267 2065 tunt.-
288 2043 378 2065 etiam
399 2045 448 2074 pet
467 2035 584 2075 linguas
604 2037 796 2067 inimicorum
818 2037 934 2067 suorum
956 2038 1066 2069 veritas
1087 2038 1189 2071 clami-

171 2073 274 2109 tavit,
299 2084 369 2106 ιιι,
388 2075 432 2105 De
451 2075 571 2108 Christo
591 2086 626 2106 eit
647 2077 774 2116 Virgine
796 2077 903 2113 1saias,
926 2078 1043 2118 Lucas,
1066 2078 1190 2113 Paulus,

169 2113 215 2146 2&
235 2114 366 2152 Sibylla,
390 2124 456 2144 iu.
480 2125 546 2151 ⁸13.
570 2117 738 2147 Maximum
763 2118 817 2148 Dei
837 2118 948 2148 donum
969 2128 1036 2149 cum
1057 2119 1190 2149 Christus

174 2151 269 2182 fastus
291 2153 332 2183 est
353 2153 437 2182 nobis
457 2162 545 2191 caput
567 2172 576 2186 ‚
598 2156 706 2195 nosque
728 2157 814 2192 ipsius
835 2158 965 2189 membra
984 2179 994 2194 ‚
1024 2167 1091 2196 233.
1110 2159 1191 2190 Cum

169 2201 298 2224 oramus
317 2192 357 2228 ad
376 2191 490 2226 Deum,
513 2201 565 2221 nec
588 2191 698 2223 Filium
722 2193 788 2222 inde
806 2195 986 2232 separamus,
1007 2199 1118 2229 &cum
1129 2204 1192 2236 pre-

176 2238 260 2264 catur
278 2240 385 2271 carptis
405 2231 495 2267 Filii,
517 2240 578 2261 non
599 2239 618 2259 a
639 2232 666 2261 se
687 2231 798 2271 separat
818 2240 906 2272 caput
929 2233 1008 2262 suum
1024 2253 1033 2266 ‚
1055 2235 1127 2263 ibid.
1147 2236 1191 2264 0—

175 2279 277 2300 ramus
296 2270 332 2299 ad
355 2269 454 2304 illum,
476 2278 526 2309 per
547 2269 649 2303 illum,
668 2269 700 2298 &
723 2271 753 2299 in
775 2271 844 2304 illo,
866 2271 939 2303 ibid.
958 2272 1192 2304 Christusetiam

174 2309 276 2341 infans
296 2309 468 2349 ignorantia
487 2308 600 2344 caruit,
622 2307 653 2339 &
673 2309 767 2338 animi
786 2308 964 2338 infirmitate
977 2324 996 2343 ,-
1011 2313 1192 2344 moventi.

176 2349 238 2380 ssus
257 2353 402 2390 particeps
423 2349 613 2380 mortalitatis
634 2347 740 2379 nossrae
757 2367 766 2382 ‚
787 2355 819 2378 ut
840 2356 894 2377 nos
921 2347 1103 2378 efficeremur
1127 2358 1192 2388 par-

179 2390 285 2429 ticipes
304 2389 471 2420 divinitatis
493 2389 606 2429 ipsius,
629 2397 696 2426 ²3²·
716 2388 782 2418 Nos
803 2387 961 2427 participes
983 2389 1069 2417 unius
1090 2388 1125 2418 ad
1148 2388 1192 2417 vi-

178 2439 260 2465 tam,
281 2429 330 2460 ille
353 2439 423 2460 vero
443 2428 479 2460 ad
501 2436 627 2458 mortem
649 2428 793 2468 particeps
814 2428 994 2463 multotum,
1016 2427 1086 2458 ibid.
1103 2427 1194 2458 Chri-

175 2469 307 2510 ssi-,suga
327 2470 358 2500 in
379 2469 555 2509 AEgyptum.
575 2468 650 2499 Osee
671 2467 897 2503 &Matthaeus,
922 2466 1192 2505 113.Chri·stuspa-

178 2511 311 2541 rentibus
332 2509 461 2540 subditus
482 2508 636 2539 secundum
659 2515 794 2538 naturam
817 2507 1000 2541 humanam,
1024 2516 1084 2536 non
1095 2506 1193 2536 secun-

174 2551 253 2582 dum
273 2550 409 2581 divinam
425 2570 435 2585 ,
456 2558 522 2584 255.
554 2549 632 2579 Patri
654 2546 848 2582 subjiciendus
869 2547 931 2587 post
951 2546 1092 2581 iudicium
1118 2555 1192 2586 quo-

173 2591 407 2625 mododicatur
433 2610 444 2625 ,
473 2589 544 2619 ibid.
563 2587 698 2619 Christus
725 2588 799 2618 solus
820 2598 855 2616 ex
881 2587 1006 2627 Virgine
1028 2588 1193 2618 natusiine

180 2631 390 2672 corruptione:
413 2630 488 2660 solus
509 2630 566 2659 sine
588 2636 707 2668 peccato
729 2639 763 2658 ex
786 2628 950 2667 Augustino
967 2648 977 2662 ‚
1008 2636 1073 2661 ιος.
1093 2628 1192 2666 Ange-

179 2673 277 2703 lorum
297 2671 396 2706 cibus,
417 2670 621 2701 incarnatione
643 2670 675 2699 fit
697 2669 776 2699 cibus
801 2669 955 2700 hominum
985 2687 994 2703 ,
1023 2677 1089 2704 2⁴9-
1119 2668 1192 2697 Non

181 2723 217 2743 ex
240 2710 471 2751 praecedentibus
493 2711 606 2740 meritis
634 2710 762 2739 humana
790 2717 893 2738 natura
921 2708 952 2738 in
973 2715 1088 2738 tantam
1107 2707 1191 2737 subli-

183 2753 320 2783 mitatem
341 2751 476 2783 subveGa
497 2751 528 2781 in
549 2749 686 2783 Christo,
709 2759 776 2786 259.
798 2748 925 2779 Verbum
946 2748 982 2780 &
1002 2758 1089 2782 caro,
1110 2747 1191 2777 Deus

182 2792 215 2824 ἃ
238 2793 328 2823 homo
349 2794 521 2831 unigenitus
542 2790 597 2820 Dei
619 2790 730 2824 Filius,
751 2790 821 2819 ibid.
845 2789 1006 2819 lnChristo
1027 2787 1191 2819 naturaliu-

184 2843 274 2863 mana
295 2833 510 2872 impeccabilis,
534 2841 598 2867 ¹49·
617 2831 750 2861 Christus
771 2830 915 2859 mediator
930 2837 1018 2860 nova
1038 2828 1109 2867 legis
1130 2837 1190 2858 non

184 2873 296 2909 solum,
318 2874 423 2903 veteris
444 2871 625 2902 Testamenti
649 2870 810 2901 vindifiiarn
823 2868 1015 2909 temperavit,
1035 2869 1080 2899 sed
1102 2869 1191 2898 etiam

186 2923 277 2945 novae
297 2914 371 2949 legis
392 2913 532 2943 mandata
552 2910 666 2941 addidit
692 2931 701 2946 ‚
729 2913 776 2948 83.
797 2910 870 2946 Quae
889 2910 1037 2940 contraria
1057 2918 1118 2939 non
1131 2907 1191 2938 resse

185 2953 245 2994 legi
266 2950 457 2984 ostenduntur
477 2973 486 2987 ,
513 2951 583 2982 ibid.
613 2952 648 2981 ln
671 2962 751 2981 novo
778 2960 892 2990 quoque
919 2949 1110 2980 Testamento
1131 2958 1191 2978 nori

186 3003 278 3034 parva
299 2994 431 3032 exempla
453 2991 589 3022 vindicias
611 2991 820 3031 processerunt,
836 2990 908 3021 ibid.
923 2989 1057 3020 Christus
1079 2989 1193 3018 intem-

187 3034 238 3074 plo
258 3034 383 3064 seniores
404 3035 601 3064 convincens.
621 3033 732 3064 Lucas,
754 3031 852 3060 Petrus
872 3030 902 3060 δι
924 3030 1028 3060 Paulus
1049 3049 1057 3062 ,
1077 3029 1192 3073 Isaiasff

189 3083 257 3110 114.
277 3074 321 3103 De
341 3074 488 3113 baptismo
508 3071 620 3104 Christi
640 3072 671 3102 δι
692 3071 860 3102 testimonio
882 3071 972 3100 Patris
987 3089 996 3104 ,
1015 3069 1086 3099 ibid.
1107 3068 1194 3100 Chri-

186 3114 246 3144 stus
267 3113 297 3143 in
323 3114 400 3144 Isaac
421 3113 577 3153 figuratus,
598 3122 646 3148 70.
666 3111 798 3142 Christus
808 3121 885 3142 mare
906 3108 1195 3150 pedibusambulans

188 3165 224 3184 ex
246 3154 363 3184 Davide
382 3174 391 3189 ,
422 3154 573 3185 Matthaeo
593 3153 652 3184 ἃς.
675 3161 741 3187 114.
762 3150 896 3181 Christus
916 3149 1056 3189 populum
1072 3148 1194 3193 'pascens

190 3196 221 3224 in
232 3194 472 3224 deserto.·David
483 3214 493 3229 ,
514 3193 620 3227 libias,
643 3188 1194 3231 Evangeiinae,&vi2au1usib.Chnssus

190 3243 322 3275 portatus
341 3235 428 3264 asello
448 3244 481 3264 ex
502 3233 644 3264 Zacharia
664 3231 894 3271 &Evangeliis,
915 3229 1116 3274 iis-Christus
1125 3238 1195 3258 ven-

190 3275 270 3305 ditus
290 3285 307 3304 a
325 3275 436 3311 Judaeis
459 3273 571 3304 transiit
591 3274 626 3303 ad
645 3280 765 3312 gentes,
786 3281 834 3309 74.
853 3269 988 3302 Christus
1005 3269 1093 3308 spinis
1111 3278 1196 3299 coro—

180 3316 350 3349 *natusse'n
359 3316 502 3350 Psalmo,
523 3314 696 3353 Evangeliis
716 3311 879 3350 &Sibylla‚
904 3309 969 3342 116..
985 3308 1196 3352 Christuscon-

190 3354 322 3386 tumeliis
343 3356 483 3386 saturatus
503 3375 512 3390 ‚
536 3354 624 3384 isaias
644 3375 653 3390 ,
676 3352 860 3392 Evangelia,
882 3349 1054 3386 Petrus,·&
1076 3349 1197 3388 Sibylla,

194 3405 261 3429 11ς.
284 3399 350 3426 116³
362 3408 380 3421 v

189 3447 210 3463 Ἀ
229 3435 338 3467 Christi
358 3437 437 3466 Crux
459 3435 490 3466 ἃ
511 3436 645 3469 vulnera,
668 3443 704 3464 ex
727 3431 819 3467 isaia,
842 3432 971 3466 Psalmo,
993 3429 1133 3464 Ieremia,
1156 3428 1196 3458 E-

191 3476 362 3516 vangelistis
380 3497 390 3511 ‚
414 3477 498 3506 Petro
517 3475 548 3506 ἂ
571 3475 679 3508 Paulo,
702 3476 768 3504 116.
791 3474 826 3502 ln
851 3472 948 3505 medio
967 3471 1115 3515 latronum
1133 3478 1195 3513 cru-

193 3517 293 3547 cifixus
314 3515 466 3547 Christus.
488 3516 592 3550 Isaias,
617 3514 813 3553 Evangelium
834 3512 865 3543 &
886 3512 1002 3544 Petrus,-
1023 3510 1091 3555 ibid.
1106 3508 1194 3538 Chri-

185 3557 229 3588 rsti
250 3557 424 3588 vestimenta
441 3557 550 3586 divisa.
572 3555 687 3588 David,
708 3555 854 3589 joannes,
875 3551 943 3581 ibid.
959 3548 1146 3580 Christicaro
1156 3549 1195 3594 se-

193 3597 338 3627 nesecndo
357 3597 397 3626 acl
411 3604 540 3626 :mortem
562 3591 1010 3626 etiamventurasuiss‘evidetur,
1036 3588 1194 3620 180.Chri.

193 3637 229 3668 sti
249 3637 325 3667 latus
345 3637 444 3666 lancea
464 3633 620 3674 percussum
631 3635 660 3664 in
681 3644 779 3666 cruce,
797 3632 873 3661 unde
884 3630 1194 3661 fluxeruntsacramen-

194 3687 244 3714 ta,
267 3681 333 3707 261.
352 3675 487 3707 Christus
505 3676 570 3704 selle
591 3674 620 3705 &
642 3682 725 3704 aceto
753 3676 868 3712 potatus
883 3692 890 3699 .
914 3670 1015 3701 psalm.
1033 3670 1163 3714 Joannes
1183 3689 1191 3702 ,

194 3717 226 3749 &
245 3717 378 3756 Sibylla,
400 3720 464 3746 iio.
489 3716 601 3746 Lancea
611 3713 766 3753 percussus.
786 3710 958 3754 Zacharias,
981 3709 1195 3745 Jeremiasdo-

190 3767 284 3788 annes
304 3777 313 3792 ,
337 3757 440 3787 Petrus
456 3776 465 3790 ,
486 3755 614 3791 joannes
634 3756 665 3783 in
687 3752 819 3793 Epistola
840 3771 848 3786 ‚
868 3751 899 3782 &
919 3750 1048 3788 Sibylla,
1069 3749 1138 3780 ibid.
1159 3750 1194 3778 In

189 3799 250 3836 ejus
271 3797 396 3838 pasiione
417 3796 482 3830 Sol,
505 3795 539 3828 ὅ(
560 3795 645 3825 Luna
664 3792 806 3823 obscurati
829 3793 912 3821 sunt:
928 3800 969 3821 >ex
993 3789 1069 3824 luel,
1094 3789 1193 3834 Evan-

186 3839 272 3878 geliis
293 3838 399 3871 Paulo,
425 3846 488 3869 117.
512 3835 619 3864 Velum
641 3834 742 3873 templi
766 3831 954 3862 scindendum
965 3836 1138 3869 praenuntiat
1151 3829 1194 3858 Si—

266 3879 296 3908 ς.
319 3878 441 3918 Prosperi
447 3898 456 3907 .

2136 253 2166 302 3
2184 253 2243 302 13

1237 309 1343 348 ,bylla,
1365 307 1436 339 ibii-
1458 309 1616 351 Sepelitur.
1637 310 1766 342 Psalmus
1792 321 1837 348 ις.
1856 311 1887 343 &
1906 313 1954 349 87.
1978 316 2159 357 Evangelia,
2178 320 2250 350 Pau-

1232 349 1310 379 .lus.·
1330 350 1365 383 &
1386 349 1496 387 Sibylla
1513 371 1522 386 ‚
1543 351 1614 379 ibid.
1636 353 1670 382 [n
1691 352 1802 382 Christi
1824 360 1919 383 morte
1948 354 2109 388 sanctorum
2130 369 2252 398 coi-pora

1247 391 1398 429 resurgunt
1416 389 1522 425 Isaias,
1545 391 1719 427 Matthaeus,
1743 392 1864 429 Paulus,
1887 394 2004 424 Petrus:
2027 397 2134 435 Sibylla
2151 419 2161 434 ,
2180 399 2252 432 ibid.

1247 429 1413 475 Resurrexit
1435 430 1522 461 tertia
1541 430 1606 466 die,
1627 432 1762 467 chsee,
1786 433 1899 468 David,
1924 435 2111 475 Evangeliis,
2132 438 2220 469 Paulo
2240 461 2250 476 ,

1247 468 1318 499 ibid.
1339 469 1451 500 Christi
1471 471 1684 502 contumeliosa
1703 472 1795 503 Paffio
1815 474 1999 504 credentibus
2018 476 2136 507 Christo
2154 479 2192 508 est
2202 489 2252 510 vc·

1247 519 1279 539 ra
1299 509 1435 545 libertas,
1455 512 1502 547 69.
1524 510 1656 542 Christus
1679 512 1709 542 in
1731 521 1875 552 quantum
1894 514 1987 545 homo
2006 525 2023 546 a
2055 516 2120 546 Deo
2139 518 2254 549 suscita-

1248 557 1309 595 tus,
1330 551 1361 580 in
1383 559 1528 590 quantum
1553 552 1631 582 Deus
1651 562 1668 582 a
1688 552 1714 582 se
1735 554 1798 593 ipio
1818 574 1827 589 ,
1849 555 1915 589 258.
1944 554 2079 587 Christus
2105 559 2254 597 quomodo

1247 591 1383 628 primitiae
1404 590 1633 631 resurgentium,
1655 601 1722 622 cuni
1743 592 1803 632 ipse
1823 602 1954 625 mortuos
1976 594 2119 626 suscitarit
2144 617 2155 632 ,
2185 608 2251 634 ¹¹7·

1247 629 1329 675 Idem
1346 629 1471 676 'testatur
1492 631 1619 670 Sibylla,
1639 631 1710 661 ibid.
1730 633 1863 664 Christus
1881 634 2012 674 spiritum
2033 636 2154 675 duplum
2170 638 2253 668 disci-

1248 670 1322 709 pulis
1344 671 1487 706 initudit,
1509 671 1594 702 semel
1615 671 1678 712 post
1698 672 1936 705 resurrectionem
1957 694 1967 710 ,
1988 675 2111 706 secundo
2132 687 2201 708 vero
2222 681 2254 711 in

1247 709 1295 740 die
1317 710 1498 741 Pentecostes
1522 721 1587 750 ¹03·
1610 714 1674 742 Nec
1694 720 1793 743 tamen
1815 714 1873 743 duo
1894 714 2018 753 Spiritus
2039 715 2122 751 sunt,
2143 718 2188 747 sed
2210 718 2254 760 ip-

1250 749 1278 779 se
1300 750 1376 781 idem
1399 751 1603 791 multipliciter
1623 761 1802 793 praerogatus
1812 753 1848 783 ab
1869 754 2254 790 individuaTrinitateibid.

1249 790 1363 821 Christi
1385 801 1504 833 regnum
1525 792 1620 831 lapide
1640 793 1798 824 absciffode
1818 795 1985 824 monteline
2002 795 2154 831 manibus,
2177 797 2253 828 Deus

1250 830 1280 860 ὃ(
1302 832 1393 861 homo
1414 842 1447 860 ex
1471 832 1596 871 Virgine
1618 841 1702 862 natus
1718 854 1727 869 ‚
1759 839 1824 867 106,
1846 835 1979 874 Regnum
1999 836 2110 866 Christi
2131 847 2252 869 omnem

1252 878 1359 902 terram
1382 871 1515 911 implebit
1534 892 1542 906 ‚
1564 872 1594 903 ἃ
1617 873 1796 911 permanebit
1817 875 1847 904 in
1868 883 2008 905 aeternum
2028 885 2040 904 .·
2069 875 2124 906 hoc
2143 880 2254 909 orando

1253 911 1327 949 petit
1348 911 1474 942 Ecclesia
1495 922 1562 942 cum
1584 912 1673 947 dicit,
1694 914 1831 943 adveniat
1840 925 1951 954 regnum
1970 923 2068 951 tuum,
2086 915 2155 946 ibid.
2166 918 2254 948 Chri-

1240 950 1287 981 ,sti
1310 961 1418 981 nomen
1440 962 1456 982 a
1478 952 1634 982 chrismate
1653 953 1780 989 dicium,
1800 963 1869 989 252.
1887 954 1957 985 Ideo
1977 955 2063 987 unxit
2083 966 2136 986 nos
2156 977 2165 993 ,
2185 959 2255 998 quia

1251 990 1404 1022 luctatores
1426 1000 1527 1023 contra
1548 992 1696 1023 diabolum
1716 993 1802 1028 fecit,
1822 993 1892 1025 ibid.

1289 1031 1489 1063 Christianum
1511 1042 1618 1062 nomen
1641 1032 1680 1062 est
1702 1042 1811 1063 novum
1832 1033 1910 1073 quod
1921 1043 2009 1065 terras
2022 1036 2167 1072 obtinuit,
2190 1040 2258 1070 118.

1250 1071 1485 1103 Christianorum
1508 1073 1567 1111 spes
1588 1083 1656 1112 quae
1678 1072 1727 1108 fit,
1750 1082 1818 1108 245.
1839 1073 2051 1106 Christianiani
2067 1077 2255 1117 quimalevi-

1253 1120 1326 1141 vunt
1349 1113 1484 1145 iniuriam
1505 1112 1625 1143 Christo
1644 1113 1772 1147 faciunt,
1794 1124 1861 1150 29²·

1290 1152 1481 1183 Circumcisio
1501 1155 1569 1183 data
1592 1153 1733 1188 Abrahae,
1754 1158 1801 1190 69.
1824 1154 1893 1184 Cur
1906 1155 1937 1183 in
1958 1156 2117 1195 pxaepuiio,
2139 1167 2198 1187 non
2208 1168 2255 1188 au.

1251 1199 1309 1221 tem
1330 1192 1361 1222 in
1382 1192 1442 1223 alio
1464 1192 1597 1223 membro
1611 1214 1621 1230 ,
1641 1194 1712 1223 ibid.
1731 1193 1923 1223 Circumcifio
1943 1196 2131 1232 parvulorum
2151 1197 2256 1227 oeiava

1250 1233 1297 1262 die
1317 1231 1377 1262 fieri
1398 1241 1562 1272 praecepta,
1585 1234 1655 1273 quia
1675 1232 1807 1264 Christus
1826 1235 1873 1263 die
1894 1234 2054 1265 Dominico
2075 1237 2226 1267 resurrexit
2242 1258 2255 1273 ,

1252 1282 1318 1309 209.
1339 1273 1530 1304 Circumcifio
1550 1275 1644 1304 cordis
1656 1273 1777 1313 figurata
1797 1276 1829 1304 in
1850 1274 2065 1305 circumcisione
2074 1277 2187 1313 carnis,
2208 1281 2257 1313 69.

1252 1313 1293 1342 Ut
1315 1313 1345 1342 hi
1365 1314 1418 1353 qui
1440 1314 1471 1343 in
1492 1324 1590 1344 eremo
1611 1314 1674 1343 nati
1695 1314 1830 1350 Jordanis
1857 1314 1887 1344 in
1915 1316 2033 1345 transitu
2057 1317 2148 1347 abluti
2169 1337 2179 1352 ,
2200 1318 2258 1346 cir-

1250 1353 1458 1383 cumcisionem
1479 1363 1513 1384 eit
1535 1354 1659 1384 cultellis
1680 1353 1860 1394 susceperunt
1882 1354 2026 1394 petrinis:
2047 1358 2083 1386 lic
2105 1357 2203 1386 omnis
2223 1358 2256 1387 iti

1251 1393 1395 1433 baptismo
1415 1394 1597 1424 consecratus
1618 1404 1651 1424 cx
1671 1403 1754 1434 petra
1773 1393 1891 1425 Christo
1912 1395 1998 1425 corde
2017 1396 2260 1436 circumciditur,

1249 1442 1299 1470 9²-
2269 1459 2271 1461 .

1292 1474 1401 1504 Clerici
1429 1482 1615 1514 peccatorum
1644 1474 1782 1515 gravium
1809 1475 1848 1505 rei
1877 1485 1946 1506 ante
1974 1475 2181 1507 conseffionem
2204 1481 2257 1507 nec

1250 1515 1469 1545 communicare
1488 1515 1611 1550 debent,
1635 1525 1687 1545 nec
1707 1515 1838 1545 officium
1862 1515 1941 1546 suum
1958 1516 2097 1556 implere,
2118 1517 2258 1552 25.Alias

1250 1554 1373 1593 duplicis
1394 1556 1505 1593 peccati
1529 1557 1569 1585 rei
1590 1555 1698 1590 futuri,
1718 1555 1788 1585 ibid.
1809 1556 1969 1591 Quomodo
1990 1557 2138 1596 illipotius
2159 1557 2256 1586 Deum

1253 1595 1364 1634 placare
1384 1595 1526 1630 debeant,
1546 1595 1617 1625 ibid.
1639 1595 1748 1625 Clerici
1769 1596 1820 1635 qui
1843 1596 2058 1635 posseslionibus
2079 1597 2133 1627 suis
2154 1607 2261 1627 renun-

1254 1635 1325 1664 tiare
1347 1644 1406 1665 non
1429 1635 1563 1675 ponunt,
1581 1635 1640 1665 sine
1661 1643 1781 1674 peccato
1801 1636 1944 1675 possident
1964 1637 2011 1667 sua
2025 1657 2034 1672 ,
2055 1635 2075 1666 fi
2096 1646 2159 1677 quae
2180 1647 2260 1666 acce·

1254 1675 1332 1713 pturi
1352 1684 1435 1706 erant
1455 1675 1493 1706 ab
1515 1676 1640 1705 Ecclesia
1660 1676 1837 1715 accipiunt,
1867 1686 1913 1711 27.
1934 1677 2022 1712 Quod
2043 1676 2064 1706 fi
2086 1685 2190 1717 potant
2211 1677 2260 1707 de·

1253 1714 1346 1745 forme
1366 1714 1419 1746 effe
1441 1716 1466 1745 se
1487 1726 1624 1755 pauperes
1644 1715 1741 1750 reddi,
1763 1715 1903 1746 noverint
1922 1716 2081 1747 deformius
2101 1717 2153 1746 esse
2162 1716 2260 1755 posses-

1254 1755 1328 1785 sores
1349 1755 1383 1785 de
1404 1755 1598 1794 eleemosynis
1618 1766 1775 1796 pauperum
1798 1757 1892 1795 pasci,
1913 1756 2261 1796 ibid-Clericiquospau-

1253 1805 1336 1835 peres
1356 1802 1407 1826 aut
1429 1795 1566 1825 voluntas
1586 1803 1637 1826 aut
1658 1796 1806 1825 necessitas
1815 1796 1903 1830 fecit,
1926 1795 2105 1826 laudabiliter
2114 1797 2262 1834 accipiunt

1254 1835 1290 1865 ab
1312 1834 1439 1865 Ecclesia
1462 1836 1534 1866 vitae
1556 1834 1706 1866 necessaria
1721 1857 1732 1874 ‚
1756 1840 1802 1865 26.
1823 1836 1946 1866 Clericis
1961 1854 1972 1870 ,
2000 1835 2021 1865 fi
2049 1845 2108 1866 non
2136 1836 2261 1869 habeant

1255 1876 1332 1906 unde
1355 1875 1459 1905 vivant
1488 1896 1497 1911 ‚
1528 1875 1654 1905 Ecciefia
1676 1886 1736 1905 non
1758 1875 1854 1905 reddit
1875 1877 2031 1914 praemi'um
2053 1876 2158 1906 laboris
2178 1896 2187 1909 ,
2216 1875 2261 1906 sed

1255 1915 1408 1947 neceslatia
1428 1914 1560 1956 praestat,
1581 1915 1651 1944 ibid.
1660 1915 1768 1944 Clerici
1790 1916 1836 1944 sua
1846 1915 2017 1955 poffidcntes
2040 1924 2098 1945 non
2108 1916 2165 1946 sine
2176 1925 2261 1955 gran-

1250 1957 1279 1989 di
1302 1964 1422 1996 peccato
1443 1956 1480 1985 ab
1501 1956 1626 1986 Ecclesia
1647 1954 1757 1995 aliquid
1779 1955 1947 1994 accipiunt,
1967 1954 2038 1983 ibid.
2060 1955 2264 1986 Peccarisalie.

1251 1998 1299 2028 nis
1318 1997 1367 2027 sua
1389 1996 1603 2035 multiplicant,
1623 1994 1694 2026 ibid.
1709 1995 1772 2025 Nec
1792 1995 1902 2025 Clerici
1925 1995 2041 2034 propria
2063 1996 2200 2026 habentes
2209 1997 2262 2026 ali-

1250 2037 1322 2077 quid
1343 2036 1491 2075 accipiant
1513 2036 1548 2066 de
1569 2035 1654 2066 bonis
1674 2035 1805 2066 Ecclefiae
1820 2055 1829 2070 ,
1851 2045 1905 2065 nec
1933 2034 1984 2074 ipsi
2005 2045 2142 2074 pauperes
2164 2036 2215 2075 qui
2236 2036 2263 2066 se

1252 2077 1368 2117 possunt
1388 2077 1444 2106 suis
1465 2076 1595 2106 artificiis
1616 2084 1666 2105 aut
1687 2074 1831 2105 laboribus
1841 2075 1988 2114 expedire,
2010 2076 2080 2105 ibid.
2095 2076 2262 2116 Clericiqui

1252 2117 1388 2149 Ecclesiae
1410 2116 1538 2146 serviunt
1557 2136 1566 2151 ,
1594 2116 1613 2145 fi
1634 2125 1667 2145 ea
1686 2115 1792 2154 quibus
1812 2126 1885 2155 opus
1905 2125 1967 2146 non
1987 2115 2096 2146 habent
2117 2124 2150 2146 ut
2170 2116 2263 2146 labori

1253 2158 1302 2189 suo
1320 2158 1418 2189 debita
1437 2157 1580 2197 exigunt,
1601 2156 1690 2185 nimis
1710 2155 1864 2186 carnaliter
1882 2155 2017 2195 sapiunt,
2038 2155 2109 2187 ibid.
2127 2156 2263 2187 Ecciefiae

1248 2198 1377 2231 fideliter
1397 2197 1571 2232 servientes,
1584 2196 1809 2236 'nonstipcndia
1830 2203 1944 2226 terrena
1954 2196 1997 2226 sed
2018 2204 2130 2227 aterna
2141 2197 2262 2236 praesnia

1253 2237 1416 2272 exspeflare
1436 2237 1559 2270 deberit,
1579 2235 1651 2264 ibid.
2248 2241 2255 2255 2

1291 2273 1440 2304 Columba
1467 2275 1549 2310 super
1576 2273 1726 2301 Christum
1751 2272 1935 2310 baptizatum
1963 2285 2015 2302 eur
2043 2276 2262 2310 descenderit,

1273 2322 1450 2388 4ἓῖὀὲἰῐιιιὶο
1472 2350 1564 2388 turpis
1585 2357 1712 2378 mentem
1735 2349 1884 2386 inquinat,
1911 2349 2191 2388 honessapurificat‚
2215 2344 2262 2390 38.

1251 2387 1379 2418 Primam
1402 2388 1472 2418 boni
1493 2387 1707 2427 cogitationem
1730 2387 1809 2417 Deus
1830 2388 1859 2416 in
1869 2388 1985 2418 occulto
1996 2389 2136 2427 inspirat,
2156 2391 2243 2426 187(

1276 2427 1463 2459 -Gonciiium
1491 2428 1600 2455 ,Africae
1629 2427 1791 2456 universale
1813 2433 1916 2456 contra
1942 2428 2073 2459 haeresim
2092 2431 2261 2469 Pelagii&

1251 2464 1395 2500 Caeleffli,
1417 2473 1478 2500 ¹7¹·
1497 2465 1628 2495 Concilii
1650 2465 1760 2497 Asricae
1781 2466 1949 2497 universalis
1965 2468 2261 2510 Carthagine-habiti

1251 2515 1380 2536 canones
1400 2506 1530 2544 aliquot,
1551 2505 1622 2534 ibid.
2097 2540 2099 2543 .
2196 2526 2214 2539 --
2244 2508 2247 2510 ’

1290 2545 1560 2585 Concupiscentia.
1582 2546 1650 2575 Hoc
1670 2545 1829 2585 periculosa
1848 2547 1958 2579 animae
1979 2549 2087 2589 ingerit
2105 2551 2258 2590 aegritudo,

1252 2594 1283 2616 ut
1303 2585 1392 2615 noxia
1414 2585 1526 2615 sumere
1547 2584 1619 2615 velit
1645 2595 1658 2619 ;
1686 2586 1722 2618 δε
1742 2596 1805 2626 quae
1826 2587 1910 2618 utilia
1931 2590 1997 2619 sunt
2016 2590 2047 2621 δε
2068 2590 2148 2620 saluti
2172 2591 2260 2630 profi.-

1252 2627 1335 2657 ciunt
1357 2634 1478 2660 renuat,
1501 2626 1548 2655 88.
1568 2624 1884 2665 Concupiscentianon
1905 2629 2060 2664 naturalis,
2083 2630 2127 2661 sed
2149 2639 2259 2661 naturae

1251 2666 1407 2705 poenalitei·
1428 2666 1538 2700 indita,
1562 2673 1610 2703 37.
1631 2665 1703 2695 Non
1725 2666 1764 2696 est
1785 2667 1942 2703 naturalis,
1964 2669 2009 2699 sed
2030 2669 2135 2701 vitiosa
2156 2689 2168 2705 ‚
2183 2671 2258 2701 ibid.

1250 2706 1502 2746 Concupiscentia
1522 2705 1618 2735 earnis
1638 2714 1728 2745 quam
1750 2707 1842 2742 mala,
1863 2718 1911 2743 79.
1933 2708 2180 2749 Concupiscentia
2196 2720 2260 2750 pra-

1252 2757 1308 2783 va,
1329 2746 1383 2777 nisi
1404 2747 1430 2776 ci
1451 2745 1624 2779 assentiaris,
1647 2755 1708 2775 non
1728 2746 1766 2775 est
1790 2756 1958 2785 peccatum,
1980 2752 2027 2780 80.
2043 2750 2260 2789 Concupiscen-

1251 2787 1294 2818 tia
1314 2796 1374 2817 non
1395 2786 1489 2821 bona,
1510 2795 1576 2815 cuin
1599 2785 1625 2814 ei
1646 2785 1679 2815 fit
1699 2785 1902 2823 resistendum,
1924 2792 1990 2823 169·
2011 2789 2258 2828 Concupi¹centia

1251 2828 1347 2858 carnis
1368 2826 1398 2857 ἁ
1417 2827 1478 2866 ipsa
1499 2835 1561 2855 nori
1582 2823 1639 2854 fine
1661 2825 1792 2865 superbia
1811 2846 1822 2862 ,
1851 2829 1898 2865 38.
1926 2828 2079 2858 ordinarii
2100 2829 2134 2859 de
2157 2830 2260 2859 mulie-

1252 2868 1330 2897 ribus
1351 2867 1497 2897 sermones
1517 2874 1552 2895 ex
1574 2865 1710 2895 interiore
1730 2866 1967 2904 concupiscentia
1988 2867 2144 2899 nascuntur
2165 2889 2175 2903 ,
2196 2880 2245 2907 39.

1251 2907 1400 2939 Confeffio
1420 2927 1429 2936 .

1253 2947 1382 2988 peccati,
1405 2955 1472 2982 ²39·
1491 2944 1648 2980 Quomodo
1670 2945 1698 2974 id
1721 2945 1844 2984 praessari
1867 2946 1967 2984 possit,
1986 2946 2053 2978 ibid.
2063 2947 2259 2980 Conseffionis

1253 2989 1423 3028 spontanea:
1443 2987 1477 3019 &
1501 2984 1686 3024 paeuitemiae
1707 2985 1837 3021 utilitas,
1860 2996 1906 3021 25.
1928 2985 2078 3018 Confessio
2098 2989 2259 3029 spontanea

1253 3027 1438 3068 peccantium
1460 3026 1586 3064 benigne
1606 3023 1783 3064 suscipienda
1798 3046 1807 3061 ,
1831 3036 1875 3061 24·
1896 3025 2044 3057 confeffio
2072 3036 2259 3067 peccatorum

1253 3067 1329 3108 apud
1351 3066 1551 3098 Sacerdotem,
1572 3073 1619 3100 24.
1633 3073 1680 3099 κς.

1263 3125 1266 3127 Δ
1291 3108 1460 3146 Coniugum
1482 3105 1579 3135 officia
1598 3105 1635 3135 ad
1656 3105 1785 3136 invicem
1807 3125 1816 3140 ‚
1840 3115 1883 3136 22.
1906 3106 1981 3146 apud
2002 3106 2099 3137 fideles
2120 3108 2259 3149 conjuges

1256 3156 1325 3180 vera
1347 3147 1438 3177 virtus
1459 3146 1613 3180 castitatis,
1637 3147 1704 3176 168.

1293 3185 1553 3225 Conjunflioribus
1573 3186 1690 3225 quando
1710 3185 1834 3224 amplius
1855 3186 1984 3225 impendi
2005 3188 2109 3222 liceat,
2132 3186 2180 3222 46.

1292 3227 1481 3259 Conscientia
1502 3226 1659 3265 impiorum
1682 3225 1774 3264 platea
1795 3226 1927 3255 civitatis
1947 3237 2067 3266 magnae
2093 3227 2228 3258 Sodoma
2248 3248 2257 3264 ‚

1250 3268 1455 3309 plaudentium
1477 3267 1506 3295 in
1535 3273 1627 3296 morte
1655 3265 1817 3295 sauciorum
1839 3266 1917 3304 quod
1944 3268 2091 3298 acerrimis
2110 3268 2191 3306 quati
2212 3277 2259 3297 ca-

1255 3309 1367 3339 ruerint
1389 3306 1533 3340 inimicis,
1557 3306 1621 3336 128.
1642 3304 1842 3337 Conscientiae
1861 3306 1995 3337 omnium
2026 3309 2057 3339 in
2085 3308 2133 3338 die
2156 3307 2257 3342 iudicii

1255 3348 1410 3389 patefient,
1431 3357 1479 3384 43.
1498 3345 1694 3376 Conscientia
1715 3345 1884 3384 peccatricis
1906 3346 2086 3383 tribulatio,
2114 3356 2228 3387 ,quanta
2248 3368 2257 3381 ,

1256 3396 1324 3425 24²-
1348 3387 1425 3417 Deus
1445 3395 1542 3416 tamen
1564 3386 1677 3419 adiutor
1697 3384 1873 3415 dimittendo
1893 3395 2009 3425 peccata
2037 3409 2046 3424 ,
2075 3387 2145 3418 ibid.
2173 3387 2255 3426 Con·

1254 3429 1385 3459 scientiae
1407 3425 1515 3456 stimuli
1537 3426 1600 3455 sunt
1620 3434 1716 3464 poenae
1736 3425 1911 3464 gravissima
1925 3446 1934 3460 ,
1956 3437 2006 3465 43.

1294 3467 1456 3498 Consilium
1484 3467 1539 3496 Dei
1562 3464 1693 3494 fidelibus
1718 3465 1953 3496 adnuntiandum
1976 3468 2006 3496 in
2027 3477 2087 3507 quo
2108 3467 2193 3497 situm
2212 3467 2257 3504 sit,

1257 3518 1289 3539 22

1450 2904 1513 2936 Post
1533 2904 1737 2935 confeffionem
1767 2905 1926 2936 curandum
1955 2914 1986 2937 ut
2013 2907 2128 2938 sanetur
2155 2910 2260 2939 vulnus

1245 3569 1247 3571 ·
1291 3529 1463 3585 Consparfio
1485 3546 1529 3576 seu
1540 3543 1670 3575 Masiaeit
1692 3545 1805 3580 Adam,
1826 3545 1883 3576 alia
1902 3550 1935 3575 ex
1961 3546 2126 3581 Abraham}
2152 3557 2163 3576 i
2193 3550 2231 3592 '33

1252 3588 1474 3619 Consi-nmmo
1497 3588 1676 3624 Imperatore
1690 3605 1700 3621 ,
1721 3585 1882 3615 Donatiani
1902 3585 2045 3616 confutati
2073 3607 2082 3623 ,
2110 3588 2144 3620 δι
2209 3593 2254 3618 ius

1253 3627 1372 3669 punitus
1393 3636 1409 3655 a
1432 3627 1603 3660 Deo‚.120.
1848 3650 1851 3652 .
2073 3651 2075 3654 ,
2123 3631 2125 3634 ⁴

1293 3666 1482 3697 Consuetudo
1503 3665 1606 3695 vitiosa
1625 3673 1712 3704 quam
1734 3675 1814 3704 aegre
1828 3665 1986 3703 deseratur,
2007 3677 2056 3705 47.
2133 3694 2134 3697 ,

1297 3705 1549 3744 Contemplativae
1565 3705 1637 3736 vitae
1650 3705 1794 3735 etiarriliic
1818 3704 1913 3735 haberi
1925 3703 1999 3743 posse
2013 3707 2198 3745 portionem,
2214 3715 2256 3737 ii.

1254 3746 1498 3785 Contemplativae
1521 3745 1687 3784 vitaequalis
1707 3745 1755 3780 in,
1777 3744 2009 3776 caelohabebitur
2024 3747 2192 3786 descriptio,
2214 3756 2254 3776 io.

1255 3799 1258 3802 *
1292 3787 1500 3816 Contemtores
1521 3785 1725 3816 mandatorum
1748 3785 1933 3821 Deietiam,
1955 3795 2167 3825 reges-,cecos
2181 3785 2255 3816 dixit

1253 3826 1416 3862 Dominus,
1440 3833 1506 3860 ¹05·
2010 3853 2014 3857 .
2094 3837 2099 3844 ·

1826 3875 1870 3904 pp
1914 3876 1928 3893 2
2129 3865 2226 3895 Con-⁴
