2652 4126
548 284 625 329 ET
669 267 937 326 HisToR.
978 263 1263 323 SEM1PEL.
1308 280 1525 323 Luciam
1570 278 1932 325 AFFERUNT.

287 384 309 409 ‚·,
336 365 415 413 quid
440 366 520 402 dicit
547 366 740 412 figmentum
765 364 792 398 ei
818 365 874 409 qui
901 360 932 397 se
958 360 1074 402 finxit,
1109 372 1207 407 quare

286 435 312 460 ,‚-
335 418 377 452 sic
402 429 453 452 me
480 414 579 451 fecisti
605 442 612 448 .
650 416 703 449 An
732 424 798 447 non
826 410 924 448 habet
950 409 1145 457 potestatem
1168 409 1207 444 fi«

286 491 310 509 ‚‚
336 465 430 512 gulus
456 466 514 501 luti
542 475 582 501 cx
606 463 719 498 eadem
747 460 837 497 mass'a
862 459 1061 497 facerealiud
1075 459 1207 505 quidem

159 543 182 573 ff
231 554 244 572 e
261 530 310 566 ,‚·,
337 528 391 550 vas
417 519 449 550 in
475 513 657 554 honorem,
681 511 769 548 aliud
794 515 827 550 in
853 508 1074 546 contueliam?
1109 510 1209 546 Dein·

106 554 259 615 ffi‡,0²„,93¹
287 590 313 610 „
337 565 377 600 de
405 565 529 602 secutus
547 588 560 606 ,
594 573 659 598 tarn
687 572 842 606 magnum
866 559 1080 605 abditumque
1106 558 1208 594 secre-

108 625 253 664 gratuita.
287 640 312 659 ,‚
338 627 431 658 tum,
455 623 609 661 quantum
636 610 849 658 aperiendum
875 607 933 645 effe
944 607 1136 644 hominibus
1161 609 1209 654 ju-

109 664 184 694 lbid.
205 674 249 693 ²²·
286 690 313 709 ,‚
337 665 477 705 dicavit,
500 664 628 709 aperuit
652 661 783 696 dicens:
809 662 841 695 Si
865 669 972 695 autem
997 658 1108 693 volens
1121 660 1210 693 Deus

109 704 150 765 ῥ’
172 714 219 742 ²3'
285 739 312 759 ,‚
335 713 504 751 ostendere
522 714 624 753 iram,
650 708 914 746 &demonstrare
925 711 1101 756 potentiam
1112 707 1210 749 suam,

143 778 145 780 ·
285 789 311 809 ,‚
335 763 446 801 attulit
469 765 504 798 in
529 760 631 797 multa
659 762 810 807 patientia
835 758 985 795 vasaiirae
1009 769 1082 804 quae
1108 755 1211 804 perfe-

285 839 312 858 „
335 814 386 850 &a
411 811 483 849 sunt
507 814 540 846 in
566 809 783 859 perditionem
803 834 815 851 ,
849 812 883 845 δε
907 818 944 844 ut
969 818 1061 843 notas
1094 807 1212 843 faceret

287 888 313 908 ‚,
336 863 466 899 divitias
499 860 611 907 gloriae
645 859 708 895 suae
735 862 767 894 in
795 858 863 894 vasa
889 856 1117 893 misericordiae
1140 869 1211 903 quae

107 903 170 933 Cur
191 912 251 933 ”⁰¹¹
285 938 312 958 „
337 914 530 961 preparavit
554 914 586 947 in
613 908 771 958 gloriam.
798 910 910 951 „Hoc
921 906 967 944 est
992 910 1101 952 gratiae
1126 909 1211 949 Dei,

108 952 268 1019 3,ῗὲξῖἕέ
285 975 352 998 non
378 961 483 999 solum
508 960 711 1004 adjutorium
731 985 744 1002 ,
777 970 890 994 verum
914 959 1011 993 etiam
1036 956 1213 992 documen-

105 1021 268 1051 ditionisli-
286 1024 358 1049 turn
371 1025 382 1047 ε
409 1012 612 1056 adjutorium
632 1008 754 1045 scilicet
773 1011 805 1043 in
819 1007 896 1044 vafis
907 1006 1154 1043 misericor-dim
1179 1008 1213 1041 in

105 1062 241 1092 berentur
259 1082 269 1093 ο
286 1061 364 1099 vafis
383 1074 490 1097 autem
512 1063 567 1096 irae
586 1060 841 1095 documentum:
870 1060 901 1092 in
919 1060 963 1093 eis
973 1059 1060 1092 enim
1070 1055 1215 1092 ostendit

284 1115 391 1155 iram,
413 1115 448 1148 &
467 1108 666 1148 demonstrat
678 1106 972 1156 potentiamsuam,
998 1109 1072 1153 quia
1083 1117 1146 1141 tam
1160 1117 1217 1151 po·

285 1173 358 1199 tens
378 1161 424 1198 est
442 1160 569 1196 bonitas
587 1161 655 1205 ejus
667 1184 676 1200 ,
702 1168 739 1193 ut
757 1157 839 1194 bene
859 1168 969 1192 utatur
987 1159 1085 1192 etiam
1105 1155 1217 1191 maliss

284 1216 318 1248 δι
339 1215 371 1248 in
390 1214 435 1247 eis
453 1222 545 1247 notas
562 1209 639 1247 facit
658 1209 787 1244 divitias
808 1206 919 1254 gloriae
936 1204 998 1242 suae
1017 1209 1050 1241 in
1069 1203 1138 1241 vasa
1156 1208 1216 1241 mi·

284 1261 488 1304 sericordiae,
512 1263 668 1307 quoniam
687 1258 779 1305 quod
796 1256 836 1293 ab
855 1259 911 1292 irae
940 1254 1020 1292 vafis
1050 1258 1151 1302 exigit
1172 1256 1218 1298 ju-

284 1310 371 1348 stitia
399 1312 586 1359 punientis,
619 1307 688 1345 hoc
717 1307 793 1343 vafis
821 1305 1051 1342 misericordiae
1079 1305 1217 1341 dimittit

284 1364 388 1409 gratia
418 1359 601 1397 liberantis:
627 1370 689 1394 nec
713 1355 932 1398 beneficium,
966 1354 1059 1401 quod
1084 1353 1213 1402 quibus-

284 1411 359 1447 dam
379 1413 476 1457 gratis
494 1408 675 1452 tribuitur,
698 1418 890 1455 appareret,
915 1405 972 1441 nisi
992 1408 1084 1442 Deus
1093 1404 1164 1440 aliis
1175 1415 1215 1440 ex

283 1461 397 1497 eadem
416 1458 507 1496 maffa
528 1461 649 1506 pariter
667 1459 729 1492 reis
748 1455 833 1503 justo
847 1455 1008 1503 supplicio
1018 1454 1213 1497 condemna-

104 1515 268 1552 r.Cor.4.7.
283 1514 347 1552 tis,
371 1510 452 1557 quid
464 1506 792 1556 utrisquedeberetur
802 1505 1004 1542 ostenderet.
1032 1507 1116 1549 Quis
1126 1506 1213 1540 enim

284 1558 503 1596 rediscernit?
526 1561 570 1595 ait
580 1558 666 1594 idem
678 1555 878 1603 Apostolus,
905 1554 1034 1591 homini
1047 1566 1214 1600 tamquam

283 1610 327 1646 de
347 1608 522 1656 semetipso
545 1612 580 1645 δε
603 1607 646 1644 de
673 1605 731 1643 suo
758 1609 898 1654 proprio
921 1604 1013 1641 bono
1037 1603 1213 1651 glorianti:

283 1663 372 1707 Qiis
397 1661 486 1695 enim
511 1669 544 1694 te
569 1656 756 1694 discernit?
789 1659 904 1702 utique
928 1654 968 1690 ab
994 1657 1048 1690 irae
1073 1653 1171 1696 vafis,
1195 1665 1213 1690 a

282 1707 377 1747 mass'a
403 1709 615 1756 perditionis,
638 1720 712 1754 quae
737 1719 796 1755 per
821 1718 925 1741 unum
951 1703 1158 1740 omnesmifit
1179 1705 1212 1738 in

282 1759 526 1796 damnationem
545 1786 554 1796 .
589 1760 675 1804 Quis
700 1767 732 1792 te
757 1755 939 1793 discernit?
973 1756 1018 1790 Et
1042 1764 1211 1800 tamquam

284 1807 519 1857 respondisset,
546 1808 713 1845 Discernit
738 1819 790 1842 me
801 1806 881 1843 fides
891 1817 982 1845 mea,
1009 1802 1212 1850 propositum

283 1883 310 1903 „
333 1871 464 1901 meum,
489 1862 646 1894 meritum
670 1868 801 1893 meum.
830 1881 854 1898 „
880 1853 1072 1901 Qidenim
1097 1851 1209 1895 habes,

283 1934 310 1953 „
335 1911 465 1955 inquit,
489 1907 583 1955 quod
609 1919 676 1942 non
703 1905 874 1953 accepisti?
899 1907 929 1940 Si
955 1915 1063 1940 autem
1081 1907 1212 1938 &acce-

282 1983 309 2003 „
336 1958 430 2006 pisti,
454 1958 536 2004 quid
562 1956 710 2003 gloriaris
720 1956 806 2002 quasi
816 1968 882 1992 non
893 1955 1076 2000 acceperis?
1100 1977 1124 1995 ,‚
1145 1951 1213 1987 hoc

283 2007 354 2050 est,
378 2007 466 2055 quasi
492 2008 533 2043 de
545 2019 606 2044 tuo
630 2006 689 2048 fit,
716 2007 804 2043 unde
829 2004 1035 2042 discerneris.
1062 2004 1155 2048 Ergo
1174 2000 1211 2037 il—

282 2057 314 2094 le
337 2057 513 2099 discernit,
539 2061 596 2104 qui
623 2057 710 2093 unde
734 2055 920 2092 discernatis
946 2055 1115 2100 impertit,
1141 2064 1212 2099 poe-

103 2108 175 2138 Gen.
196 2116 218 2135 ¹·
240 2114 265 2133 2·
282 2118 359 2142 nam
376 2103 523 2141 debitam
545 2105 769 2144 removendo,
797 2103 975 2140 indebitam
995 2105 1133 2148 gratiam
1152 2101 1212 2137 lar-

111 503 228 535 Eleffio
237 514 270 532 cx

281 2153 424 2202 giendo:
450 2149 506 2188 ille
531 2151 706 2194 discernit,
730 2154 787 2197 qui
811 2164 887 2186 curn
907 2151 1045 2185 tenebrae
1056 2150 1154 2186 essent
1167 2149 1234 2184 su-'

283 2217 344 2252 per
368 2200 536 2251 abyssum,
559 2201 668 2244 dixit,
693 2203 764 2238 Fiat
788 2199 868 2240 lux,
893 2202 927 2233 δι
956 2197 1038 2232 faeta
1063 2196 1108 2231 est
1134 2198 1214 2238 lux,

284 2258 319 2289 &
343 2252 472 2293 divisit,
497 2249 565 2287 hoc
590 2249 660 2290 est,
684 2249 837 2286 discrevit
861 2251 948 2283 inter
973 2245 1081 2281 lucem
1108 2249 1141 2280 &
1168 2256 1215 2279 te-

286 2299 422 2337 nebras.
447 2302 532 2337 Non
557 2302 645 2335 enim
664 2311 742 2335 eum
753 2297 828 2334 solae
839 2295 1110 2337 essenttenebrae,
1132 2293 1214 2340 quid

105 2364 271 2404 Ephemss,
286 2350 483 2388 discerneret
508 2351 650 2385 invenit:
676 2348 728 2384 sed
753 2348 861 2385 lucem
889 2345 1038 2382 faciendo
1055 2345 1217 2382 discrevit;

110 2415 138 2434 2.
154 2406 271 2434 como.
287 2412 326 2436 ut
349 2398 525 2447 justificatis
551 2402 661 2446 impiis
670 2398 823 2440 dicatur,
847 2395 964 2434 Fuistis
973 2395 1216 2441 enimaliquan·

109 2452 158 2478 ¹⁷·
287 2449 335 2486 do
360 2447 523 2490 tenebrae,
549 2459 637 2484 nunc
660 2459 770 2484 autem
795 2447 856 2483 lux
882 2450 916 2482 in
932 2447 1105 2483 Domino:
1131 2455 1167 2477 ac
1177 2442 1219 2477 lic

109 2485 271 2520 R⁰m'⁹'¹¹‘
287 2501 345 2547 qui
372 2497 555 2545 gloriatur,
580 2509 649 2532 non
674 2500 707 2532 in
725 2495 851 2542 seipso,
877 2494 972 2530 sedin
985 2495 1140 2529 Domino
1151 2489 1220 2535 glo-

288 2552 412 2586 rietur.
436 2546 498 2585 111e
524 2545 699 2588 discernit,
731 2547 790 2593 qui
815 2544 857 2580 de
882 2542 1031 2578 nondum
1059 2543 1141 2575 natis
1166 2549 1221 2573 ne-

286 2612 354 2646 que
378 2601 436 2646 qui
462 2596 588 2643 aliquid
614 2605 745 2642 egerant
770 2594 849 2630 boni
859 2601 916 2627 aut
941 2589 1039 2631 mali,
1065 2587 1221 2625 utsecun·

287 2649 368 2685 dum
392 2647 585 2683 eleffionem
612 2644 816 2693 propositum
841 2643 908 2683 eius
942 2650 1087 2675 maneret
1107 2663 1119 2680 ,
1153 2649 1220 2672 non

109 2704 269 2739 Gen.25.23
289 2712 332 2735 ex
355 2696 533 2745 operibus,
559 2694 613 2732 sed
637 2708 678 2730 ex
704 2693 806 2740 seipso
830 2700 969 2727 vocante
979 2689 1085 2731 dixit,
1109 2688 1221 2732 Major

110 2742 189 2772 Mal.
213 2751 274 2773 Μ·
289 2748 407 2785 serviet
433 2749 572 2783 minori:
595 2755 693 2792 atque
719 2742 858 2790 idipsum
870 2739 1101 2777 commendans
1112 2736 1222 2784 postea

290 2811 350 2847 per
371 2796 599 2844 Prophetam3
624 2793 744 2837 Jacob,
771 2794 900 2839 inquit,
925 2788 1049 2831 dilexi,
1075 2788 1221 2824 Esauau-

289 2859 358 2884 tem
383 2848 465 2883 odio
491 2844 611 2881 habui.
636 2844 838 2880 Eleffionem
863 2843 990 2887 quippe
1014 2839 1098 2875 dixit
1117 2863 1128 2880 ,
1163 2835 1220 2872 ubi

290 2901 385 2935 Deus
411 2909 477 2931 non
504 2895 544 2931 ab
570 2894 634 2930 alio
659 2893 783 2930 factum
809 2889 902 2938 quod
936 2888 1033 2935 eligat
1060 2890 1183 2923 invenit
1209 2912 1220 2927 ‚

289 2948 344 2985 sed
368 2946 461 2994 quod
486 2948 627 2981 inveniat
652 2943 718 2990 ipse
742 2942 836 2978 facit:
863 2939 942 2976 ficut
967 2940 1009 2974 de
1020 2937 1166 2984 reliquiis
1177 2935 1220 2972 Is-

115 3000 198 3033 Rom.
214 3005 260 3028 ¹¹·
290 3021 316 3041 „
341 2995 406 3032 rael
432 2995 591 3042 scriptum
616 2992 684 3036 est,
708 3017 734 3036 „
752 2990 916 3037 Reliquiae
936 3001 994 3037 per
1020 2987 1218 3024 eleffionem

118 3047 146 3075 5·
165 3039 205 3071 θ’
223 3039 250 3066 ⁶·
293 3070 319 3089 „
343 3049 452 3092 gratiae
476 3045 566 3081 sarstae
592 3042 682 3079 sunt.
708 3045 740 3078 Si
759 3053 868 3078 autem
878 3042 1002 3085 gratia,
1027 3039 1090 3081 iam
1102 3049 1166 3072 non
1177 3049 1218 3072 ex

292 3119 320 3138 „
343 3094 517 3142 operibus3
541 3094 687 3139 alioquin
709 3094 806 3138 gratia
835 3092 896 3133 jam
924 3100 991 3124 non
1022 3087 1068 3123 est
1097 3090 1216 3134 gratia.

294 3148 435 3191 Propter
459 3145 550 3189 quod
578 3142 729 3192 profecto
754 3141 918 3186 defipitis,
942 3140 999 3185 qui
1019 3138 1146 3173 dicente
1166 3150 1218 3172 ve-

115 3193 246 3227 Elefflo·
294 3197 411 3237 ritate,
434 3195 517 3229 Non
541 3206 583 3229 ex
608 3192 784 3239 operibus,
809 3189 861 3226 sed
882 3201 923 3225 ex
944 3187 1217 3224 vocantedictum

117 3245 188 3280 nem
204 3234 277 3278 futu·
293 3242 361 3282 est5
387 3256 445 3278 vos
470 3243 598 3284 dicitis,
622 3244 676 3278 Ex
700 3241 818 3279 futuris
842 3236 1021 3285 operibus,
1047 3239 1218 3284 quaeDeus

115 3282 277 3346 {‚ffsfflss‘cssi.
297 3293 390 3329 illum
416 3293 577 3329 facturum
602 3292 661 3328 elle
685 3288 867 3339 praesciebat
889 3313 899 3330 ,
933 3286 1035 3330 Jacob
1059 3285 1147 3322 fuiffe
1172 3287 1221 3323 di-

113 3355 215 3386 bentes
232 3353 280 3382 Pe·
308 3344 435 3379 efitum:
461 3354 559 3389 atque
585 3344 630 3377 ita
653 3341 874 3377 contradicitis
900 3336 1066 3386 Apostolo
1084 3337 1219 3379 dicenti,

115 3394 229 3465 laqiani
295 3396 377 3430 Non
401 3405 440 3429 ex
466 3389 640 3438 operibus:
664 3390 751 3437 quasi
763 3402 827 3425 non
838 3386 957 3436 posset,
983 3387 1113 3429 dicere,
1138 3390 1218 3424 Non

114 3435 277 3474 demum·
293 3455 334 3479 ex
360 3441 564 3489 praesentibus
587 3465 597 3482 ‚
630 3440 683 3477 sed
708 3439 825 3477 futuris
850 3437 1025 3486 operibus.
1050 3438 1112 3473 Sed
1137 3441 1181 3473 ait
1205 3462 1218 3481 ,

294 3496 375 3530 Non
400 3504 441 3528 ex
466 3489 642 3539 operibus,
667 3501 704 3525 ut
728 3493 862 3536 gratiam
887 3487 1159 3524 commendaret:
1191 3511 1217 3529 „

294 3567 319 3589 „
345 3544 377 3579 Si
402 3551 511 3578 autem
535 3543 654 3587 gratia,
680 3541 741 3582 iam
766 3552 834 3575 non
859 3549 900 3575 ex
923 3536 1108 3585 operibus:
1140 3536 1217 3573 alio-

292 3617 320 3637 „
344 3594 424 3639 quin
452 3594 552 3638 gratia
576 3591 638 3636 jam
662 3601 729 3625 non
754 3588 800 3625 est
810 3591 928 3635 gratia.
953 3588 1110 3625 Praecedit
1126 3599 1215 3623 nam-

295 3654 362 3690 que
388 3654 456 3677 non
480 3639 611 3681 debita,
636 3637 689 3675 sed
713 3641 851 3685 gratuita
875 3641 996 3685 gratia,
1031 3648 1069 3674 ut
1095 3650 1152 3684 per
1178 3636 1215 3672 il⁴

294 3690 362 3729 lam
387 3691 465 3727 fiant
490 3689 577 3726 bona
600 3700 700 3737 opera
716 3703 726 3723 t
759 3701 801 3724 ne
834 3687 858 3723 fi
885 3685 1094 3733 praecess‘erint
1127 3685 1214 3723 bona

295 3753 419 3790 opera,
445 3751 612 3787 tamquam
629 3736 782 3786 operibus
806 3736 958 3774 reddatur
981 3741 1102 3785 gratia,
1126 3748 1163 3773 ac
1171 3735 1214 3772 fic

296 3794 398 3839 gratia
422 3793 485 3838 jam
508 3801 575 3825 non
600 3788 638 3826 fit
662 3791 781 3835 gratia.

346 3841 411 3879 Sed
434 3851 472 3878 ut
505 3838 602 3877 vobis
633 3839 812 3877 auferretur
834 3839 940 3875 omnis
972 3836 1086 3876 vestra:
1109 3834 1217 3885 caligi-

116 3859 267 3899 Pelagiam
395 3891 435 3937 s.
459 3887 627 3936 prosperi!

2083 287 2185 343 ¹57

1268 362 1316 394 nis
1342 360 1463 397 latebra
1478 386 1489 403 ,
1517 371 1685 407 propterea
1710 364 1861 406 geminos
1887 360 1961 397 tales
1985 363 2152 406 proposui
2177 387 2189 405 ,
2207 362 2341 406 conving

1267 413 1323 456 qui
1350 424 1455 457 neque
1483 422 1653 458 parentum
1679 416 1800 447 meritis
1827 412 2033 452 iuvarentur,
2060 414 2092 446 δε
2125 425 2190 446 am·
2209 411 2317 446 cuntur
2336 410 2365 431 ¹¹²

1268 458 1313 495 bo
1338 461 1479 496 infantia:
1507 460 1692 507 primordio
1718 473 1802 498 unus
1831 459 2030 508 baptizatus,
2057 459 2136 495 alter
2155 460 2189 495 fi·
2210 442 2337 509 Ρίἷέξῐξζζ

1269 523 1308 545 ne
1332 509 1517 557 baptismate
1541 522 1767 549 morerentur3
1792 525 1832 547 ne
1858 513 2008 546 diceretis
2034 511 2143 547 Deum
2154 509 2189 544 fi-
2209 491 2267 548 {ino
2288 500 2367 558 post,

1268 571 1323 595 cut
1347 559 1388 596 de
1413 559 1514 601 Jacob
1539 563 1571 594 &
1599 559 1683 595 Esau
1708 574 1823 597 contra
1848 559 2049 609 Apostolum
2070 559 2192 601 dicitis,
2211 558 2365 597 baptisma.

1270 622 1368 657 opera
1396 622 1512 645 eorum
1539 607 1650 645 futura
1677 609 1825 656 praescisse
1844 639 1851 646 .
1889 609 2078 654 Quomodo
2104 611 2190 645 enim
2207 597 2369 641 '‘¹¹¹‘'9fine

1272 659 1431 706 praescivit
1449 672 1484 694 ea
1503 658 1611 694 futura
1625 685 1635 701 ,
1661 672 1732 707 quae
1751 660 1813 695 illis
1840 663 1872 695 in
1894 660 2027 695 infantia
2056 661 2191 696 moritu.-
2211 639 2364 707 ἳζρυζὲξζ

1272 713 1337 751 ris,
1363 712 1438 756 quia
1459 709 1648 756 praescientia
1668 711 1733 753 ejus
1751 708 1817 745 falli
1836 722 1902 745 non
1916 709 2046 756 potest,
2071 708 2193 756 praesci·
2213 687 2349 747 mogun.

1272 763 1322 795 vit
1347 762 1457 806 potius
1483 772 1550 794 non
1576 759 1706 796 futura?
1725 762 1803 795 Aut
1829 759 1910 806 quid
1938 757 2122 806 prodesteis
2137 761 2195 805 qui
2214 760 2371 798 Sap-4³¹·

1272 812 1442 855 rapiuntur
1468 821 1507 844 ex
1534 808 1595 845 hac
1624 812 1707 849 vita,
1735 823 1774 844 ne
1800 809 1919 845 malitia
1947 820 2048 844 mutet
2074 808 2197 844 intelle-

1271 860 1362 894 &um
1389 871 1525 900 eorum,
1550 870 1606 895 aut
1634 871 1672 894 ne
1698 859 1790 895 fictio
1816 858 1956 906 decipiat
1983 862 2127 895 animam
2144 870 2198 893 eo-

1273 921 1370 948 rum,
1395 907 1417 943 si
1444 920 1615 955 peccatum
1640 911 1737 944 etiam
1763 909 1855 956 quod
1882 921 1948 944 non
1976 907 2021 944 est
2048 908 2170 944 faEtum
2186 932 2198 949 ,

1272 958 1421 998 dietum,
1446 961 1650 1002 cogitatum,
1677 971 1842 1004 tamquam
1866 956 2072 994 commiffum
2086 957 2199 998 fuerit,

1274 1007 1316 1044 fic
1343 1008 1503 1054 punitur?
1540 1008 1645 1050 Quod
1671 1007 1974 1044 fi-absurdiffimum
1997 1033 2006 1049 ‚
2041 1006 2201 1043 insulfiffi-

1268 1069 1390 1098 mum,
1413 1056 1691 1093 dementiffimum
1716 1056 1783 1099 est,
1809 1057 1971 1103 quoslibet
1983 1056 2138 1092 homines
2159 1067 2200 1091 ex

1275 1106 1328 1144 his
1350 1109 1510 1152 peccatis,
1534 1118 1679 1152 quorum
1711 1119 1769 1142 nec
1796 1119 1922 1142 reatum
1943 1118 1983 1142 ex
2014 1102 2201 1153 parentibus

1276 1155 1426 1197 trahere,
1451 1155 1532 1191 sicut
1548 1156 1673 1198 dicitis,
1699 1169 1758 1191 nec
1776 1169 1810 1192 ea
1830 1170 1896 1192 non
1917 1155 2019 1192 solum
2046 1157 2200 1191 commit—

1275 1218 1365 1247 tere,
1391 1205 1443 1241 sed
1464 1218 1522 1241 nec
1542 1205 1652 1242 saltem
1663 1209 1807 1253 cogitare
1819 1218 2019 1253 potuerunt,
2044 1203 2103 1240 ess'e
2112 1204 2202 1240 dam-

1275 1257 1428 1293 nandosi
1462 1255 1546 1292 redit
1572 1257 1612 1292 ad
1639 1269 1699 1292 vos
1725 1255 1821 1291 frater
1847 1255 1902 1291 ille
1927 1258 2072 1301 geminus
2098 1253 2202 1301 bapti-

1278 1311 1342 1342 zati
1369 1318 1434 1340 non
1460 1304 1664 1353 baptizatus,
1689 1308 1721 1341 &
1747 1309 1861 1342 tacitus
1887 1309 2003 1352 quaerit
2028 1317 2046 1339 a
2072 1302 2166 1339 vobis
2188 1328 2202 1346 ,

1276 1356 1364 1392 unde
1392 1355 1490 1392 fuerit
1516 1368 1534 1391 a
1560 1355 1697 1392 fraterna
1722 1354 1876 1392 felicitate
1895 1354 2072 1395 discretus,
2096 1352 2202 1393 curil-

1275 1406 1305 1442 la
1331 1405 1517 1442 infelicitate
1538 1410 1689 1452 punitus,
1717 1417 1754 1442 ut
1781 1405 1989 1442 illo„in¹Dei
2011 1402 2204 1439 filiumado-

1276 1467 1390 1504 ptato‚
1416 1454 1481 1503 ipse
1506 1467 1571 1491 non
1597 1454 1925 1504 acciperetomnibus
1935 1452 2081 1491 aetatibus
2099 1451 2204 1488 neces-

1275 1506 1416 1547 sarium,
1441 1505 1521 1541 ficut
1545 1505 1713 1548 fatemini,
1738 1505 1992 1542 sacramentums
2019 1501 2205 1550 fiquemad-

1275 1556 1414 1592 modum
1439 1554 1526 1592 nulla
1551 1555 1596 1592 est
1623 1556 1753 1591 fortuna
1780 1555 1832 1591 vel
1859 1554 1962 1591 fatum
1982 1578 1995 1596 ,
2028 1552 2081 1588 vel
2115 1552 2203 1599 apud

1273 1609 1387 1642 Deum
1413 1608 1561 1653 acceptio
1589 1605 1819 1654 personarum,
1844 1607 1887 1641 ita
1911 1603 2039 1639 nullum
2064 1601 2110 1638 est
2135 1614 2204 1648 gra-

1273 1658 1326 1691 tiae
1351 1655 1415 1690 sine
1442 1660 1565 1692 meritis
1591 1657 1738 1697 donum,
1763 1655 1891 1692 nullum
1917 1651 2075 1700 originale
2092 1663 2202 1698 pecca-

1274 1716 1365 1742 tum·
1390 1707 1481 1741 Huic
1510 1707 1640 1752 prorsus
1665 1705 1779 1741 infanti
1805 1706 1952 1751 linguam
1978 1701 2117 1739 vestram
2142 1713 2203 1737 vo-

1272 1767 1413 1800 cemque
1439 1754 1646 1795 submittitis,
1673 1753 1754 1790 huic
1779 1767 1846 1790 non
1873 1753 2023 1800 loquenti
2049 1751 2132 1798 quid
2157 1750 2205 1785 lo·

1273 1807 1420 1851 quamini
1447 1817 1514 1840 non
1540 1803 1689 1843 habetis.

1322 1856 1394 1895 Iam
1419 1867 1505 1889 nunc
1531 1855 1720 1896 videamus,
1746 1865 1782 1890 ut
1795 1850 1985 1901 possumus,
2011 1850 2079 1888 hoc
2099 1849 2205 1897 ipsum
2223 1841 2363 1910 CQPUT

1273 1904 1366 1952 quod
1392 1903 1512 1940 volunt
1540 1905 1721 1952 praecedere
1748 1907 1782 1939 in
1809 1902 1947 1940 homine
1971 1926 1981 1943 ,
2017 1914 2054 1939 ut
2079 1901 2205 1945 adjuto-
2263 1883 2345 1952 3215·

1273 1957 1326 1989 rio
1352 1958 1461 1998 gratia:
1485 1954 1603 2001 dignus
1631 1953 1816 1994 habeatur,
1849 1957 1883 1988 &
1909 1954 1963 1986 cui
1990 1954 2112 1988 merito
2138 1951 2205 1994 ejus
2223 1963 2312 1990 eriam
2330 1962 2384 1989 im-

1273 2016 1341 2040 non
1368 2015 1534 2049 tamquam
1561 2002 1704 2038 indebita
1729 2001 1915 2043 tribuatur,
1940 1999 1993 2036 sed
2018 1998 2126 2035 debita
2137 2010 2205 2043 gra·
2222 2000 2341 2044 persecu

1275 2056 1318 2089 tia
1345 2053 1567 2090 retribuaturs
1590 2066 1627 2088 ae
1653 2052 1694 2088 fic
1721 2055 1823 2098 gratia
1849 2051 1910 2094 jam
1937 2061 2002 2084 non
2029 2048 2066 2084 fit
2092 2051 2205 2094 gratia:
2223 2040 2366 2080 ωΡΙὼῐῑῑς

1275 2102 1438 2140 videamus
1465 2115 1570 2139 tamen
1597 2102 1676 2150 quid
1703 2101 1786 2138 illud
1812 2100 1866 2136 fit.
1895 2098 1963 2134 Sub
1989 2098 2130 2140 nomine,
2157 2100 2204 2133 in·
2223 2082 2368 2151 ‘³5:322ss

1275 2157 1417 2199 quiunt,
1437 2163 1554 2198 gratrae
1579 2151 1628 2184 ita
1651 2150 1759 2195 fatum
1786 2150 1946 2194 afferunt,
1987 2147 2030 2184 (Ὺ
2058 2148 2167 2181 dicam
2193 2171 2204 2189 ‚
2223 2141 2382 2200 ahoqujn’

1275 2202 1351 2244 quia
1370 2200 1430 2239 m'fi
1450 2201 1556 2233 invito
1575 2200 1618 2233 (5
1647 2199 1815 2232 relufiarm
1844 2197 1962 2231 homini
1991 2195 2203 2244 inspiraverit
2222 2208 2317 2241 gratia
2338 2201 2377 2230 se-

1275 2247 1375 2292 boni,
1400 2247 1764 2293 &ipsiusimperfeffi,
1789 2246 2018 2292 cupiditatem,
2044 2259 2097 2280 nec
2108 2257 2204 2279 ama-
2222 2238 2346 2270 cundum

1275 2295 1307 2331 lo
1326 2296 1508 2342 declinare,
1534 2309 1591 2330 nec
1600 2295 1812 2342 bonumpoffit
1823 2295 1985 2340 arripere.
2007 2299 2076 2337 Jam
2087 2297 2128 2331 de
2138 2296 2206 2331 fato
2225 2281 2385 2310 mmmda'

1275 2351 1310 2384 &
1328 2351 1428 2393 gratia
1446 2361 1545 2394 quam
1566 2351 1669 2383 inania
1689 2346 1865 2392 loquantur
1874 2343 2093 2382 ostendimus:
2119 2358 2207 2383 nunc
2226 2329 2326 2351 retur.

1279 2397 1363 2432 illud
1384 2397 1430 2432 est
1448 2398 1540 2442 quod
1568 2396 1722 2431 debemus
1742 2396 1932 2435 advertere,
1957 2394 2071 2430 utrum
2100 2397 2208 2430 invito

1279 2450 1314 2481 δε
1334 2444 1507 2479 reluctanti
1526 2443 1652 2478 homini
1676 2447 1765 2478 Deus
1784 2442 1912 2488 inspiret
1937 2441 2016 2477 boni
2047 2443 2208 2489 cupidita—

1280 2503 1368 2534 tem,
1395 2503 1431 2527 ut
1450 2493 1514 2537 jam
1534 2505 1601 2527 non
1628 2492 1666 2527 fit
1685 2491 1866 2532 relud’oens,
1891 2502 1957 2526 non
1987 2490 2032 2527 fit*
2053 2495 2176 2533 invitus
2195 2517 2208 2535 ,

1281 2541 1333 2577 sed
1344 2541 1545 2577 consentiens
1556 2540 1684 2583 homo,
1709 2539 2023 2578 &volensbonum-
2048 2540 2103 2578 Isti
2116 2545 2206 2578 enim

1280 2591 1423 2633 volunt,
1448 2596 1479 2627 in
1500 2589 1636 2627 homine
1655 2590 1697 2626 ab
1716 2589 1787 2638 ipso
1804 2589 1942 2626 homine
1962 2594 2208 2640 inciperecupi—

1281 2642 1421 2678 ditarem
1455 2639 1559 2683 boni,
1595 2653 1631 2677 ut
1650 2639 1749 2684 hujus
1782 2644 1885 2688 coepti
1921 2646 2076 2677 meritum
2102 2642 2209 2678 'etiam

1282 2691 1473 2739 perficiendi
1484 2694 1585 2736 gratia
1593 2690 1809 2738 consequatur
1820 2705 1831 2726 .·
1857 2689 1880 2726 fi
1891 2702 1998 2727 tamen
2009 2690 2077 2727 hoc
2097 2690 2209 2729 saitem

1282 2742 1419 2777 volunt.
1447 2741 1592 2786 Pelagius
1611 2744 1695 2776 enim
1716 2740 1839 2776 facilius
1858 2740 1936 2776 dicit
1964 2740 2093 2788 impleri
2115 2741 2209 2787 quod

1279 2791 1405 2828 bonum
1417 2789 1463 2826 est
1473 2817 1484 2834 ‚
1511 2791 1532 2826 fi
1543 2791 1580 2826 ad
1586 2792 1672 2834 juvet
1684 2794 1783 2837 gratia
1794 2817 1802 2825 .
1831 2793 1914 2835 Quo
1923 2790 2144 2827 additamento
2153 2815 2165 2832 ,
2174 2790 2207 2826 id

1281 2841 1350 2884 est,
1375 2841 1548 2883 addendo,
1575 2840 1718 2882 facilius,
1743 2840 2023 2887 utiquesignificat
2043 2839 2110 2879 hoc
2122 2840 2151 2883 se
2163 2839 2206 2875 sa-

1280 2903 1380 2940 pere,
1407 2890 1497 2937 quod
1525 2894 1623 2927 etiam
1649 2889 1670 2926 fi
1695 2893 1804 2936 gratia:
1823 2889 1965 2926 defuerit
1984 2890 2205 2934 adjutorium,

1281 2941 1408 2989 potest,
1433 2943 1583 2987 quamvis
1601 2939 1787 2981 difficilius,
1813 2939 1939 2986 impleri
1961 2939 2087 2975 bonum
2100 2939 2205 2985 perli-

1277 2991 1394 3029 berum
1410 2991 1598 3026 arbitrium.
1626 2990 1687 3026 Sed
1709 2989 1795 3029 istis,
1821 2988 1908 3035 quid,
1930 2992 1961 3024 in
1989 2986 2052 3024 hac
2079 3001 2113 3023 re
2137 2988 2203 3024 sen-
2242 2994 2383 3034 Discipuli

1276 3046 1381 3084 tiant,
1407 3052 1472 3075 non
1492 3041 1532 3076 de
1552 3039 1611 3075 illo
1630 3041 1764 3075 auctore
1791 3036 1888 3081 huius
1913 3036 2047 3081 haerefis
2060 3037 2203 3085 praescri-
2222 3034 2330 3075 P⁶¹³85²
2347 3047 2381 3065 ex

1277 3090 1406 3128 bamus:
1435 3094 1658 3138 permittamus
1683 3102 1738 3124 eos
1764 3096 1838 3125 cum
1863 3087 1921 3124 suo
1946 3086 2052 3123 libero
2066 3087 2202 3127 arbitrio
2223 3083 2302 3112 ‘’³¹“
2319 3086 2335 3103 ²

1277 3139 1335 3178 effe
1361 3139 1480 3177 liberos
1505 3144 1538 3176 &
1565 3139 1606 3176 ab
1631 3139 1701 3186 ipso
1726 3138 1875 3182 Pelagim
1901 3149 1998 3185 atque
2024 3137 2086 3173 ista.
2105 3135 2202 3183 uerba
2221 3122 2381 3183 sszaeffggtss]

1277 3203 1416 3232 eorum,
1441 3203 1513 3237 quae
1541 3193 1573 3225 in
1600 3187 1662 3225 hac
1686 3193 1740 3231 cui
1760 3181 2132 3236 refi³ondemtisepistola
2144 3199 2203 3235 po·
2222 3203 2342 3223 narece-

1279 3241 1432 3281 suerunt,
1461 3243 1569 3287 potius
1595 3240 1810 3275 attendamus.
2220 3233 2312 3264 dunt.

1328 3293 1406 3326 Hoc
1434 3293 1523 3325 enim
1549 3288 1642 3325 nobis
1653 3288 1874 3334 objiciendum
1885 3299 2021 3335 putant,
2049 3288 2140 3335 quod
2153 3285 2203 3321 in-

1281 3338 1354 3373 vito
1374 3338 1416 3371 (9·
1437 3337 1606 3372 νείαὲἶαηεὶ
1625 3337 1747 3371 homini
1766 3338 1872 3371 Deum
1899 3339 2042 3374 dicamus
2067 3337 2204 3384 inspira..

1279 3401 1335 3432 re,
1360 3401 1426 3424 non
1451 3393 1708 3436 quanticumque
1725 3387 1819 3429 boni,
1846 3387 1896 3423 sed
1920 3386 1962 3420 (θ’
1979 3385 2076 3433 ipfius
2088 3387 2203 3433 imper.-

1275 3438 1356 3484 feHi
1375 3438 1604 3483 cupiditatem.
1632 3438 1781 3474 Fortassis
1802 3449 1883 3484 ergo
1902 3436 1961 3484 ipsi
1980 3451 2020 3473 eo
2030 3438 2135 3474 modo
2146 3437 2202 3472 sal-

1277 3500 1344 3525 tem
1364 3487 1488 3524 servant
1507 3488 1622 3524 locum
1641 3490 1748 3534 gratiae
1760 3512 1769 3530 ‚
1797 3498 1834 3523 ut
1853 3487 1915 3522 fine
1933 3486 1986 3522 illa
2007 3499 2123 3532 putent
2142 3486 2202 3522 ho-

1276 3541 1400 3575 minem
1420 3535 1505 3585 posse
1525 3537 1643 3574 habere
1663 3537 1767 3579 boni,
1793 3536 1845 3573 sed
1865 3537 2045 3583 imperfecti
2075 3537 2200 3585 cupidi·

1275 3599 1393 3625 tatem5
1419 3587 1554 3634 perfer-‘ti
1573 3599 1680 3624 autem
1697 3600 1761 3622 non
1782 3585 1905 3624 facilius
1925 3600 1982 3633 per
2003 3587 2089 3633 illam
2100 3583 2199 3634 posse,

1275 3638 1330 3676 sed
1347 3636 1404 3673 nifi
1425 3649 1483 3684 per
1509 3637 1597 3673 illam
1615 3640 1752 3673 omnino
1779 3649 1846 3672 non
1876 3635 1981 3684 polle·
2006 3639 2132 3679 Verum
2159 3641 2195 3673 &

1275 3687 1319 3726 fic
1336 3690 1468 3734 gratiam
1487 3689 1550 3723 Dei
1569 3687 1682 3723 dicunt
1705 3685 1880 3724 secundum
1899 3689 2014 3725 merita
2025 3684 2130 3730 nosti-'a
2140 3687 2195 3723 da,-

1275 3741 1325 3776 ris
1348 3737 1440 3784 quod
1465 3739 1497 3772 in
1522 3740 1664 3774 Oriente
1689 3734 2086 3783 Pelagius'Ecclefiasticis
2102 3736 2197 3784 gestis
2217 3735 2246 3762 V
2266 3728 2315 3776 lib.
2343 3731 2377 3760 d„-

1275 3787 1421 3824 damnari
1447 3787 1592 3824 timendo
1622 3786 1786 3823 damnavit
1805 3811 1813 3820 .
1849 3788 1882 3823 Si
1909 3790 1995 3829 enim
2030 3790 2104 3823 Sine
2129 3789 2194 3824 Dei
2214 3770 2356 3839 §eflfsl’e-

1275 3840 1377 3885 gratia
1401 3849 1462 3886 per
1486 3849 1545 3875 nos
1568 3839 1687 3886 incipit
1709 3836 1870 3884 cupiditas
1894 3836 1994 3876 bonis
2016 3837 2122 3886 ipsum
2131 3849 2196 3881 coe-
2216 3819 2373 3890 ‚·J'ffssf'm'

1761 3899 1785 3924 u
1833 3898 1856 3929 2,
2052 3897 2148 3935 ptum
