2644 4160
360 284 466 418 P
540 282 682 418 R
767 285 953 424 AE
1033 285 1139 421 F
1208 197 1343 424 ‘A
1426 273 1557 426 T
1632 184 1989 430 io.

387 530 389 539 ι
443 542 471 582 4
602 498 862 559 OVAM
903 500 1244 563 Editionem
1289 503 1555 579 Operum
1605 515 1871 567 omnium
1909 508 2087 570 saneti
2120 510 2253 571 Pross

444 592 459 601 ⁴
518 614 571 664 :5
643 579 786 656 speri
828 580 1151 656 Aquitani,
1197 583 1497 642 fideliffimi
1521 585 1818 659 quondam
1846 586 2023 647 saneti
2052 590 2251 669 Augu·

246 712 250 732 ἦ
295 722 313 746 χ,
386 683 446 748 125·
515 673 553 747 ss
639 662 774 720 stini
792 661 1101 736 Discipuli,
1143 662 1538 740 doctrinaeque
1565 667 1639 724 ab
1666 666 1789 740 ipso
1821 668 2048 729 traditae
2073 673 2254 729 vindi-

284 767 287 779 ·
500 744 517 784 ἓ
553 804 557 808 ἢ
638 748 717 800 cis
757 742 1151 813 strenuissimi,
1196 743 1374 805 sanai
1400 744 1616 804 Leonis
1644 745 1851 824 Magni
1870 747 2040 823 Papa:
2063 751 2104 808 1.
2131 750 2253 810 No·

252 873 265 885 x
294 870 307 882 .,
333 872 366 904 -.
637 828 798 891 tatii,
842 829 902 880 in
936 822 1124 881 lucem
1162 833 1328 882 novis
1351 832 1498 883 curis
1518 833 1711 883 emitti
1751 835 2022 901 oportuit
2066 851 2079 885 t
2121 844 2251 890 tum

203 900 216 907 '
410 928 412 934 >
631 915 702 977 ut
731 904 965 962 illorum
986 947 1000 972 ,
1046 904 1254 979 quibus
1275 904 1436 964 cordi
1460 906 1544 964 est
1567 906 1799 964 caelestis
1829 908 2146 984 Augustini
2178 910 2252 968 de

443 978 450 989 “
633 979 848 1041 Gratia
876 984 990 1040 Dei
1019 982 1353 1055 servatoriS,
1399 988 1455 1045 &
1482 985 1554 1044 de
1574 985 1697 1045 aliis
1731 986 1864 1044 fidei
1903 1007 2253 1064 morumque

121 1062 419 1136 capitibus
443 1061 773 1123 doctrinam
804 1064 1129 1123 commodis
1152 1066 1344 1142 aliqua
1381 1084 1455 1124 ex
1479 1080 1647 1141 parte
1673 1065 2099 1138 consuleretur,
2139 1089 2253 1128 am-

127 1143 299 1216 pliori
328 1145 386 1203 &
413 1143 799 1202 emendatiori
825 1145 1025 1203 codice
1053 1144 1316 1221 Prosperi
1342 1144 1777 1206 subministrato
1815 1191 1831 1218 ,
1888 1147 2049 1219 cujus
2070 1156 2252 1225 operi·.

128 1222 231 1279 bus
268 1236 397 1281 tota
434 1223 753 1301 Augustini
798 1226 967 1299 ipfius
1010 1224 1277 1285 doctrina
1321 1227 1689 1303 paucioribus
1732 1226 1834 1286 sub
1875 1226 2252 1304 conspectum

125 1308 405 1374 ponitur:
449 1319 577 1363 tum
605 1318 670 1363 ut
694 1311 922 1365 eximia:
957 1306 1038 1364 illi
1069 1304 1247 1367 sanai
1271 1307 1588 1384 Augustini
1616 1307 1884 1383 Operum
1908 1308 2176 1369 Editioni
2216 1329 2252 1369 a

123 1381 480 1443 Doeiiffimis
508 1385 1042 1462 religiosiffimisque
1081 1394 1212 1445 viris
1248 1402 1390 1444 ante
1434 1386 1662 1461 aliquot
1707 1407 1892 1447 annos
1925 1391 2253 1463 procuratae

123 1462 441 1536 nonnulla,
485 1486 593 1524 nec
615 1466 767 1524 forte
791 1469 1038 1536 inutilis,
1084 1467 1251 1524 fieret
1274 1466 1545 1528 aeceffi03
1588 1465 1709 1534 ejus
1742 1473 1846 1523 viri
1873 1465 2030 1525 libris
2056 1470 2246 1528 multi·

123 1543 382 1618 plicatis,
424 1553 522 1622 qui
556 1544 877 1621 susceptum
904 1545 979 1603 ab
1011 1544 1348 1624 Augustino
1368 1545 1859 1604 revincendorum
1891 1547 2250 1608 instruendo·

115 1643 366 1699 rumque
389 1626 986 1702 semipelagianorum
1012 1622 1275 1680 laborem
1303 1638 1543 1681 eatenus
1566 1624 1637 1682 ad
1668 1633 1896 1684 exitum
1919 1629 2250 1701 perduxisse

115 1703 227 1768 dici
258 1707 486 1780 potest,
529 1719 815 1780 quatenus
837 1703 935 1762 has
959 1702 1284 1779 Pelagianae
1315 1703 1586 1762 haereseos
1624 1706 1891 1779 reliquias
1924 1714 2096 1765 armis
2127 1728 2250 1766 om-

115 1786 323 1853 nibuS,
365 1807 506 1861 quas
528 1806 560 1844 e
592 1784 1035 1862 Pelagianorum
1063 1784 1226 1843 clade
1258 1783 1587 1859 superstites
1619 1784 1973 1844 videbantur
1998 1786 2256 1865 collegis.

114 1863 171 1926 se
202 1864 565 1938 spoliaverit:
610 1878 739 1923 tum
763 1864 1232 1940 denique(quod
1277 1865 1517 1940 quidem
1562 1872 1832 1924 omnium
1876 1874 2132 1927 maxime
2173 1867 2248 1927 ad

109 1943 271 2003 hunc
296 1941 560 2003 laborem
590 1944 1050 2022 aggrediendum
1074 1946 1395 2020 compulit,
1440 1949 1462 2018 )
1488 1961 1555 2006 ut
1579 1946 2043 2008 ILLUSTalssiMi
2084 1947 2248 2011 GAL-

109 2038 373 2085 LIARUM
409 2025 900 2095 CANCELLAmI,
943 2046 1120 2101 quem
1146 2025 1317 2104 sagax
1342 2027 1712 2102 providentia
1738 2034 1922 2087 totius
1949 2036 2113 2106 regni
2143 2036 2255 2088 uti-i
2336 2046 2340 2050 ·

115 2104 384 2164 litatibus
414 2105 639 2183 semper
679 2112 1024 2167 intentum3
1068 2107 1141 2164 de
1178 2109 1390 2166 litteris
1430 2128 1703 2184 quoque,
1749 2110 1805 2167 &
1844 2108 2250 2168 Ecclesiasticis

112 2184 461 2267 praesertim,
508 2189 922 2263 promovendis
955 2185 1269 2249 sollicitum
1298 2189 1463 2257 facit,
1496 2187 1767 2263 expreffis
1794 2193 1854 2246 in
1877 2206 1951 2247 eo
1970 2187 2128 2263 quod
2151 2191 2251 2247 hu·

115 2265 442 2327 maniffime
466 2268 741 2327 eoneeffit
765 2266 1085 2346 Privilegio
1107 2268 1396 2341 mandatis
1425 2268 1972 2344 obtemperaretur.

197 2347 314 2405 Cui
359 2349 595 2422 quidem
642 2348 909 2406 Editioni
953 2369 1121 2408 novae
1162 2354 1299 2425 quia
1341 2367 1543 2409 curam
1575 2349 1835 2408 nostram
1869 2350 2250 2425 laboremque

117 2428 612 2506 qualemcumque
656 2449 980 2504 apponere·
1026 2432 1158 2507 Deo
1202 2437 1619 2506 permittente,
1664 2428 2011 2502 suscepimus
2054 2447 2066 2481 :
2110 2430 2249 2488 ideo

117 2508 461 2568 incumbere
505 2511 671 2569 nobis
706 2508 1099 2586 agnoscimus,
1127 2525 1196 2568 ut
1229 2530 1337 2583 pro
1359 2528 1522 2567 more
1548 2507 1827 2577 solemni,
1870 2508 1947 2566 de
1965 2509 2247 2567 Auetoris

118 2587 646 2649 commendatione
663 2634 678 2659 ‚
720 2589 792 2645 de
814 2589 1080 2662 Operum
1107 2589 1273 2662 ipsius
1296 2589 1598 2656 instituto,
1640 2607 1708 2644 ac
1735 2587 1807 2644 de
1830 2587 2125 2646 Editioni's
2149 2589 2247 2645 hu-

115 2666 206 2742 jus
247 2666 454 2725 ordine
496 2666 549 2724 δε
589 2669 912 2727 commodis
954 2669 1205 2742 aliquem
1251 2667 1323 2723 ad
1368 2666 1644 2732 Lectores
1670 2665 1996 2725 sermonem
2038 2667 2247 2725 habea-

117 2766 253 2808 mus
272 2791 284 2803 .
329 2747 421 2805 At
448 2748 521 2806 de
552 2755 749 2824 primis
770 2746 997 2804 duobus
1024 2746 1108 2806 sat
1140 2747 1328 2806 multa
1357 2746 1499 2804 alibi
1524 2746 1717 2823 legere
1738 2747 1822 2805 est
1853 2768 1865 2802 ε
1907 2745 1981 2805 de
2024 2745 2247 2804 sanctifi

118 2828 248 2887 fimi
280 2828 339 2886 δε
370 2829 736 2887 eruditiffimi
770 2827 1052 2886 Auetoris
1074 2824 1296 2886 meritis
1337 2831 1391 2888 δι
1434 2826 1951 2886 commendatione
1994 2833 2055 2885 in
2101 2826 2243 2885 Vita

120 2908 326 2985 ipsum,
370 2928 496 2983 quae
529 2928 671 2968 mox
699 2908 1109 2968 Praefhtionem
1154 2911 1307 2967 hane
1343 2912 1624 2982 excipiet.
1669 2908 1763 2965 De
1805 2905 2010 2967 ordine
2045 2927 2188 2966 vero
2226 2951 2244 2978 ,

120 2987 217 3048 seu
252 3008 415 3050 anno
444 3010 563 3065 quo
590 2987 1052 3064 unumquodque
1095 3009 1240 3064 opus
1281 2988 1355 3046 ab
1398 3006 1472 3046 eo
1514 2985 1790 3062 scriptum
1832 2988 2036 3057 fuerit,
2081 2990 2139 3047 ἃ
2169 2986 2245 3045 de

121 3090 246 3147 quo
263 3085 617 3145 arg-umento
638 3069 855 3128 ibidem
883 3084 1091 3145 agatur
1109 3114 1123 3138 ‚
1166 3075 1226 3126 in
1256 3069 1687 3126 Admonitione
1712 3068 1940 3145 singulis
1961 3065 2135 3138 hujus
2152 3087 2246 3125 vo·

127 3150 362 3212 luminis
404 3150 752 3209 tractatibus
796 3155 1007 3225 praevia
1053 3149 1337 3224 plurima,
1382 3150 1468 3217 δε,
1512 3153 1574 3204 ni
1614 3147 1894 3218 fallimur,
1936 3167 2062 3222 quae
2104 3145 2245 3205 suffi-

128 3237 287 3291 ciant
306 3275 322 3302 ,
365 3237 763 3306 reperientur.
812 3228 983 3287 Unde
1006 3230 1116 3288 hoc
1140 3248 1322 3287 unum
1347 3226 1527 3286 modo
1562 3225 1813 3302 superest
1836 3226 2244 3303 praestandum,

131 3325 201 3370 ut
223 3309 434 3370 scilicet
466 3311 606 3386 quid
633 3317 695 3369 in
725 3311 836 3368 hae
862 3310 1147 3368 Editione
1167 3329 1200 3367 a
1234 3309 1401 3367 nobis
1429 3319 1726 3365 tentatum
1756 3323 1860 3366 aut
1883 3307 2155 3366 effessum
2174 3308 2245 3366 fir

125 3397 326 3467 paucis
360 3409 748 3466 exponamus:
796 3389 1104 3464 postquam
1141 3404 1347 3447 tamen
1379 3386 1659 3445 nonnulla
1693 3386 1770 3444 de·
1802 3386 2245 3446 veteribus-Ediss

129 3471 425 3542 tionibuS‚
466 3491 592 3546 quae
621 3490 694 3529 ex
728 3476 897 3529 variis
929 3469 1068 3528 locis
1109 3470 1184 3530 ab
1226 3476 1395 3529 anni-s
1433 3466 1559 3528 fere-
1594 3466 1858 3529 ducentis,
1899 3466 2244 3543 prodierunt

132 3549 593 3630 praemiserimus.
630 3591 632 3593 .
968 3619 978 3622 -.
1108 3585 1110 3588 ψ

213 3629 427 3709 Igitur,
468 3645 758 3706 quantum
783 3650 857 3690 ex
879 3630 1035 3688 libris
1059 3628 1493 3704 quos'manibus
1516 3641 1703 3686 terere
1724 3625 1929 3684 datum
1953 3626 2065 3697 est,
2107 3625 2250 3684 dum

133 3713 268 3773 huic
295 3717 458 3839 ogeri
488 3711 987 3781 incumberemu5‚
1032 3715 1292 3767 innotuit
1314 3753 1330 3778 ,
1374 3715 1528 3766 inter
1559 3723 1754 3767 cetera
1779 3704 1982 3827 fanestis
2020 3704 2251 3793 Prospe-
2299 3719 2302 3722 ·

230 3793 268 3830 S.
294 3791 361 3826 Pro
373 3790 464 3839 peri,
1853 3798 1870 3831 3
2173 3797 2203 3821 n
