2652 4126
479 259 589 322 242
666 244 938 304 sompnii
980 254 1059 298 ET
1101 252 1514 300 ΜοΝυΜΕΝΤΑ
1556 255 1704 315 QJAE
1732 241 2265 301 op.S-.PaoerR1.

295 400 394 431 docuit
404 399 455 432 Al-

295 440 394 471 bertus

292 480 456 556 ἕῖῗῖἓές,
474 509 525 543 Ex
545 503 741 543 enarratione
759 501 896 548 ejufiiem
916 500 949 535 in
969 500 1134 548 Psalmum
1149 490 1242 537 XLI.
1264 501 1349 548 vers.
1362 513 1397 546 9.

294 559 360 590 dist.
381 570 427 596 45.
841 564 923 589 num.
938 571 941 574 ⁴
957 556 1010 586 16.

291 607 348 631 art.
366 610 393 638 3.
417 600 452 631 ad

293 649 316 672 ι.
331 649 453 680 eamque

294 679 438 725 5¹²⁸‚e‘l'f⁶·
517 695 555 729 N
571 689 624 724 die
643 686 821 722 mandavit
839 685 999 722 Dominus
1019 685 1269 732 misericordiam
1281 688 1395 734 suam,

291 726 450 799 {ssggsrffit
541 741 582 775 (ἵ
599 737 687 774 noste
706 737 901 772 declarabit.
928 736 1025 775 Nulli
1046 749 1137 774 vacat
1154 739 1268 775 audire
1287 738 1320 774 in
1337 742 1394 774 tri-

290 799 430 838 Magissri
467 790 655 827 bulatione.
680 789 852 825 Attendite
877 801 953 824 curn
976 786 1070 823 vobis
1091 787 1173 824 bene
1191 787 1256 824 est:
1283 790 1394 825 audite

290 839 423 883 deinceps
466 854 544 878 cum
564 839 660 876 vobis
678 838 761 876 bene
782 837 846 873 est:
872 838 984 874 discite
1001 849 1080 873 curn
1098 838 1267 886 tranquilli
1293 839 1365 875 estis
1383 864 1396 882 ‚

291 889 322 948 'dn
332 889 411 947 eupi-
467 890 629 938 sapientiae
648 888 875 936 disciplinam,
901 893 935 925 δε
958 886 1100 924 verbum
1120 891 1190 925 Dei.
1217 900 1253 926 ut
1283 889 1395 926 cibum

291 928 447 989 ,6633ᾟῷ
466 940 630 987 colligite.
667 939 815 986 Quando
834 941 923 974 enim
953 937 1094 986 quisque
1121 942 1154 975 in
1176 938 1392 976 tribulatione

289 998 386 1028 iocum
463 990 509 1027 est
521 1017 530 1032 ,
558 989 705 1038 prodesse
724 988 770 1025 illi
791 987 890 1024 debet
909 988 1002 1034 quod
1021 987 1151 1025 securus
1161 990 1286 1025 audivit
1299 1015 1306 1023 .
1333 993 1392 1026 Et·

316 1039 388 1083 Vers.
397 1048 426 1075 9·
462 1044 551 1078 enim
578 1044 610 1076 in
631 1039 725 1076 rebus
745 1039 907 1086 prosperis
927 1037 1054 1076 mandat
1074 1038 1131 1074 tibi
1152 1041 1245 1075 Deus
1271 1040 1393 1077 miscri-

285 1079 372 1145 ἔξω·
397 1087 445 1117 3⁵·
461 1091 611 1128 cordiam
631 1090 742 1132 suam,
768 1089 790 1125 fi
809 1093 836 1124 ei
858 1089 999 1125 fideliter
1027 1088 1191 1126 servieris;
1217 1093 1292 1136 quia
1313 1089 1392 1126 libe·

286 1129 441 1193 2324&
460 1153 509 1178 rat
531 1153 563 1176 te
581 1141 623 1176 de
645 1139 884 1176 tribulatione:
909 1139 961 1175 sed
991 1151 1056 1173 non
1081 1138 1142 1174 tibi
1172 1139 1314 1175 declarat
1342 1143 1393 1188 ip-

458 1191 525 1227 sam
546 1189 821 1230 misericordiam,
846 1201 943 1235 quam
963 1187 1020 1224 tibi
1044 1201 1101 1234 per
1111 1189 1197 1224 diem
1209 1194 1388 1233 mandavit,

458 1240 514 1276 nifi
526 1253 584 1288 per
595 1241 728 1275 noctem
740 1266 748 1274 .
773 1243 865 1275 Cum
877 1241 1004 1273 venerit
1015 1240 1080 1284 ipsa
1090 1238 1260 1275 tribulatio
1270 1266 1281 1282 ,
1307 1253 1387 1277 tunc

457 1290 624 1337 adjutorio
643 1302 675 1325 te
691 1301 759 1324 non
778 1289 915 1325 deserit:
941 1287 1081 1324 ostendit
1104 1288 1163 1324 tibi
1186 1301 1302 1326 verum
1315 1290 1386 1326 fuis·

457 1339 510 1383 se,
537 1340 628 1387 quod
648 1337 707 1375 tibi
736 1351 794 1386 per
822 1339 910 1374 diem
942 1338 1123 1374 mandavit.
1150 1342 1283 1376 Etenim
1313 1340 1386 1377 scri-

459 1402 554 1439 ptum
575 1390 619 1426 est
637 1389 781 1436 quodam
800 1388 878 1424 loco
890 1413 899 1429 ‚
925 1388 1073 1436 Speciosa
1085 1388 1305 1426 misericordia
1318 1394 1388 1427 Do-

457 1444 537 1478 mini
557 1443 590 1476 in
611 1451 763 1488 tempore
781 1437 1028 1483 tribulationis,
1051 1438 1131 1475 ficut
1153 1439 1254 1476 nubes
1269 1441 1386 1488 pluviae

456 1493 491 1527 in
511 1502 662 1537 tempore
683 1490 848 1531 siccitatis.
876 1489 914 1522 In
945 1489 997 1531 die
1020 1490 1193 1523 mandavit
1227 1491 1387 1525 Dominus

455 1539 706 1584 misericordiam
710 1539 807 1585 suam
820 1564 829 1580 ‚
855 1538 898 1572 (Ὺ
919 1538 1006 1572 noHe
1026 1538 1228 1574 declarabit.
1256 1546 1334 1578 Non
1348 1545 1385 1578 ti-

454 1589 489 1626 bi
508 1589 651 1627 ostendit
671 1593 747 1638 quia
766 1589 918 1627 subvenit
937 1589 1020 1634 tibi,
1046 1589 1103 1626 nisi
1123 1592 1317 1628 venerittibi
1332 1595 1388 1628 tri·

454 1640 604 1685 bulatio,
628 1640 718 1677 unde
737 1644 857 1676 eruaris
879 1639 919 1676 ab
947 1639 1007 1677 illo
1035 1643 1091 1688 qui
1122 1639 1180 1677 tibi
1211 1655 1268 1690 per
1296 1643 1385 1690 diem*

455 1691 606 1739 promifit
618 1719 626 1727 .
652 1692 735 1728 Ideo
753 1691 972 1727 admonemur
991 1694 1108 1727 imitari
1121 1691 1296 1729 formicam
1308 1717 1315 1725 -
1331 1689 1389 1729 §si-

454 1753 511 1777 cut
529 1746 615 1776 enim
637 1741 834 1789 prosperitas
856 1741 961 1777 saeculi
991 1741 1189 1786 fignificatur
1216 1743 1270 1778 die
1288 1767 1300 1785 ,
1334 1743 1390 1779 ad-

454 1791 704 1827 verfitassaeculi
732 1791 928 1837 significatur
953 1792 1083 1828 noete:
1119 1794 1163 1827 ita
1188 1792 1255 1827 alio
1283 1794 1390 1829 modo

453 1840 650 1889 prosperitas
670 1841 773 1876 saeculi
795 1841 994 1887 significatur
1005 1841 1132 1883 aestate,
1157 1842 1327 1879 adversitas
1338 1843 1391 1879 sae·

454 1891 519 1926 culi
541 1891 738 1937 fignificatur
762 1890 905 1938 hyeme.
931 1894 975 1927 Et
999 1892 1082 1938 quid
1113 1892 1190 1927 facit
1217 1893 1390 1929 formica?

456 1944 522 1977 Per
541 1940 680 1976 :estatem
700 1936 851 1984 colligit,
877 1942 968 1988 quod
987 1945 1015 1976 ci
1049 1954 1105 1988 per
1133 1941 1289 1991 hyemem
1310 1955 1388 1992 pro-

456 1990 513 2026 fit.
540 1993 719 2035 Ergocutn
733 1990 778 2025 est
789 1989 897 2032 aestas,
923 2004 1000 2028 cum
1012 1991 1095 2027 benc
1105 1991 1151 2027 cst
1171 1992 1286 2036 vobis,
1309 2007 1388 2030 cuin

455 2039 623 2087 tranquilli
642 2039 714 2075 estis
733 2064 741 2079 ,
777 2040 886 2076 audite
908 2041 1048 2077 verbum
1078 2044 1219 2081 Domini
1241 2055 1261 2077 .’·
1287 2046 1387 2081 Unde

427 2102 431 2105 ’
453 2093 541 2125 enim
563 2090 633 2126 fieri
654 2089 763 2136 potest
781 2101 819 2127 ut
837 2094 870 2125 in
892 2090 952 2126 hac
972 2090 1162 2139 tempestate
1183 2093 1289 2130 s‘eculi
1322 2093 1387 2131 hu-

453 2142 503 2186 jus
521 2139 585 2175 fine
606 2139 816 2176 tribulatione
843 2151 955 2177 toturn
976 2141 1043 2177 hoc
1073 2155 1161 2178 mare
1187 2143 1355 2182 transeatis
1374 2148 1387 2181 ,²

453 2189 541 2226 unde
559 2190 630 2227 fleri
654 2190 783 2237 potest?
807 2195 861 2226 cui
880 2189 948 2227 hoc
968 2191 1148 2227 hominum
1159 2196 1326 2237 contigit?
1350 2197 1384 2228 Si

453 2242 596 2285 contigit
616 2239 730 2281 alicui,
765 2239 838 2286 plus
865 2240 1040 2275 metuenda
1056 2239 1112 2273 ⁸est
1137 2240 1201 2287 ipsa
1227 2240 1389 2284 tranquil-

453 2288 525 2325 litas
538 2313 547 2321 .

525 2507 575 2540 Ex
597 2496 813 2540 eiuratione
830 2503 969 2549 ejusdem
990 2504 1022 2538 in
1044 2504 1205 2551 Psalmum
1226 2503 1325 2539 XLV.

856 2566 941 2592 num.
967 2566 995 2590 1.

279 2632 437 2667 Rom.10.4.

531 2696 598 2731 Inis
618 2692 698 2739 legis
716 2691 870 2729 Christus
881 2692 919 2727 ad
941 2691 1096 2738 justitiam
1116 2694 1210 2727 omni
1230 2691 1385 2727 credenti.

556 2746 644 2780 Finis
661 2754 768 2779 autem
787 2743 928 2784 dicitur,
956 2755 1022 2777 non
1033 2745 1108 2788 quia
1119 2742 1307 2781 consumit,
1332 2741 1387 2778 sed

456 2797 532 2840 quia
553 2792 703 2840 perficit.
727 2796 816 2829 Nam
838 2796 870 2826 δι
891 2792 1021 2828 finitum
1041 2791 1151 2828 eibum
1169 2792 1309 2827 dicimus
1330 2795 1389 2839 qui

457 2841 734 2881 manducabatur.
762 2845 796 2878 &
812 2840 939 2877 finitam
959 2844 1103 2878 tunicam
1122 2855 1196 2892 quae
1205 2840 1389 2877 texebatur:

458 2892 540 2928 illud
556 2892 596 2928 ad
622 2892 930 2939 consumptionem,
959 2890 1027 2927 hoe
1055 2892 1095 2927 ad
1126 2891 1358 2939 pcrfefflonem
1379 2919 1387 2927 .

458 2945 549 2989 Qia
565 2953 645 2988 ergo
664 2941 750 2978 ultra
769 2953 839 2989 quo
849 2942 1017 2978 tendamus
1028 2954 1095 2976 non
1107 2940 1286 2986 habemus,
1310 2954 1388 2979 cum

461 2992 501 3028 ad
522 2990 696 3028 Christum
718 2996 983 3038 pervenerimus.
1010 2991 1075 3039 ipse
1094 2991 1205 3029 cursus
1227 2991 1328 3029 nostri
1351 2994 1387 3029 fi-

463 3044 513 3077 nis
530 3043 667 3078 dicitur.
694 3045 768 3078 Nec
795 3053 910 3089 putare
937 3040 1112 3081 debemus.
1138 3046 1215 3088 quia
1244 3055 1321 3078 cum
1349 3043 1389 3079 ad

462 3091 556 3127 illum
576 3094 839 3139 pervenerimus,
865 3091 989 3139 aliquid
1009 3092 1147 3139 amplius
1175 3090 1329 3128 debemus
1346 3097 1390 3128 ni¹

462 3145 486 3177 ti
505 3153 542 3178 ut
561 3144 595 3176 &
615 3141 655 3176 ad
676 3146 806 3178 Patrem
829 3146 1075 3187 perveniamus.
1102 3144 1180 3177 Hoc
1199 3145 1288 3178 enim
1302 3154 1390 3188 puta·

463 3194 510 3227 vit
530 3195 564 3227 &
582 3189 779 3238 Philippus,
804 3203 881 3227 cum
900 3194 929 3225 ei
948 3192 1055 3233 dixit,
1082 3193 1229 3226 Domine
1253 3216 1262 3232 ‚
1286 3192 1392 3227 osten-

463 3241 505 3277 de
525 3239 619 3277 nobis
638 3244 787 3282 Patrem,
813 3244 846 3275 &
876 3239 995 3275 sufficit
1022 3239 1137 3276 nobis.
1162 3245 1253 3277 Cum
1282 3243 1362 3279 dicit
1383 3269 1392 3285 ,

278 3061 439 3101 joan-1408.

465 3290 585 3328 sufficit
602 3289 697 3327 nobis
711 3315 720 3330 ,
747 3290 848 3325 finem
869 3293 986 3337 quaerit
997 3290 1144 3326 satietatis
1163 3295 1197 3327 &
1221 3291 1400 3338 perfeetio-

465 3365 491 3383 „
516 3345 585 3377 nis.
613 3342 658 3376 Et
685 3339 758 3376 illet
795 3342 928 3383 Tanto,
953 3342 1081 3386 inquit,
1108 3351 1259 3386 tempore
1289 3342 1395 3378 vobis-

467 3415 490 3432 „
517 3403 594 3427 cum
620 3391 713 3432 sum,
737 3394 772 3425 δε
791 3401 856 3424 non
884 3388 1087 3435 cognovistis
1114 3392 1190 3425 me?
1215 3389 1368 3439 Philippe
1385 3418 1394 3434 ‚

285 3415 371 3493 εἴη’
389 3426 428 3446 ¹0'
469 3464 494 3481 ‚,
519 3443 574 3485 qui
596 3440 680 3476 vidit
701 3453 779 3482 me,
804 3440 888 3475 vidit
909 3444 941 3475 &
973 3444 1102 3475 Patrem
1123 3466 1130 3474 .
1164 3444 1202 3476 In
1229 3441 1288 3476 illo
1315 3454 1396 3489 ergo

468 3487 626 3574 hapemtg
641 3493 807 3577 Pastregcni)
821 3492 897 3537 quia
918 3488 984 3536 ipse
1004 3492 1037 3574 ip
1057 3493 1150 3526 Patre
1177 3493 1211 3526 &
1241 3495 1334 3528 Pater
1362 3495 1396 3528 in

470 3550 563 3585 ipo,
643 3550 709 3585 ipe
808 3551 876 3576 ater
893 3552 997 3578 unum
1030 3550 1107 3575 unt.

1455 490 1506 524 Ex
1525 485 1642 522 eadem,
1655 466 1860 521 enarratione
1877 487 1911 522 in
1929 487 2094 535 Psalmum
2115 487 2213 523 XLV.
2232 488 2318 536 vers:
2348 461 2384 527 ιζ

1845 549 1932 573 num.
1953 550 1991 585 3.λ
2294 543 2300 560 ⁴·

1572 639 1661 677 Ultae
1682 638 1754 675 sunt
1776 639 2026 683 tribulationes,
2051 643 2086 676 δι
2104 644 2136 676 in
2160 644 2253 677 omni
2281 641 2385 679 tribu·

1574 690 1694 726 latione
1724 689 1763 725 ad
1792 693 1905 729 Deum
1934 690 2198 737 confugiendum
2225 690 2293 728 est:
2319 691 2384 729 five

1453 740 1493 777 fit
1511 739 1682 776 tribulatio
1700 743 1732 776 in
1754 753 1793 776 re
1807 740 1956 777 familiari
1971 767 1980 782 ,
2006 741 2070 776 sive
2090 741 2128 778 fit
2147 745 2180 777 in
2201 741 2383 779 salutecora.

1456 793 1564 838 poris,
1589 789 1652 826 five
1680 789 1722 825 de
1753 791 1903 837 periculo
1926 790 2214 839 charissimorum,
2247 791 2314 829 five
2340 793 2383 828 de

1455 840 1562 887 aliqua
1581 853 1617 876 re
1636 841 1676 876 ad
1695 839 1792 884 hujus
1811 844 1885 876 vitae
1902 839 2156 878 sustentaculum
2175 840 2350 879 „necess'aria
2372 855 2383 884 ‚·

1454 894 1594 926 omnino
1623 889 1710 925 aliud
1750 890 1917 937 refugium
1945 903 2013 926 non
2043 890 2142 928 debet
2165 889 2224 927 effe
2251 890 2382 929 homini

1453 939 1648 977 Christiano
1667 952 1765 987 quam
1785 940 1934 976 Salvator
1952 943 2041 986 ejus,
2065 954 2166 988 quam
2185 945 2276 979 Deus
2292 944 2383 988 eius,

1452 1003 1524 1037 quo
1562 989 1848 1036 nmmos-egerit,
1873 990 1969 1026 fortis
1991 991 2046 1026 fit.
2074 996 2154 1028 Non
2177 992 2338 1039 enimipse
2348 996 2383 1028 in

1450 1041 1484 1077 se
1506 1041 1601 1078 fortis
1617 1043 1705 1083 erit,
1730 1053 1784 1076 aut
1803 1040 1860 1077 fibi
1880 1040 2135 1088 ipse-fortitudo
2154 1046 2239 1084 erit,
2265 1041 2318 1078 sed
2327 1042 2383 1078 ille

1451 1090 1499 1127 illi
1519 1090 1685 1128 fortitudo
1701 1094 1867 1138 erit‚.vqui
1887 1091 2053 1139 refitgium
2080 1094 2148 1138 ejus
2175 1092 2278 1128 faetus
2306 1091 2353 1128 est
2373 1117 2381 1126 .

1450 1143 1710 1183 Verumtamen,
1736 1141 1930 1184 Carissimig
1945 1145 2030 1178 inter
2055 1154 2179 1189 omnes
2198 1141 2382 1179 tribulatio-

1447 1204 1504 1227 nes
1525 1191 1677 1228 humanae
1704 1196 1849 1233 animae,
1887 1191 1976 1228 nulla
2004 1191 2050 1227 est
2078 1194 2183 1237 major
2211 1191 2383 1229 tribulatio

2418 1147 2489 1187 Verfi
2506 1157 2536 1180 ι.

1446 1254 1544 1289 quam
1563 1243 1757 1278 conscientia
1775 1241 1997 1278 delictorum.
2024 1245 2183 1289 Namque
2201 1242 2222 1278 fi
2243 1241 2288 1279 ibi
2311 1242 2382 1279 vul-
2441 1280 2447 1287 ⁴

1448 1304 1510 1327 nus
1530 1292 1677 1334 non-sit,
1703 1292 1878 1339 sanumque
1903 1291 2053 1329 {it-intus
2073 1291 2251 1335 hominis,
2285 1293 2380 1340 quod

1445 1340 1643 1378 conscientia
1662 1353 1819 1385 vocatur,
1844 1341 2048 1391 ubicumque
2057 1341 2137 1380 alibi
2162 1341 2262 1390 paffus
2283 1342 2384 1379 fuerit

1446 1390 1674 1429 tribulationes
1702 1418 1712 1434 ,
1750 1391 1829 1429 illuc
1855 1392 2024 1439 confugiet
2043 1418 2054 1435 ,
2099 1397 2132 1429 &
2162 1391 2208 1429 ibi
2235 1395 2385 1429 inveniet

1445 1444 1557 1479 Deum
1577 1467 1586 1475 .
1615 1445 1646 1479 Si
1666 1454 1777 1479 autem
1798 1442 1842 1479 ibi
1870 1446 1998 1489 requies
2027 1456 2096 1479 non
2126 1441 2172 1479 est
2191 1467 2204 1486 ,
2241 1454 2386 1491 propter.

1445 1491 1676 1529 abundantiam
1698 1495 1897 1540 iniquitatis,
1922 1497 2080 1540 quoniam
2100 1497 2132 1530 &
2154 1492 2199 1529 ibi
2211 1495 2302 1530 Deus
2314 1504 2386 1529 non

1446 1541 1512 1580 ests
1537 1542 1619 1590 quid
1641 1542 1781 1579 facturus
1801 1542 1847 1580 est
1857 1542 1985 1581 homo?
2009 1542 2279 1592 quoconfugiet,
2305 1554 2385 1582 cum

1447 1596 1590 1640 coeperit
1609 1597 1682 1641 pati
1695 1592 1943 1630 tribulationes?
1969 1596 2086 1641 Fugiet
2113 1593 2154 1630 ab
2178 1604 2258 1639 agro
2277 1593 2318 1629 ad
2337 1595 2385 1629 ci-

1448 1646 1605 1686 vitatem,
1630 1655 1648 1679 a
1669 1642 1805 1691 publico
1825 1644 1865 1679 ad
1885 1644 2048 1687 domum,
2072 1657 2090 1680 a
2109 1644 2213 1679 domo
2232 1646 2265 1680 in
2291 1641 2385 1680 cubi-

1449 1693 1584 1736 culum,
1611 1697 1646 1729 &
1673 1693 1818 1741 sequitur
1844 1693 2012 1730 tribulatio
2031 1721 2039 1730 .
2076 1697 2108 1730 A
2135 1692 2292 1730 cubiculo
2320 1694 2383 1738 iam

1451 1753 1523 1788 quo
1540 1744 1643 1790 fugiat
1664 1757 1732 1780 non
1753 1742 1874 1787 habet,
1893 1744 1950 1780 nifi
1963 1747 1992 1779 in
2004 1747 2139 1781 interius
2149 1743 2259 1780 cubile
2269 1743 2384 1781 suum-

1451 1797 1561 1830 Porro
1579 1794 1600 1832 fi
1622 1793 1665 1830 ibi
1685 1792 1850 1832 tumultus
1870 1794 1940 1838 est,
1965 1794 1987 1831 st
2006 1794 2113 1831 sumus
2132 1797 2334 1842 iniquitatis,
2359 1792 2384 1831 fi

1450 1844 1584 1880 flamma
1605 1845 1751 1888 sceleris,
1778 1858 1846 1881 non
1869 1844 1949 1882 illuc
1962 1844 2068 1892 potest
2088 1844 2290 1890 confugere,
2315 1842 2385 1894 pel.-

1449 1894 1530 1930 litur
1545 1892 1646 1932 indes
1671 1900 1702 1932 &
1725 1908 1802 1932 cum
1822 1895 1898 1932 inde
1910 1895 2065 1943 pellitur,
2089 1908 2107 1931 a
2125 1894 2227 1941 seipso
2237 1893 2382 1942 pellitur.

1449 1946 1497 1981 Et
1518 1958 1593 1981 ecce
1614 1945 1744 1982 hostem
1764 1945 1855 1981 suum
1877 1950 2000 1982 invenit
2010 1958 2080 1993 quo
2098 1945 2314 1991 confugerats
2339 1943 2383 1980 se·
2402 1967 2405 1969 <

1449 1995 1555 2043 ipsum
1574 1996 1830 2044 quo‘sugiturus
1851 1996 1921 2032 est?
1946 1995 2326 2044 roumquefitgerit‚
2353 1992 2385 2031 se

1448 2044 1553 2082 trahit
1571 2045 1646 2094 post
1668 2046 1717 2084 se3
1743 2050 1777 2083 δε
1793 2059 2008 2095 quocumque
2036 2046 2134 2083 talem
2159 2047 2294 2083 traxerit
2320 2042 2352 2080 se
2373 2068 2384 2085 ,

1446 2099 1572 2132 cruciat
1594 2096 1624 2132 se
1642 2097 1684 2132 de
1702 2097 1750 2132 se.
1779 2096 1952 2144 Ipsae-sunt
1977 2095 2208 2133 tribulationes
2234 2106 2307 2140 qnae
2333 2096 2385 2129 in·

1446 2149 1583 2182 veniunt
1608 2145 1781 2181 hominem
1806 2148 1905 2179 nimis
1924 2157 1936 2178 ι
1968 2143 2151 2178 acerbiores
2187 2145 2275 2177 enim
2312 2152 2381 2177 non

1447 2195 1537 2229 sunt:
1566 2204 1659 2226 tanto
1686 2190 2068 2238 nonpsuntacerbiores,
2093 2202 2298 2238 quantonon
2309 2189 2385 2228 sunt

1445 2243 1636 2275 interiores.
1664 2241 1786 2276 Videte
1803 2265 1815 2282 ,
1852 2241 2018 2276 Cariffimi
2041 2265 2053 2282 ‚
2088 2253 2166 2275 curn
2193 2241 2281 2285 ligna
2306 2240 2385 2282 deji-

1446 2294 1580 2326 ciuntur
1605 2294 1639 2325 δε
1667 2290 1850 2336 probantur
1875 2303 1892 2324 a
1919 2289 2017 2324 fabris
2036 2313 2048 2330 ,
2073 2289 2251 2334 aliquando
2279 2291 2311 2324 in
2337 2287 2386 2325 su·

1446 2340 1581 2387 perficie
1610 2339 1762 2374 videntur
1781 2338 1871 2385 quasi
1897 2338 1965 2375 laesa
1996 2340 2030 2373 δε
2060 2341 2189 2385 putria:
2214 2337 2305 2375 faber
2331 2349 2385 2375 au-

1446 2400 1515 2425 tem
1554 2388 1684 2434 inspicit
1717 2400 1886 2435 tamquam
1923 2387 2103 2425 medullam
2131 2390 2323 2424 interiorem
2347 2387 2385 2424 li-

1444 2442 1518 2484 gnis
1545 2442 1579 2475 δι
1605 2437 1627 2473 fi
1654 2436 1724 2474 sana
1751 2442 1839 2476 intus
1866 2438 1953 2485 ligna
1970 2442 2190 2487 cognoverit,
2216 2440 2384 2486 promittit

1444 2500 1478 2523 ea
1506 2491 1537 2522 in
1566 2488 1707 2523 aedificio
1731 2488 1905 2526 duraturas
1931 2502 1990 2525 nec
2015 2488 2109 2525 valde
2134 2488 2247 2525 eritde
2273 2487 2384 2538 super-

1445 2537 1518 2573 ficie
1545 2536 1612 2573 laesa
1642 2537 1822 2580 sollicitus,
1848 2540 1984 2587 quando
2005 2539 2038 2575 id
2064 2539 2157 2587 quod
2185 2536 2379 2575 interiusest

1446 2587 1559 2623 fanum
1587 2591 1769 2624 renuntiat.
1796 2593 1904 2625 Porro
1930 2588 2383 2626 hominiinteriusconscien·

1446 2641 1490 2673 tia
1516 2650 1583 2673 non
1613 2642 1796 2674 invenitur:
1825 2640 1906 2687 quid
1933 2643 2032 2686 igitur
2059 2637 2212 2688 prodest,
2238 2638 2260 2674 fi
2286 2638 2384 2686 quod

1447 2687 1493 2723 est
1518 2691 1662 2724 exterius
1689 2689 1797 2725 sanum
1823 2688 1891 2732 est,
1916 2694 1950 2726 δε
1978 2690 2160 2737 putrefacta
2186 2688 2232 2724 est
2257 2688 2386 2727 medul-

1447 2737 1477 2774 la
1504 2737 1728 2775 conscientiae?
1755 2742 1846 2776 Artae
1872 2740 1957 2782 illae,
1982 2744 2015 2776 δι
2042 2739 2255 2776 vehementes
2275 2742 2383 2776 omni·

1449 2801 1514 2830 uo,
1539 2793 1572 2823 δε
1601 2788 1679 2824 ficut
1707 2789 1852 2826 psalmus
1877 2790 1943 2837 ipse
1969 2793 2036 2832 ait,
2061 2793 2171 2827 nimiae
2197 2788 2384 2826 tribulatio·

1448 2851 1503 2874 nes
1531 2837 1622 2874 sunt:
1649 2850 1755 2875 tamen
1782 2843 1816 2875 &
1842 2843 1875 2875 in
1904 2838 1956 2876 his
1982 2840 2114 2886 adjutor
2141 2840 2189 2878 est
2211 2842 2382 2877 Dominus

1448 2889 1649 2924 dimittendo
1677 2901 1804 2936 peccata
1823 2916 1831 2925 .
1867 2893 2068 2938 Iniquorum
2101 2895 2190 2927 enim
2215 2889 2381 2926 conscien-

1447 2942 1509 2974 tias
1535 2951 1601 2974 non
1627 2939 1735 2981 sanat,
1761 2938 1820 2974 nifi
1847 2941 2065 2987 indulgentia.
2090 2944 2121 2978 Si
2149 2943 2376 2985 enimmagnas

1448 2988 1678 3025 tribulationes
1705 2988 1823 3025 habere
1850 2990 1880 3025 se
1905 2992 1987 3027 dicit
2012 2990 2144 3028 debitor
2169 2987 2235 3025 fisci
2256 2989 2382 3025 confes-

1450 3039 1523 3083 sus,
1547 3044 1580 3075 &
1609 3041 1739 3074 intuens
1762 3039 1921 3086 angustias
1949 3045 1992 3076 rei
2020 3039 2182 3077 familiaris
2193 3039 2277 3081 suae,
2302 3051 2382 3075 cum

1450 3088 1481 3124 se
1508 3089 1597 3125 videt
1622 3101 1689 3124 non
1719 3087 1803 3137 polle
1829 3089 1889 3126 effe
1910 3090 2091 3132 solvendo,
2120 3091 2384 3136 propterimmi·

1451 3149 1562 3175 nentes
1588 3143 1677 3174 omni
1705 3140 2048 3188 annocompulsores,
2074 3140 2303 3176 tribulationes
2315 3152 2384 3176 tna·

1451 3200 1530 3235 gnas
1559 3187 1590 3224 se
1621 3192 1685 3234 pati
1714 3189 1819 3232 dicit,
1856 3202 1916 3226 nec
1940 3189 2074 3236 usquam
2102 3189 2237 3238 respirat
2263 3189 2319 3225 nifi
2349 3192 2382 3226 in

1453 3238 1510 3286 spe
1535 3238 1746 3283 indulgentiae
1771 3252 1881 3275 rerum
1907 3249 2128 3275 terrenarum:
2163 3250 2291 3286 quanto
2316 3251 2383 3275 ma-

1453 3292 1502 3336 gis
1525 3287 1660 3325 debitor
1687 3301 1856 3336 poenarum
1882 3288 1924 3324 de
1948 3288 2144 3326 abundantia
2165 3290 2384 3332 delictorum,

1453 3338 1590 3385 quando
1616 3339 1732 3375 reddet
1756 3338 1847 3385 quod
1873 3337 1973 3376 debet
1998 3339 2040 3375 de
2066 3339 2148 3376 mala
2172 3339 2384 3382 conscientia,

1453 3388 1587 3435 quando
1612 3387 1633 3422 fi
1662 3388 1859 3428 reddiderit,
1885 3387 1950 3434 ipse
1977 3392 2085 3436 perit?
2110 3392 2190 3427 Hoc
2217 3392 2303 3425 enim
2328 3389 2384 3424 de-

1455 3437 1564 3474 bitum
1592 3437 1750 3481 reddere,
1775 3450 1889 3484 poenas
1914 3438 2006 3474 luere
2030 3438 2095 3475 est.
2123 3438 2237 3477 Restat
2254 3451 2335 3485 ergo
2345 3449 2382 3475 ut

1454 3489 1496 3523 de
1522 3486 1620 3535 ipsius
1646 3487 1844 3533 indulgentia
1871 3487 1971 3524 securi
1999 3487 2057 3526 effe
2084 3490 2258 3537 possimus:
2291 3488 2313 3525 fi
2341 3499 2385 3526 ta·

1455 3549 1529 3573 men
1563 3547 1692 3583 accepta
1726 3537 1927 3583 indulgentia
1963 3550 2030 3575 non
2067 3539 2174 3578 rursus
2206 3540 2248 3576 ad
2272 3537 2383 3577 debita

1455 3585 1678 3623 contrahenda
1705 3586 1890 3623 redeamus.

2284 3891 2334 3925 Ex
