2652 4126
219 3548 231 3563 Θ

481 181 588 246 278.

478 268 645 311 machinis
658 265 909 321 conquassantur
919 291 930 308 ‚
957 263 1054 302 urbes
1061 271 1292 309 expugnantur
1301 259 1320 301 ‚⁵
1331 272 1412 298 con-

479 324 571 371 juges
586 319 797 360 abducuntur
819 342 829 359 ,
862 315 957 351 liberi
983 317 1017 350 in
1046 313 1240 350 servitutem
1259 310 1411 357 redigun-

480 385 536 410 tur
545 373 635 418 ,agri
644 370 807 408 vastantur
815 370 850 402 &
862 374 1006 401 uruntur
1023 379 1033 400 t
1060 361 1232 399 arboribus
1242 361 1314 411 ipsis
1323 386 1337 404 ,
1345 372 1411 397 tan-

480 434 580 473 quam
597 423 747 468 injuriam
766 414 958 457 intulerint,
983 412 1072 450 haud
1093 423 1297 461 temperatur
1315 425 1325 447 t
1350 424 1412 447 cae-

479 474 537 511 'des
556 472 595 509 fit
619 479 736 514 magna
754 468 913 513 juvenum
937 476 974 501 ac
994 466 1144 500 virorum
1156 488 1168 505 ,
1195 464 1324 509 rivique
1343 461 1410 497 san-

483 525 586 570 guinis
609 533 626 555 a
654 517 757 564 strage
781 515 978 552 cadaverum
1006 512 1178 561 profluunt
1204 525 1240 550 ac
1267 511 1410 549 volvun-

480 584 535 610 tur
555 584 565 606 ε
588 566 908 614 facultatesdenique
932 568 966 602 δι
985 563 1128 600 sortunae
1139 575 1256 599 eorum
1267 566 1325 614 qui
1339 566 1409 599 vin·

477 631 619 661 cuntur,
645 620 773 666 praemii
791 615 870 652 loco
896 613 1077 653 victoribus
1087 613 1208 650 cedunt
1233 613 1408 649 universae.

476 669 573 719 Qid
582 667 726 706 deinde?
749 666 924 704 viduarum
941 664 1100 707 lamenta,
1126 663 1332 717 pupillorum
1350 663 1409 700 fle-

475 732 551 763 tus,
575 722 610 757 &
634 728 784 767 parentes
807 716 881 752 suos
900 714 1086 753 libertatem
1111 714 1254 752 amissam
1276 713 1409 760 elugen-

473 776 560 808 tium
587 795 596 805 .
632 771 704 813 Qui
733 766 972 806 nudiustertius
996 763 1177 802 multarum
1204 776 1410 811 magnarum·

472 833 540 869 que
557 819 750 857 divitiarum
776 814 950 864 possessor,
975 826 1049 853 tum
1061 814 1200 852 frustum
1222 818 1312 860 panis
1330 827 1408 863 pro-

473 869 560 908 tensa
578 869 711 907 dextera
719 867 881 905 mendicat
900 880 910 903 ε
934 869 991 914 qui
1013 865 1121 902 servos
1138 864 1327 913 complures
1350 863 1410 902 ha·

471 920 589 958 buerat
607 929 775 960 textores,
800 915 948 963 aedesq-ue
959 914 1100 953 vestibus
1118 915 1274 956 refertas,
1299 914 1409 952 lacero

471 971 664 1019 detritoque
680 967 763 1005 male
783 968 890 1006 reQus
904 965 1103 1014 panniculo,
1130 965 1319 1003 servitutem
1340 964 1407 1012 ipse

470 1019 594 1063 servit,
619 1024 655 1057 δι
671 1030 824 1066 aggerere
842 1029 981 1065 aquam,
1008 1016 1112 1067 equili
1132 1015 1255 1053 stercus
1275 1015 1407 1052 abrade-

470 1083 532 1113 re,
556 1074 591 1108 δι
609 1068 800 1116 huiusmodi
820 1067 910 1106 foeda
931 1066 1039 1104 subire
1058 1065 1233 1103 ministeria
1252 1068 1405 1112 cogitur.

471 1118 550 1159 Alia
569 1118 718 1157 sexcenta
736 1117 820 1155 mala
844 1117 918 1154 sunt
943 1130 1017 1166 quae
1042 1117 1228 1153 summatim
1255 1119 1407 1153 oratione

472 1168 679 1218 eompleffi,
704 1167 903 1216 impossibile
922 1194 931 1205 .
955 1170 1125 1205 Omnium
1149 1177 1261 1203 autem
1287 1179 1405 1204 eorum

469 1219 563 1258 causa
579 1231 619 1256 ac
642 1218 736 1256 radix
753 1218 831 1266 plus
845 1216 990 1255 habendi
1009 1216 1193 1264 cupiditas,
1217 1220 1251 1252 δε
1273 1219 1407 1264 iniquus

469 1269 655 1307 alienorum
680 1267 853 1306 bonorum
877 1277 973 1304 amor
992 1295 1001 1304 .
1027 1270 1122 1304 Hanc
1147 1266 1357 1306 affectionem
1381 1267 1404 1303 fi

467 1323 545 1369 quis
560 1317 740 1356 hominum
750 1317 941 1367 pefiioribus
951 1321 1120 1364 exegerit,
1145 1315 1230 1353 nihil
1240 1318 1404 1365 eritquod

470 1380 583 1413 vetet,
608 1372 689 1418 quin
712 1372 790 1406 &in
808 1369 871 1406 alta
881 1381 960 1416 paee
980 1366 1155 1415 tranquille
1165 1368 1343 1413 degamus,
1370 1372 1402 1405 δι

468 1423 579 1457 omnis
590 1419 723 1467 prorsus
731 1418 841 1456 exulet
851 1432 869 1456 e
878 1423 944 1455 vita
954 1418 1063 1455 nostra
1074 1421 1247 1455 contentio
1258 1443 1272 1460 ,
1295 1429 1406 1454 terror

469 1482 570 1519 atque
583 1469 788 1518 perturbatio
798 1484 809 1505 ε
820 1472 904 1516 quin
916 1472 1073 1516 protinus
1084 1467 1266 1506 naturalem
1278 1468 1317 1505 ad
1327 1467 1405 1503 cha·

468 1524 599 1556 ritatem
617 1525 651 1556 &
672 1523 850 1557 amicitiam
870 1520 1004 1556 redeant
1014 1531 1150 1555 omnes.
1177 1520 1223 1554 Et
1233 1531 1268 1554 ea
1279 1531 1313 1554 re
1333 1521 1406 1556 Do-

467 1575 579 1606 minus
604 1569 717 1607 noster
741 1569 840 1607 bonis
866 1573 1006 1606 monitis
1029 1567 1308 1614 diligenterhunc
1319 1581 1409 1604 mor-

323 1651 370 1678 ,W
390 1657 403 1677 r
422 1650 437 1678 6
467 1620 548 1657 bum
564 1632 684 1665 curat,
706 1620 788 1658 dum
797 1620 874 1657 alias
891 1620 1030 1667 quidem
1047 1618 1211 1662 affirmat,
1239 1631 1307 1655 non
1319 1617 1408 1666 poiie

270 1659 419 1725 υ“4’“
441 1669 451 1678 ’
467 1684 528 1707 nos
552 1675 633 1710 Deo
660 1671 757 1707 simul
776 1673 810 1707 δι
829 1671 1035 1710 Mammonae
1061 1671 1203 1708 servires
1226 1669 1304 1705 alias
1327 1682 1410 1704 vcro

302 1731 381 1761 Lucae
402 1731 447 1759 16.
465 1721 610 1759 divitem
643 1720 739 1758 illum
772 1721 928 1758 miserum
961 1723 1125 1768 proponit
1145 1744 1159 1762 ,
1191 1723 1250 1767 qui
1283 1723 1410 1765 magnis

271 1782 302 1798 v·
329 1781 372 1808 ἶ3-
462 1770 732 1818 cogitationibus
754 1770 871 1818 plenus
890 1795 904 1813 ,
937 1783 974 1806 ac
1000 1771 1194 1807 diuturnam
1219 1768 1278 1805 fibi
1313 1770 1407 1816 spon·

296 1811 379 1878 ως*
402 1821 448 1843 ¹²·
465 1822 549 1858 dens
565 1821 781 1870 voluptatum
799 1820 993 1857 fruitionem
1006 1846 1020 1864 ,
1042 1832 1111 1856 non
1131 1819 1406 1858 ultracrastinum

268 1860 298 1879 v.
327 1862 335 1879 ⁸
361 1873 371 1884 ⁸
465 1875 571 1910 vitam
596 1883 664 1909 erat
692 1871 935 1919 produ&urus.
961 1870 1027 1906 Sed
1054 1873 1089 1908 ὃς
1113 1869 1215 1911 alibi,
1238 1870 1322 1906 dum
1337 1875 1404 1907 exi-

466 1925 573 1959 mium
591 1927 625 1958 δι
645 1925 791 1957 numeris
813 1919 967 1956 omnibus
991 1918 1178 1957 absolutum
1204 1918 1300 1957 illum
1324 1932 1403 1966 prae·

465 1972 555 2007 dieat
575 1997 590 2015 ,
620 1973 680 2017 qui
713 1969 883 2006 facultates
905 1969 976 2006 suas
1005 1969 1207 2018 pauperibus
1230 1971 1406 2018 dilargitus

464 2022 505 2058 ad
531 2024 669 2068 inopem
693 2018 945 2066 Philosophiam
971 2017 1087 2066 sponte
1111 2019 1305 2068 properabit
1322 2048 1334 2066 ‚
1367 2022 1402 2056 il·

465 2071 529 2107 lam
540 2073 673 2107 virtutis
693 2082 832 2107 matrem
844 2081 943 2119 atque
952 2069 1247 2108 contubernalem
1273 2072 1404 2107 Verum

462 2119 525 2158 hie
542 2121 655 2158 audire
676 2117 761 2157 mihi
771 2119 910 2162 videor,
934 2123 1034 2157 etiam
1046 2123 1080 2156 in
1097 2120 1249 2162 silentio,
1277 2121 1404 2168 publici

464 2170 589 2219 saporis
609 2170 836 2219 quorumdam
857 2183 959 2207 voces
975 2170 1099 2218 quibus
1124 2171 1323 2207 doctoribus
1342 2171 1402 2207 ob-

464 2219 566 2269 strepi
577 2221 659 2258 solet
668 2245 680 2255 ι
705 2224 751 2258 Et
761 2220 942 2268 quomodo
951 2224 1055 2257 vitam
1064 2244 1078 2260 ,
1086 2223 1242 2263 inquiunt
1253 2245 1264 2258 ‚
1284 2221 1303 2252 s
1299 2221 1403 2255 usten-
1462 2244 1467 2245 γ

466 2269 639 2310 tabimus„
662 2269 687 2304 fi
707 2273 757 2304 rei
781 2269 953 2305 familiaris
965 2266 1062 2301 nulla
1085 2277 1160 2300 cura
1177 2268 1193 2300 3-
1222 2265 1403 2309 quomodo

465 2316 634 2359 necessaria
651 2313 1065 2363 comparare.velabimus?
1088 2314 1267 2359 quomodo
1287 2314 1339 2349 vel
1361 2326 1403 2349 aes

466 2367 615 2405 alienum
624 2365 838 2405 dissolvetur,-
859 2363 913 2398 vel
924 2374 1082 2398 mutuum
1107 2366 1231 2408 petenti
1252 2363 1404 2403 dabitur,

469 2417 492 2456 fi
521 2427 582 2452 tuo
606 2412 747 2452 consilio
773 2421 999 2460 paupertatem
1021 2422 1139 2446 omnes
1161 2411 1309 2457 amplexi
1333 2409 1402 2445 sue-

471 2468 596 2503 rimus?
623 2462 791 2501 Increduli
808 2460 868 2498 iste
878 2460 988 2497 sermo
1005 2463 1039 2497 δι
1059 2459 1404 2508 diffidentisinfipien·
1422 2469 1424 2475 ’

468 2520 516 2553 -tis
531 2513 586 2552 hae
606 2527 723 2556 voces,
748 2517 782 2548 δε
804 2512 983 2558 ignorantis
1007 2510 1104 2557 quod
1129 2509 1322 2545 Dominum
1348 2508 1406 2546 ha·

474 2566 589 2604 bemus
612 2568 726 2602 Deum
745 2562 847 2608 hujus
872 2564 947 2597 vitae
963 2559 1242 2607 gubernatorem,
1266 2559 1406 2606 despon-

475 2616 704 2663 satotemque,
730 2615 790 2661 qui
816 2614 900 2648 natis
916 2609 1139 2647 animantibus
1155 2608 1406 2647 neceisariatnm

475 2666 652 2706 alimenta,
676 2675 750 2700 tum
775 2661 966 2698 vestimenta
990 2660 1108 2708 sponte
1127 2659 1182 2696 sua
1201 2660 1406 2708 suppeditat.

476 2719 602 2752 Divina
613 2714 823 2762 providentia
843 2711 935 2747 fovet
953 2723 989 2747 ac
1001 2722 1116 2746 tuetur
1132 2723 1233 2757 opera
1242 2709 1296 2747 sua
1308 2737 1319 2753 ,
1345 2724 1409 2746 nec

476 2777 623 2812 unquam
643 2767 675 2800 in
694 2763 761 2799 fide
771 2763 909 2799 divitem
926 2760 1050 2808 egestas
1065 2760 1247 2797 aerumnosa
1267 2760 1403 2808 oppres-

477 2815 535 2851 fit.
559 2813 751 2850 Testabitur
767 2811 824 2853 id,
846 2822 884 2848 ut
901 2815 1049 2859 opinor,
1073 2810 1203 2847 abunde
1228 2810 1282 2845 vel
1299 2823 1405 2847 unum

474 2864 571 2912 quod
590 2876 608 2899 e
626 2862 720 2899 sacris
736 2861 852 2898 litteris
869 2874 886 2897 a
906 2873 960 2897 me
977 2860 1167 2907 proferetur
1182 2860 1375 2908 exemplum
1394 2888 1406 2897 .

472 2919 517 2951 vIn
535 2911 670 2950 historia
678 2915 817 2958 Regum
834 2911 954 2947 mulier
962 2909 1182 2953 describitur,
1204 2923 1303 2958 quam
1315 2911 1408 2957 supra

480 2964 650 3001 viduitatis
664 2975 702 2999 ac
720 2961 951 2998 sollicitudinis
961 2960 1083 2998 malum
1095 2960 1277 2997 foenerator
1294 2974 1411 2997 avarus

482 3018 514 3050 δι
530 3017 561 3048 in
569 3011 723 3049 humanis
739 3010 876 3059 urgebat
886 3010 1146 3058 obsidebatque,
1167 3010 1293 3047 liberos
1308 3014 1408 3047 etiam

482 3063 570 3110 ipsos
580 3089 589 3105 ‚
599 3075 688 3111 quos
699 3073 816 3110 praeter
826 3060 1045 3099 miseraenihil
1054 3060 1221 3107 reliquum
1233 3085 1245 3103 ,
1269 3060 1347 3097 Ioco
1357 3064 1408 3107 pi-

483 3115 598 3160 gnoris
616 3112 834 3150 abduCturus.
860 3115 974 3158 Itaque
991 3123 1070 3147 cum
1095 3114 1131 3146 in
1149 3122 1312 3147 extremas
1334 3109 1409 3147 eilet

482 3164 610 3200 redacta
626 3161 783 3209 angustias
794 3187 805 3204 ,
829 3174 864 3197 ac
874 3174 975 3197 nemo
992 3159 1165 3208 quisquam
1173 3160 1334 3197 ditiorum
1349 3163 1413 3197 mi-

484 3213 645 3250 seratione
655 3222 846 3257 tangeretur
856 3236 870 3252 ‚
892 3212 972 3247 adiit
981 3211 1021 3246 ad
1038 3209 1213 3246 hominem
1225 3209 1410 3247 humanum

484 3276 520 3300 ac
533 3262 665 3301 fidelem
674 3285 684 3295 .
710 3260 844 3298 Elisaeus
853 3259 910 3296 hic
919 3271 987 3296 erat
997 3257 1166 3307 Propheta
1177 3264 1329 3300 ‚terrenis
1338 3264 1411 3306 qui-

484 3313 560 3350 dem
570 3322 685 3361 expers
694 3310 790 3349 bonis
799 3335 812 3353 ,
830 3313 1037 3358 incorporeis
1046 3321 1156 3346 autem
1164 3310 1411 3356 atquecoelesti-

484 3362 546 3399 bus
570 3373 707 3399 ornatus
725 3365 758 3397 δι
780 3361 934 3408 copiosus
953 3375 963 3396 ε
989 3358 1262 3406 Philosophusab
1279 3372 1413 3405 aratro,

490 3412 555 3448 sine
565 3413 670 3449 domo
681 3438 694 3456 ,
718 3410 879 3458 certisque
889 3409 1016 3446 sedibus
1027 3436 1036 3449 .
1062 3409 1146 3445 veste
1158 3422 1220 3445 una
1231 3424 1267 3446 ac
1277 3410 1413 3456 fimpliei

488 3473 580 3499 utens
592 3461 782 3499 haereditate
792 3474 897 3507 nuper
907 3461 1043 3505 quidem
1054 3461 1167 3495 auctus
1178 3484 1192 3502 ,
1216 3460 1267 3496 sed
1279 3459 1416 3498 haeredi-

301 3535 326 3559 4·
352 3523 422 3557 ρος.
445 3527 468 3547 2.
493 3523 559 3549 tate
575 3516 686 3549 ovinae
705 3514 794 3558 parvi
818 3513 912 3556 pretii
925 3509 1040 3557 pellis,
1064 3513 1098 3546 &
1119 3509 1356 3546 benediffionis
1372 3514 1418 3548 in-

491 3560 623 3599 vifibilis
641 3564 742 3608 igneo
759 3573 857 3597 curru
869 3558 1022 3607 delapsae.
1048 3561 1116 3596 Hic
1126 3563 1225 3605 igitur
1235 3560 1417 3607 supplicem

492 3611 609 3647 infe6ta
629 3623 739 3648 renon
758 3610 901 3651 dimisit,
927 3622 985 3645 nec
995 3609 1172 3646 deauxilio
1181 3613 1342 3646 continuo
1360 3611 1410 3647 de-

495 3658 633 3704 speravit
651 3686 664 3703 ,
687 3660 808 3698 etiamsi
827 3672 894 3696 non
924 3657 1040 3695 adesset
1058 3659 1152 3705 quod
1177 3658 1385 3706 quaerebatur
1402 3685 1414 3702 ‚

495 3720 601 3754 neque
620 3710 716 3746 verba
741 3710 847 3756 aliqua
873 3709 1040 3755 degeneris
1064 3719 1120 3746 aut
1147 3708 1326 3745 diffidentis
1349 3713 1416 3747 ani·

499 3760 543 3793 mi
564 3757 725 3805 protulit,
748 3759 829 3795 ficut
847 3759 962 3806 aliquis
975 3772 991 3795 e
1003 3757 1126 3805 vulgo,
1151 3761 1184 3794 &
1199 3759 1288 3797 unde
1305 3771 1419 3806 argin—

768 164 1562 232 .SANC.T1.A.ST³ER„11
1622 162 2008 224 HOMILIA

1472 257 1653 296 tum-mihi
1673 257 1790 295 debito
1814 257 2044 296 diffolvendot
2070 263 2399 306 verum-utperitiffi·

1470 319 1543 346 mus
1560 309 1704 347 medicus
1725 333 1735 349 ‚
1760 308 1816 344 etsi
1842 309 2081 346 medicamenta
2105 310 2144 344 acl
2173 321 2305 346 manum
2329 323 2396 348 non

1472 369 1563 395 erant
1573 383 1585 401 ,
1596 361 1802 405 inopinatum
1813 357 1921 396 morbi
1934 359 2115 396 remedium
2124 363 2341 406 excogitavit.
2352 364 2398 398 Et

1470 408 1560 450 Quid
1569 407 1668 441 habes
1679 432 1689 447 ‚
1716 412 1808 456 inqui
1823 434 1832 449 ‚
1859 408 1972 442 mulier
1982 407 2016 441 in
2029 408 2120 442 domo
2130 412 2208 446 tua?
2233 412 2300 447 Dic
2310 437 2322 454 ,
2347 411 2397 447 so.

1471 458 1527 494 des
1542 482 1552 499 ,
1561 457 1584 496 fi
1593 457 1675 505 quid
1686 457 1765 495 inibi
1776 458 1835 495 tibi
1849 459 2012 506 reliquum
2023 484 2032 492 .
2042 462 2116 497 Nec
2125 462 2214 496 enim
2224 460 2397 508 quisquam

1470 508 1554 545 adeo
1566 520 1708 556 pauper,
1733 508 1818 545 nihil
1837 512 2023 545 utomnino
2035 509 2208 556 poffideat.
2235 510 2302 547 Ubi
2315 524 2397 547 vero

1470 557 1640 607 respondit
1650 583 1663 600 ,
1689 571 1742 595 vas
1750 557 1809 595 effe
1821 559 1923 595 fietile
1932 572 2008 597 cum
2028 560 2107 595 oleo
2118 559 2266 606 pauxillo
2276 587 2284 596 .
2313 563 2397 604 Fac„

1468 611 1514 646 ait
1528 633 1537 650 ‚
1560 607 1662 646 multa
1671 607 1752 645 mihi
1765 610 1833 646 vasa
1845 622 1950 655 pares.
1972 612 2021 647 -Et
2030 610 2096 657 ipsa
2106 611 2241 658 quidem
2253 615 2397 658 paraviti

1468 658 1524 695 ille
1534 670 1645 696 autem
1655 659 1786 705 impleri
1798 660 1885 702 juffit
1904 672 1913 697 5
1939 660 2026 697 unde
2037 659 2209 706 persoluto
2219 660 2397 698 soenerato-

1467 711 1497 744 ri
1507 707 1624 745 debito
1633 734 1644 751 ,
1654 710 1772 747 mulier
1781 709 1942 756 angustias
1952 714 2163 756 &inopinam
2173 711 2271 746 evaiit
2279 735 2288 744 .
2307 714 2397 748 Nam
2632 685 2652 784 ξι

1467 757 1652 806 pauxillum
1678 759 1761 796 illud
1771 760 1860 803 olei,
1884 760 1978 806 quod
1994 761 2082 808 apud
2102 760 2131 798 se
2142 758 2202 796 ess'e
2221 759 2397 808 Prophetae

1466 808 1596 847 dixerat
1617 835 1630 853 ,
1654 812 1687 846 in
1718 810 1856 847 modum
1884 810 1985 846 fontis
2004 813 2176 858 inopinato
2193 810 2359 848 scaturivit
2384 828 2396 853 >,
2632 801 2652 894 ᾖ]

2648 898 2652 922 i

1466 859 1649 906 omnesque
1673 872 1845 908 quotquot
1865 859 2056 910 conquifitae
2075 862 2202 898 fuerant
2216 885 2230 904 ,
2253 860 2397 909 ampho-

1467 921 1518 945 ras
1537 908 1677 958 replevit
1697 926 1706 947 ε
1730 923 1768 946 ac
1793 911 1932 948 demum
1957 911 2060 948 fluere
2085 911 2197 952 defiit,
2222 923 2303 947 cum
2326 911 2398 947 vala
2418 937 2424 946 .
2636 938 2639 939 γ

1464 959 1506 996 ad
1535 960 1759 1006 recipiendum
1786 960 1923 997 deessent
1946 974 1956 999 5
1989 972 2217 1008 aequatumque
2243 961 2288 997 est
2313 962 2398 997 indi·
2639 962 2652 1008 -ξ

1465 1013 1586 1056 gentiae
1609 1008 1808 1047 beneficium
1817 1011 1967 1047 divinum
1979 1036 1988 1046 .
2013 1014 2102 1048 Nam
2120 1025 2138 1047 a
2156 1013 2267 1047 divina
2286 1011 2397 1060 prose—
2630 986 2652 1072 ἦ

1466 1060 1524 1096 &o
1549 1059 1770 1097 misericordia
1791 1086 1802 1103 ,
1829 1074 1897 1098 non
1922 1059 1963 1098 ab
1986 1061 2060 1099 olea
2089 1062 2238 1109 plantave
2254 1064 2398 1099 manavit
2635 1077 2645 1118 1

1465 1108 1534 1146 hoc
1544 1108 1657 1148 oleum
1667 1138 1676 1148 ,
1697 1113 1793 1148 Hanc
1804 1137 1814 1153 ,
1826 1111 1846 1147 fi
1859 1110 2011 1160 potestis,
2021 1112 2185 1149 scientiam
2198 1110 2293 1148 vobis
2303 1124 2398 1150 eom·
2638 1119 2646 1163 J

1464 1171 1596 1207 parate,
1620 1164 1824 1210 quicumque
1834 1175 1934 1208 quam
1943 1161 2005 1199 late
2018 1174 2104 1210 patet
2113 1165 2278 1200 Oriens&
2294 1165 2400 1199 Occi·

1465 1209 1547 1247 dens
1558 1235 1567 1252 ‚
1577 1210 1704 1258 uspiam
1715 1210 1788 1249 estis
1797 1237 1808 1254 ,
1818 1215 1925 1258 Reges
1934 1237 1946 1255 ,
1956 1212 2113 1261 dynastae,
2125 1214 2244 1248 divites
2253 1237 2262 1253 ,
2274 1212 2400 1260 vosque

1464 1260 1640 1299 mundanae
1659 1262 1821 1309 sapientiae
1830 1262 1970 1300 consulti
1983 1287 1995 1306 ‚
2020 1262 2150 1300 donum
2168 1260 2238 1299 hoc
2246 1260 2400 1309 agrestis,

1464 1309 1549 1348 &ab
1567 1322 1678 1349 aratro
1694 1310 1837 1358 profeffl
1847 1315 1941 1349 Vatis
1958 1316 2139 1360 acquirite,
2164 1312 2257 1363 quod
2277 1312 2400 1349 auferri

1466 1373 1534 1396 non
1547 1371 1698 1410 poterat,
1725 1365 1888 1409 &jugiter
1898 1363 1985 1411 apud
1994 1375 2070 1400 eum
2083 1361 2292 1411 permanebat
2303 1374 2400 1400 tcum

1465 1410 1519 1448 illa
1531 1410 1633 1448 vestra
1643 1437 1656 1455 ,
1681 1411 1803 1459 quibus
1811 1413 1996 1460 quaerendis
2006 1413 2143 1450 studetis
2155 1439 2163 1454 ,
2174 1412 2258 1450 bona
2271 1411 2401 1449 sexcen-

1467 1466 1507 1498 tis
1537 1461 1682 1509 exposita
1701 1461 1762 1498 fint
1791 1464 1943 1511 periculis
1960 1488 1971 1506 ‚
1997 1463 2182 1500 latronibus
2198 1489 2210 1506 ,
2237 1467 2399 1510 parietum

1467 1510 1702 1560 perfossoribus
1711 1537 1724 1556 ,
1732 1516 1906 1563 tyrannis,
1931 1513 2121 1561 raptoribus
2131 1539 2144 1557 ,
2163 1513 2379 1562 sycophantis
2388 1537 2399 1553 .

1468 1561 1731 1605 insidiatoribus,
1756 1566 1837 1600 mari
1850 1563 2002 1601 fluffibus
2011 1562 2200 1607 haurienti,
2220 1562 2399 1611 telluriipfi

1469 1611 1616 1649 hiatibus
1624 1611 1806 1651 dehiscenti
1817 1640 1828 1652 a
1845 1616 1924 1662 Spes
1933 1618 2037 1661 igitur
2046 1614 2157 1651 nostra
2169 1640 2178 1656 ‚
2197 1627 2233 1651 ac
2243 1612 2335 1651 cellae
2347 1625 2402 1660 pe·
2647 1642 2649 1646 .

1469 1666 1592 1701 nuariae
1601 1666 1673 1700 vice
1691 1662 1729 1700 fit
1748 1666 1812 1700 Dei
1822 1663 1955 1701 dextera
1976 1677 1985 1699 :
2010 1677 2086 1712 quae
2106 1665 2268 1712 populum
2289 1663 2401 1707 Iudai·
2416 1685 2504 1717 End,
2527 1694 2575 1724 ¹⁴»

1468 1726 1547 1750 cum
1565 1726 1584 1749 e
1602 1725 1691 1751 terra
1701 1717 1840 1762 AEgypti
1856 1714 1994 1754 eduxit.
2022 1715 2258 1761 bonorumque
2273 1712 2402 1751 affatim
2585 1750 2594 1755 ⁴.
2647 1719 2649 1722 ’

1468 1763 1522 1800 vel
1533 1767 1567 1800 in
1586 1763 1763 1802 solitudine
1782 1763 1919 1801 Chai-an
1931 1767 1959 1801 ei
1978 1764 2219 1814 suppeditavit:
2245 1776 2321 1812 quae
2333 1766 2402 1800 Du

1467 1813 1546 1850 nieli
1562 1814 1791 1852 auxiliatorem
1812 1813 1970 1853 Habaeuc
1990 1819 2077 1852 miro
2095 1815 2202 1851 modo
2231 1814 2313 1850 stitit
2327 1839 2340 1857 ,
2363 1818 2401 1850 ἃς

1466 1863 1638 1903 Ismaelem
1656 1864 1820 1908 abiefitum
1845 1868 1877 1900 δι
1899 1869 2055 1902 maternis
2078 1864 2264 1901 abdicatum
2289 1863 2401 1900 vulnis

1465 1913 1605 1951 servavit
1624 1929 1635 1951 a
1658 1927 1732 1962 quae
1751 1915 1872 1959 Judaeis
1891 1928 1949 1962 per
1958 1915 2098 1962 finguias
2114 1925 2225 1951 aetates
2240 1914 2402 1961 opimius
2415 1928 2498 1964 [Μ.
2518 1930 2544 1957 6.
2560 1938 2594 1959 v.
2641 1954 2644 1959 ι

1464 1964 1551 2007 fuit,
1575 1977 1612 2000 ac
1621 1965 1764 2012 denique
1793 1969 2063 2015 panesquinque
2082 1965 2347 2003 hordeaceosita
2368 1966 2406 2000 in'
2419 1976 2446 2003 9.
2467 1967 2506 1998 (9·
2527 1975 2575 2003 ι9.

1464 2015 1636 2053 infinitum
1644 2014 1898 2063 multiplicavit,
1922 2015 2085 2063 utfinguli
2105 2013 2403 2054 millenarum-ho·

1464 2068 1595 2103 minum
1613 2065 1732 2103 samem
1753 2066 1920 2108 satiarint,
1940 2065 2149 2114 fingulostpie
2172 2067 2402 2111 praetereacoi

1464 2115 1588 2162 phiuos
1599 2116 1744 2163 reliquiis
1754 2116 1985 2162 adimplentur.
2007 2116 2220 2152 Deonostro
2229 2115 2268 2152 fit
2278 2115 2349 2152 iaus
2364 2114 2402 2150 86

1463 2165 1569 2213 gloria
1581 2169 1615 2203 in
1631 2165 1746 2204 saecula
1762 2165 1956 2201 [ποιήσι-ωτι
1969 2187 1982 2198 .
2002 2166 2139 2199 Amen..
2376 2187 2379 2192 Α
2398 2176 2399 2179 ’

1546 2325 1916 2382 EIUSDEM.
1951 2323 2335 2379 ΜΤΕΚῙῙ4

1619 2423 1766 2459 Humilia
1792 2423 1825 2456 in
1852 2423 1978 2468 Festum
2004 2423 2265 2476 Kalendarum,
2291 2424 2310 2475 ¹:-
2334 2424 2336 2428 ’

1472 2492 1626 2597 DUo
1649 2509 1720 2546 dies
1743 2508 1918 2546 hesternus
1941 2510 2191 2562 hodiernusque
2217 2509 2400 2552 fisiaco-fl

1592 2560 1859 2605 coniungitint'er
1871 2561 1931 2596 sese
1959 2565 2092 2601 minime,
2107 2577 2244 2612 cognata
2253 2578 2309 2602 aut
2320 2575 2398 2602 con*

1467 2612 1639 2655 gruentia,
1665 2609 1861 2646 sed-diversa
1881 2611 2213 2657 planesccontraria.
2240 2616 2400 2654 Alterum

1470 2662 1555 2695 enim
1583 2663 1758 2708 proprium
1785 2659 1832 2695 est
1857 2661 2077 2700 multitudinis
2102 2669 2138 2700 in
2162 2670 2324 2703 exteriora
2350 2658 2404 2702 iti-‘¹

1469 2720 1592 2751 tentae,
1627 2722 1750 2757 perque
1775 2712 2047 2750 nundinationem
2073 2715 2174 2751 vilem
2202 2720 2234 2751 δι
2257 2716 2397 2755 illibera⁸

1466 2759 1534 2795 lem
1562 2759 1706 2796 multum
1729 2762 1936 2798 Mammonae
1958 2775 2129 2810 argentum
2152 2767 2301 2804 corradit
2320 2767 2398 2805 ;''al·

1463 2821 1576 2847 vterum
1599 2821 1710 2847 autem
1726 2821 1844 2847 verum'
1854 2814 1920 2848 Dei
1940 2814 2067 2851 cultum
2089 2828 2271 2864 puramque
2291 2815 2398 2853 &cria

1468 2863 1565 2898 minis
1590 2871 1762 2907 expet-tem
1787 2864 1890 2897 vitam
1913 2863 2010 2899 docet
2035 2877 2135 2914 atque
2159 2869 2395 2903 commendati

1471 2913 1561 2956 Quia
1583 2910 1882 2958 verocomplures,
1909 2913 2134 2960 voluptatibus
2151 2921 2186 2952 δε
2204 2920 2395 2964 occupatio-

1469 2959 1566 2996 nibus
1576 2964 1668 2996 vanis
1685 2961 1898 3006 antepositiS,
1921 2970 2141 3003 conventuiin
2154 2966 2296 3003 Ecclesia
2315 2979 2396 3002 con-

1469 3013 1622 3057 cionique
1632 3010 1725 3046 iacrae
1744 3023 1814 3046 non
1837 3012 2076 3057 interfuerunt,
2099 3018 2257 3063 agenu‘nc'
2274 3016 2396 3053 fatuam

1468 3059 1560 3097 illam
1585 3072 1622 3096 ac
1643 3062 1776 3096 noxiam
1802 3060 2082 3105 distentionem,
2105 3066 2195 3112 quasi
2213 3065 2396 3113 phrenitim

1469 3114 1556 3147 inter
1573 3109 1783 3157 risum-atque
1801 3112 1913 3155 iocum
1926 3123 2092 3150 necantem
2105 3141 2119 3158 ,
2132 3119 2259 3161 'eiicere
2269 3128 2311 3154 ex
2328 3120 2397 3152 ani'-

1470 3164 1533 3200 mis
1552 3171 1730 3199 conemur.
1757 3164 1795 3197 In
1816 3174 1888 3208 quo
1908 3163 2090 3200 Salomonis
2109 3166 2247 3211 quidem
2264 3166 2397 3203 dicendi
2455 3167 2540 3196 Prov.
2563 3173 2590 3197 5·

1471 3210 1611 3249 modum
1629 3209 1858 3248 &institutum
1876 3224 2067 3259 opportune
2085 3215 2171 3252 mihi
2190 3217 2309 3252 videor
2325 3219 2398 3253 imi—
2415 3208 2589 3244 ⁶·&7·“³P·

1473 3263 1531 3297 tari
1543 3257 1630 3306 posse
1648 3274 1661 3295 .-
1686 3264 1743 3307 qui
1763 3261 1842 3297 dum
1852 3262 2055 3306 juventutem
2066 3277 2213 3309 monet,
2226 3265 2269 3302 ab
2278 3264 2397 3303 intem·—

1473 3312 1625 3358 perantiae
1635 3308 1757 3356 laqueis
1767 3322 1803 3347 ut
1821 3310 1995 3357 diligenter
2003 3313 2063 3350 fibi
2082 3326 2214 3358 caveat,
2241 3329 2311 3363 quo
2322 3316 2397 3365 plus

1473 3358 1604 3397 roboris
1620 3363 1654 3396 &
1680 3369 1870 3397 nervorum·
1885 3366 2027 3400 orationi
2048 3364 2144 3408 infit,
2169 3366 2397 3413 personamin-

1475 3412 1697 3456 temperantia:
1717 3409 1834 3445 tribuit
1855 3410 1985 3449 mulieri
2006 3414 2143 3461 perditae·
2169 3416 2397 3463 damnataeque

1477 3463 1572 3500 vitae,
1598 3463 1630 3494 &
1650 3471 1766 3494 omnes
1786 3461 1853 3504 ejus
1871 3462 2120 3509 improbitatem
2131 3465 2221 3503 velut
2232 3470 2397 3504 'marmori

1480 3507 1670 3554 insculptam
1689 3507 1763 3551 his,
1786 3513 1842 3556 qui
1854 3509 2016 3549 illecebris
2033 3516 2102 3558 ejus
2119 3516 2303 3552 inescantur
2316 3522 2333 3558 ‚'
2351 3515 2397 3552 ob

1479 3557 1596 3596 oculos
1614 3562 1729 3604 ponit.
1756 3561 1870 3603 Quare
1893 3565 1927 3597 &
1947 3574 2012 3609 ego
2031 3563 2101 3601 festi
2123 3564 2223 3612 hujus
2233 3565 2274 3602 ab
2290 3564 2398 3602 homi-

1474 3607 1570 3646 nibus
1590 3606 1725 3644 instituti
1746 3612 1918 3646 vanitatem
1938 3613 2118 3660 patefacere
2135 3620 2147 3658 '‚
2171 3615 2306 3665 ejusque
2332 3614 2397 3651 stu·

1475 3656 1584 3694 diosos
1603 3659 1635 3692 &
1653 3669 1810 3694 amatores
1829 3659 1870 3695 ab
1881 3673 2024 3699 erroneo
2042 3662 2109 3699 hoc
2130 3664 2240 3702 studio
2257 3665 2399 3702 deterre·

1476 3721 1511 3743 re
1531 3718 1629 3754 atque
1646 3720 1782 3744 avocare
1803 3709 1955 3749 constitui
1975 3739 1984 3748 .
2019 3716 2102 3750 Hoec
2135 3718 2246 3763 itaque
2273 3714 2398 3763 publici

1478 3756 1612 3794 festilex
1622 3755 1688 3801 est,
1716 3761 1860 3805 primum
1870 3763 2115 3800 uteertusiitac
2126 3764 2310 3802 manifestus
2330 3769 2396 3809 eius

2280 3815 2349 3850 sco-
