2652 4126
458 230 564 281 262
651 220 921 281 SempTA
965 234 1044 275 ET
1086 193 1507 275 MONUMENTA
1551 231 1697 291 QJAE
1741 230 1836 273 οι).
1878 215 2283 274 §.PROSPERL

417 314 500 352 ‘est
520 318 532 352 ἒ
553 316 617 354 Sed
642 316 794 354 dicamus
819 318 932 363 potius
954 338 966 356 ,
992 311 1049 349 Ad
1072 321 1106 347 te
1133 316 1341 360 pertinemus
1366 336 1379 354 ,

1438 312 1525 349 libus
1553 338 1566 356 ,
1601 315 1661 361 qui
1687 315 1721 348 in
1747 310 1916 358 tempium
1952 314 2078 347 intrant
2110 311 2152 347 ad
2177 310 2360 350 emendum

260 359 433 395 1·Petr.2·5·
450 376 490 403 tu
515 379 577 403 nos
595 367 785 404 redemisti.
811 367 942 400 Omnes
967 374 1051 410 ergo
1069 365 1127 409 qui
1154 362 1196 398 fic
1216 362 1378 404 credunt,

1437 368 1472 399 &
1498 362 1733 399 vendendum:
1756 373 1870 397 emere
1897 361 2034 398 volebat
2054 387 2068 404 ,
2090 361 2188 409 quod
2214 362 2360 399 vendere

449 427 622 465 tamquam
658 416 785 464 lapides
810 413 883 449 sunt
918 414 989 449 vivi
1016 438 1028 455 ,
1061 411 1103 448 de
1136 411 1258 460 quibus
1292 421 1376 447 tem‘-

261 456 329 486 Gen.
343 458 546 515 ⁶·141<p1um
580 470 647 503 Dei
673 465 857 501 aedificatur
883 477 893 501 3
929 468 964 500 δε
989 473 1161 511 tamquam
1196 462 1287 508 ligna
1315 466 1376 497 im-

450 516 626 566 putribilia
645 541 657 558 ,
682 527 725 550 ex
751 513 872 561 quibus
898 526 973 550 arca
998 512 1056 549 illa
1082 514 1269 560 compafita
1288 511 1335 547 est
1361 537 1374 554 ‚

447 580 523 615 quae
549 570 582 601 in
609 565 743 601 diluvio
768 566 875 611 mergi
901 576 969 599 non
997 566 1128 612 potuit.
1154 565 1237 600 Hoc
1261 573 1374 598 autem

446 616 616 663 templum
643 614 714 656 est,
740 613 774 650 id
799 613 865 653 est.
895 613 955 662 ipfi
981 612 1165 655 homines,
1191 611 1250 648 ubi
1278 624 1373 659 roga·

449 678 506 702 tur
532 668 626 701 Deus
653 690 665 707 ‚
691 669 726 700 &
751 663 886 700 exaudit
914 692 922 701 .
947 663 1109 712 Quisquis
1134 666 1226 698 eni-m
1253 673 1374 710 praeter

447 717 617 763 templum
643 717 711 751 Dei
739 718 887 750 oraverit
914 716 1030 750 Deum
1051 738 1063 755 ‚
1097 726 1168 749 non
1194 712 1375 748 exauditur

446 765 489 802 ad
515 765 608 801 illam
636 776 754 813 pacem
775 763 922 812 supernae
947 763 1151 805 Jerusslem,
1177 767 1211 799 δι
1236 762 1260 798 fi
1278 776 1376 798 exau-

445 815 539 851 ditur
564 814 606 850 ad
624 815 776 863 quaedam
795 814 1020 862 temporalia,
1047 826 1120 861 quae
1142 816 1241 849 Deus
1262 817 1296 848 δε
1320 825 1375 859 pa·

251 871 365 903 Matth.
381 871 422 903 8.ἶ
446 868 537 912 ganis
563 865 705 900 donavit
728 892 736 899 .
763 867 854 900 Nam
881 869 914 900 &
942 864 1001 913 ipfi
1026 863 1196 899 daemones
1223 862 1374 899 exauditi

254 922 302 949 32·
446 915 519 951 sunt
556 925 593 950 ut
620 919 707 951 irent
741 917 774 949 in
803 927 926 963 porcos
952 942 959 949 .
1001 914 1165 949 Exaudiri
1200 914 1242 949 ad
1268 916 1376 949 vitam

444 976 603 1001 :eternam
629 964 720 1001 aliud
746 964 817 1007 est,
843 978 903 1000 nec
929 964 1153 1006 conceditur,
1181 963 1241 999 nifi
1267 967 1297 999 ei
1320 966 1378 1009 qui

445 1019 480 1051 in
506 1015 640 1063 templo
657 1017 726 1051 Dei
751 1026 848 1050 orat.
876 1015 939 1051 Ille
964 1015 1076 1050 autem
1105 1018 1137 1050 in
1158 1013 1292 1061 templo
1310 1016 1379 1048 Dei

442 1075 521 1101 'orat
546 1091 558 1107 ‚
593 1069 651 1114 qui
677 1075 752 1101 orat
790 1069 824 1100 in
852 1078 932 1113 pace
959 1064 1114 1101 Ecciefiae
1141 1089 1152 1106 ‚
1190 1067 1222 1098 in
1250 1066 1378 1099 unitate

444 1119 602 1164 corporis
629 1114 788 1158 christi,
812 1116 907 1162 quod
936 1127 1061 1163 corpus
1088 1113 1222 1151 Christi
1243 1112 1374 1149 constat

443 1178 487 1201 ex
514 1165 630 1201 multis
656 1165 867 1201 credentibus
895 1169 928 1200 in
956 1176 1034 1200 toto
1059 1164 1142 1200 orbe
1168 1174 1336 1199 terrarum
1364 1177 1372 1197 :

444 1220 479 1251 &
505 1214 582 1251 ideo
608 1214 787 1253 exauditur
812 1240 824 1257 ‚
860 1218 918 1262 qui
946 1225 1022 1250 orat
1049 1218 1082 1250 in
1109 1213 1242 1261 templo
1268 1241 1276 1249 .
1303 1212 1375 1261 Ipse

442 1268 536 1301 enim
562 1275 638 1301 orat
662 1268 697 1300 in
724 1263 842 1313 spiritu
869 1270 903 1301 &
932 1268 1073 1300 veritate
1100 1290 1112 1306 ‚
1152 1267 1210 1311 qui
1238 1274 1314 1299 orat
1341 1267 1374 1299 in

443 1328 525 1364 pace
551 1314 728 1357 Ecclefiae,
753 1327 823 1350 non
851 1318 886 1350 in
913 1314 977 1351 illo
1004 1315 1157 1364 templo,
1183 1313 1241 1350 ubi
1269 1314 1376 1362 figura

441 1376 617 1402 erat.....
666 1375 671 1382 ”
997 1367 1000 1371 ’
1226 1391 1228 1393 »

491 1418 603 1463 Hujus
638 1429 721 1465 ergo
748 1417 868 1465 templi
896 1430 967 1453 vox
1004 1417 1051 1454 est
1079 1419 1113 1452 in
1139 1415 1299 1457 Psalmo„
1337 1419 1377 1452 In

442 1465 513 1503 hoc
539 1468 697 1514 templo,
723 1478 759 1503 ut
786 1467 881 1509 dixi,
909 1470 1189 1515 rogatui-Deus,
1218 1471 1252 1503 &
1277 1480 1376 1503 exau-

443 1517 493 1553 dit
519 1519 553 1552 in
580 1516 698 1565 spiritu
724 1522 759 1554 &
786 1522 949 1559 veritate;
975 1532 1044 1554 non
1072 1522 1105 1553 in
1125 1518 1189 1553 illo
1215 1530 1378 1564 corpora-

443 1566 486 1604 li.
513 1570 605 1604 Nam
633 1568 706 1605 illic
731 1567 853 1604 umbra
877 1579 949 1604 erat
975 1594 987 1612 ,
1015 1572 1048 1604 in
1075 1581 1142 1616 qua
1167 1566 1377 1617 demonstra-

440 1628 538 1654 retur
562 1617 657 1667 quod
682 1630 866 1654 venturum
888 1630 978 1655 erat.
1005 1618 1090 1655 Ideo
1118 1617 1203 1654 illud
1230 1618 1294 1662 jam
1322 1631 1374 1653 ce-

442 1667 527 1704 cidit
544 1696 552 1704 .
591 1669 726 1706 Cecidit
753 1682 835 1716 ergo
862 1669 984 1706 domus
1019 1671 1186 1704 orationis
1212 1668 1374 1704 nostre?

443 1717 541 1754 Abfit
568 1743 577 1752 .
611 1722 697 1756 Non
733 1723 822 1756 enim
851 1719 936 1756 illud
972 1720 1141 1768 templum
1168 1718 1264 1765 quod
1290 1721 1373 1754 ceci-

440 1768 495 1804 dit
522 1773 635 1817 potuit
661 1769 730 1805 dici
758 1769 879 1805 domus
906 1797 916 1813 ,
943 1773 1109 1805 orationis
1127 1794 1139 1810 ,
1164 1768 1206 1803 de
1232 1781 1298 1816 qua
1324 1768 1373 1804 di-

240 1821 356 1853 Matth·
374 1833 421 1857 21.
440 1820 539 1854 <stum
566 1819 613 1854 est
633 1844 644 1861 ,
672 1822 808 1855 Domus
836 1833 909 1856 mea
934 1820 1057 1855 domus
1083 1821 1248 1854 orationis
1274 1831 1373 1855 voca-

244 1872 293 1898 13·
441 1866 538 1904 bitur
564 1867 723 1905 omnibus
751 1869 905 1916 gentibus
915 1896 1020 1905 ......
1047 1872 1128 1906 Hoc
1154 1880 1265 1904 autem
1293 1879 1375 1905 tem-

441 1919 539 1966 plum
567 1922 634 1954 Dei
661 1944 672 1960 ,
700 1918 768 1954 hoc
795 1933 918 1967 corpus
947 1918 1080 1955 Christi
1102 1944 1114 1960 ,
1138 1917 1210 1954 haec
1235 1932 1375 1966 congre-

439 1971 536 2015 gatio
554 1968 706 2004 fidelium
729 1981 828 2004 unam
849 1976 976 2004 vocem
992 1968 1118 2011 habet,
1145 1973 1177 2004 &
1199 1967 1374 2017 tamquam

441 2031 526 2054 unus
543 2016 654 2054 homo
680 2029 789 2054 cantat
817 2022 851 2054 in
872 2018 1024 2055 Psalmo.
1054 2020 1133 2064 Ejus
1162 2032 1285 2055 vocem
1309 2022 1374 2066 jam

444 2071 478 2103 in
506 2069 620 2106 multis
655 2067 792 2105 Psalmis
821 2068 1011 2105 audivimus
1030 2095 1041 2111 ,
1076 2069 1310 2106 audiamus-⁴&
1339 2074 1373 2106 in

443 2117 524 2155 ista.
550 2123 581 2156 Si
603 2119 787 2161 volumus,
813 2118 928 2155 nostra
948 2133 1019 2155 vox
1045 2118 1116 2158 est,·
1142 2118 1164 2154 fi
1191 2119 1373 2163 volumus,

443 2180 524 2204 aure
550 2169 705 2206 audimus
731 2180 919 2205 cantantem
942 2195 954 2212 ,
980 2173 1013 2206 &
1040 2182 1108 2204 non
1136 2169 1240 2205 corde
1267 2178 1375 2206 canta-

442 2228 536 2255 mus.
562 2223 594 2255 si
620 2231 732 2255 autem
762 2219 920 2254 nolumus
946 2244 958 2259 ‚
984 2222 1110 2252 erimus
1137 2222 1170 2252 in
1199 2219 1263 2252 illo
1291 2230 1373 2251 tcm-

442 2268 506 2315 plo
540 2279 712 2315 tamquam
739 2278 886 2302 ementes
920 2272 954 2302 &
981 2265 1162 2302 vendentes
1179 2289 1191 2307 ,
1227 2265 1262 2300 id
1288 2264 1336 2299 est
1361 2290 1373 2307 ‚

443 2316 560 2353 nostra
585 2327 789 2365 quaerentes.
815 2320 982 2352 Intramus
1009 2313 1217 2358 Ecclesiam,
1243 2326 1312 2349 non
1331 2313 1373 2350 ad

443 2379 483 2402 ea
508 2380 582 2414 quae
601 2367 734 2414 placent
754 2365 861 2400 oculis
881 2367 968 2400 Dei.
994 2364 1130 2400 Viderit
1149 2375 1232 2409 ergo
1259 2368 1293 2399 in
1313 2376 1373 2399 nu-

444 2427 545 2452 mero
572 2415 687 2451 vestro
713 2417 787 2462 quis
813 2413 993 2461 quomodo
1014 2413 1151 2454 audiat,
1176 2423 1292 2447 utrum
1319 2425 1374 2448 au-

443 2465 517 2502 diat
543 2470 576 2502 &
604 2464 740 2500 irrideat
769 2491 780 2507 ,
816 2475 929 2500 utrum
956 2474 1067 2498 autem
1094 2466 1127 2497 δι
1154 2460 1232 2509 post
1258 2461 1288 2498 se
1317 2475 1377 2510 po—

447 2527 528 2559 nat,
553 2526 666 2552 utrum
695 2514 806 2551 audiat
833 2518 866 2550 &
892 2513 1076 2553 consonet,
1104 2511 1137 2547 id
1163 2510 1233 2552 est,
1259 2511 1376 2548 sentiat

445 2564 507 2603 hic
533 2579 654 2601 vocem
676 2565 789 2606 suam,
816 2569 848 2600 δι
869 2563 1025 2610 adjungat
1051 2574 1171 2598 vocem
1194 2562 1308 2598 cordis
1328 2562 1375 2598 sui

448 2619 529 2655 voci
557 2614 677 2654 Psalmi
706 2614 804 2660 hujus
827 2641 835 2650 .
871 2616 1003 2651 Tamen
1031 2625 1101 2649 vox
1130 2610 1250 2650 Psalmi
1277 2611 1376 2657 hujus

447 2679 518 2704 non
545 2677 655 2708 tacet,
682 2665 887 2702 instruantur
913 2668 971 2712 qui
998 2660 1155 2712 possunt,
1181 2664 1290 2698 immo
1318 2665 1376 2710 qui

449 2704 602 2756 volunt}
624 2719 683 2764 qui
711 2716 833 2752 nolunt
859 2727 927 2750 non
956 2713 1163 2762 impediant.
1189 2715 1379 2749 Commen-

450 2766 550 2803 detur
576 2765 674 2802 nobis
699 2765 899 2806 humilitas,
925 2764 1002 2801 inde
1028 2764 1161 2812 coepit?

501 2819 631 2853 Domine
662 2829 718 2852 non
748 2815 788 2859 est
816 2815 997 2851 exaltatum
1028 2826 1080 2850 cor
1100 2825 1204 2850 meum
1231 2826 1327 2860 neque
1347 2816 1378 2851 in

452 2865 555 2902 altum
581 2866 660 2903 elati
680 2865 758 2910 sunt
785 2865 866 2901 oculi
892 2868 954 2900 mei
974 2889 986 2906 ,
1011 2876 1106 2910 neque
1133 2862 1278 2910 ingressus
1303 2863 1376 2908 sum

452 2919 486 2953 in
510 2920 654 2960 magnis,
677 2928 773 2962 neque
798 2919 830 2951 in
857 2913 1052 2951 mirabilibus
1076 2914 1170 2959 super
1195 2927 1243 2950 me
1263 2942 1271 2950 .
1296 2916 1378 2951 Hoc

454 2966 586 3014 planius
611 2966 742 3003 dicatur
768 2991 780 3008 ,
805 2970 839 3002 &
865 2965 1016 3001 audiatur
1042 2990 1053 3006 ,
1080 2968 1162 3001 Non
1191 2964 1238 3000 fui
1267 2963 1378 3012 super-

454 3015 539 3058 bus,
566 3016 660 3053 nolui
687 3016 776 3064 quafi
801 3019 835 3051 in
854 3014 1064 3051 mirabilibus
1090 3013 1296 3050 innotescere
1315 3013 1377 3050 ho-

458 3065 626 3104 minibus3
652 3080 713 3102 nec
733 3066 866 3115 quaelivi
886 3064 1015 3112 aliquid
1035 3065 1131 3112 supra
1158 3068 1247 3100 vires
1266 3077 1377 3106 meas,

456 3115 545 3152 unde
581 3129 635 3152 me
661 3117 750 3164 apud
787 3119 965 3164 imperitos
990 3116 1148 3161 jastarem
1175 3141 1183 3149 .
1220 3115 1378 3150 Intendat

459 3165 617 3203 Charitas
638 3166 766 3202 vestra:
786 3179 904 3213 magna
925 3178 976 3201 res
994 3163 1380 3210 commendatur.Quo-

458 3215 574 3253 modo?
594 3219 711 3253 Simon
749 3216 807 3252 ille
833 3228 946 3262 magus
973 3218 1007 3250 in
1033 3213 1245 3250 mirabilibus
1273 3218 1379 3261 ingre-

458 3266 494 3302 di
520 3265 656 3302 volebat
683 3265 779 3313 super
806 3264 835 3300 se
855 3290 866 3307 ,
893 3275 1072 3312 propterea
1100 3264 1174 3311 plus
1199 3263 1296 3300 illum
1325 3263 1380 3300 de—

415 3356 417 3358 ,
460 3317 598 3353 lestawt
626 3320 777 3365 potentia
806 3313 1058 3362 Apostolorum
1085 3339 1096 3356 ,
1131 3327 1230 3362 quarn
1258 3314 1380 3360 justitia

462 3365 738 3403 Christianorum
766 3393 774 3401 .
812 3369 859 3401 At
884 3363 942 3400 ubi
970 3363 1057 3399 vidit
1084 3376 1143 3412 per
1179 3377 1294 3400 manus
1320 3368 1382 3400 im-

461 3415 663 3464 positionem
699 3414 951 3463 Apostolorum
978 3418 1011 3450 &
1038 3427 1098 3462 per
1132 3418 1301 3450 orationes
1326 3428 1382 3450 eo-

462 3478 539 3502 rum
577 3468 688 3503 Deum
716 3466 793 3502 dare
830 3463 983 3500 fidelibus
1017 3463 1343 3511 Spiritum-sanctum
1369 3490 1382 3507 ,

462 3520 497 3552 &
530 3519 606 3563 quia
642 3528 721 3552 tunc
759 3528 819 3563 per
853 3513 1054 3550 miraculum
1090 3513 1382 3551 demonstrabatur

463 3565 624 3602 adventus
661 3565 914 3613 Spiritus-ian&
942 3589 954 3606 ,
988 3575 1025 3599 ut
1051 3563 1170 3611 linguis
1209 3565 1385 3612 loqueren-

466 3624 521 3650 tur
547 3640 559 3657 ,
583 3628 662 3663 quas
687 3629 754 3650 non
781 3615 965 3650 didicerant
991 3640 1003 3658 ‚
1036 3627 1153 3650 omnes
1179 3614 1275 3662 super
1299 3628 1384 3662 quos

468 3663 620 3700 veniebat
645 3665 928 3711 Spiritus-sanRus
938 3688 1063 3701 .......
1089 3668 1180 3701 Cum
1206 3677 1288 3711 ergo
1314 3663 1384 3701 hoc

469 3711 599 3747 videret
623 3718 737 3750 Simon
764 3740 776 3758 ,
810 3715 921 3751 voluit
947 3715 1025 3751 talia
1050 3714 1157 3751 facere
1177 3739 1189 3757 ,
1213 3728 1282 3750 non
1309 3715 1384 3751 talis

469 3759 551 3797 effe.
578 3763 622 3796 Et
642 3763 744 3799 nostis
761 3768 838 3811 quia
864 3768 965 3800 etiam
982 3768 1122 3813 pecunia
1140 3768 1273 3813 putavit
1293 3777 1385 3800 com·

470 3809 656 3860 parandum
681 3813 1008 3861 spiritum-sanetum
1027 3840 1035 3849 .
1060 3817 1144 3852 Erat
1168 3826 1252 3862 ergo
1275 3814 1316 3850 de
1342 3825 1388 3856 ras

242 1269 404 1308 Joan.4.24.

281 2801 356 2839 Ve's·
369 2810 395 2832 1.

265 3189 328 3220 AR,
338 3185 364 3213 8.
377 3183 422 3212 18.

273 3679 378 3711 ibidem
386 3701 400 3715 .

1437 412 1635 460 disponebat
1644 437 1730 448 .....
1949 434 1951 437 .

1486 466 1581 508 Ergo
1607 462 1680 500 sunt
1706 461 1873 498 homines
1890 487 1902 504 ‚
1935 472 2021 509 quos
2045 460 2198 498 delectat
2216 466 2361 500 miracu·

1434 512 1506 548 lum
1534 513 1642 549 facere
1670 538 1682 556 ,
1708 517 1742 549 &
1758 510 1811 548 {ab
1827 509 1882 547 veis
1907 515 1966 559 qui
1993 512 2210 560 profecerunt
2235 516 2271 549 in
2296 516 2360 550 Ec-

1433 562 1530 598 clefia
1550 564 1750 599 miraculum
1768 565 1932 610 exiguum
1958 566 1991 598 δε
2012 561 2073 609 ipsi
2094 565 2155 610 qui
2175 563 2265 610 quasi
2279 576 2359 611 pro-

1434 610 1542 648 fecisse
1562 611 1621 649 fibi
1643 614 1823 654 videntur,
1841 613 1935 655 taliav
1947 612 2071 648 volunt
2088 612 2219 655 facere,
2246 618 2279 650 &
2301 626 2359 661 pu·

1434 673 1507 699 tant
1543 662 1639 699 se'ad
1666 666 1782 700 Deum
1809 663 2081 709 non‘·pertinere
2115 661 2140 697 fi
2161 675 2242 698 --non
2276 663 2360 699 fece-

1434 716 1521 749 rint.
1550 716 1723 749 Dominus
1747 711 1864 749 aute'm
1886 715 1981 752 Deus
2006 711 2120 747 noster
2139 737 2152 753 ‚
2177 716 2234 760 qui
2262 717 2360 749 novit

1435 763 1520 810 quid
1545 767 1599 799 cui
1625 764 1774 804 tribuat,
1800 768 1834 798 δε
1853 773 1894 798 ut
1920 762 2069 798 servetur
2095 775 2266 811 compago
2287 777 2361 799 cor-

1437 816 1532 861 poris
1559 816 1699 861 itu-pace
1719 838 1730 854 ,
1755 812 1943 861 alloquitur
1970 811 2152 848 Ecclesiam
2179 826 2239 861 per
2266 817 2362 862 Apm

1437 862 1587 898 stolum:
1604 867 1694 900 'Non
1724 862 1836 910 potest
1861 863 1972 898 dicere
1991 861 2116 899 ⁴oculus
2141 866 2253 900 manui
2274 889 2286 906 ,
2311 866 2361 899 Ο-
2382 872 2486 901 neor.
2505 879 2552 899 η.

1438 926 1500 961 pus
1527 922 1559 948 te
1578 926 1649 949 non
1677 913 1809 951 habe03
1837 924 1893 949 aut
1920 916 2044 948 iterum
2072 923 2172 960 caput
2198 913 2360 961 pedibus,
2382 921 2427 958 ²13

1437 966 1538 1010 Opus
1565 962 1662 1000 vobis
1690 976 1758 1000 non
1785 962 1919 999 habeo.
1946 966 1976 999 Si
2004 973 2117 998 totum
2133 975 2257 1010 corpus
2281 977 2362 1000 ocu-
2381 952 2511 986 lb'd·¹⁷·

1438 1013 1490 1049 lus
1516 1038 1528 1055 ,
1562 1013 1619 1050 ubi
1646 1014 1808 1050 auditus?
1841 1016 1875 1050 Si
1901 1023 2014 1048 totum
2042 1025 2166 1060 corpus
2191 1014 2321 1050 auditus
2348 1039 2360 1056 ‚

1437 1062 1495 1099 ubi
1522 1063 1684 1100 odoratus
1708 1068 1720 1101 ‚³
1746 1066 1903 1110 Ergoin
1931 1062 2092 1099 membris
2118 1062 2242 1099 nostris
2269 1064 2361 1100 vide-

1437 1117 1479 1149 tis
1501 1139 1510 1154 ,
1537 1115 1668 1150 fratres
1688 1140 1699 1156 ‚
1725 1114 1906 1162 quomodo
1933 1113 2056 1160 singula
2081 1112 2238 1149 officium
2265 1114 2359 1150 suum

1436 1163 1584 1200 habeant
1610 1163 1762 1201 membra
1788 1192 1795 1198 .
1822 1163 1954 1200 Oculus
1979 1163 2074 1199 videt
2100 1188 2112 1206 ,
2147 1168 2181 1199 &
2209 1177 2278 1199 non
2305 1177 2361 1200 aua

1434 1215 1508 1252 dits
1535 1218 1623 1250 auris
1650 1215 1764 1259 audit,
1792 1220 1826 1251 &
1847 1227 1922 1250 -non
1948 1213 2043 1250 videt
2064 1226 2073 1249 ς
2102 1226 2218 1250 manus
2243 1227 2361 1263 opera-

1436 1275 1515 1306 tur,
1542 1277 1603 1300 nec
1629 1265 1747 1307 audit,
1773 1278 1834 1302 nec
1860 1263 1983 1302 videts
2010 1262 2243 1312 pesambulat
2260 1290 2272 1307 ,
2297 1271 2360 1300 nec'

1436 1314 1639 1357 auditsnec
1666 1315 1795 1358 videtu,
1822 1328 1883 1351 nec
1908 1314 1987 1350 facit
2013 1314 2109 1362 quod
2134 1327 2268 1350 manus.
2297 1315 2365 1355 Sedr

1438 1369 1472 1401 in
1497 1378 1569 1401 uno
1594 1377 1742 1412 corpore
1768 1366 1792 1401 fi
1808 1364 1848 1402 fit
1872 1364 2010 1407 sanitas,
2037 1370 2072 1400 Bc
2089 1376 2158 1400 non
2185 1364 2362 1401 adversum

1438 1415 1469 1451 se
1505 1415 1638 1462 litigent
1674 1415 1865 1457 membra-⁷,
1898 1419 1985 1451 auris
2021 1414 2113 1450 videt
2151 1417 2185 1450 in
2220 1414 2325 1451 oculo
2351 1439 2364 1456 ,

1439 1466 1559 1501 oculus
1594 1465 1688 1502 audit
1716 1469 1748 1501 in
1775 1478 1854 1502 aure
1879 1479 1889 1500 t
1926 1479 1987 1501 nec
2012 1464 2114 1509 objici
2155 1463 2266 1512 potest
2290 1468 2363 1502 auri

1437 1515 1532 1564 quod
1559 1529 1629 1552 non
1655 1515 1774 1558 videt,
1800 1527 1837 1552 ut
1851 1514 1986 1552 dicatur
2010 1519 2065 1557 ei,
2091 1514 2196 1552 Nihil
2221 1528 2277 1557 es,
2303 1518 2365 1551 mi·
2400 1528 2403 1529 ⁷

1438 1580 1503 1602 nor
1529 1579 1563 1602 es
1586 1579 1596 1604 5
1623 1566 1791 1614 numquid
1817 1565 1931 1603 videre
1956 1569 1992 1602 &
2018 1565 2204 1601 discernere
2230 1565 2364 1601 colores

1437 1627 1535 1665 potes
1562 1642 1582 1659 ,a
1607 1616 1702 1664 quod
1736 1616 1959 1655 facit'oculus
1985 1617 1997 1651 ἓ
2035 1615 2235 1664 Respondet
2270 1619 2363 1652 enim

1433 1670 1523 1703 auris
1548 1666 1590 1702 de
1617 1680 1698 1715 pace
1724 1669 1904 1715 corporis,
1929 1670 1964 1702 δε
1989 1665 2072 1702 dicit
2091 1691 2103 1708 ,
2131 1665 2178 1701 ibi
2204 1665 2275 1702 sum
2302 1664 2364 1703 ubi

1434 1716 1484 1753 est
1503 1717 1646 1758 oculus,
1672 1721 1706 1753 in
1726 1731 1768 1752 eo
1793 1730 1940 1765 corpore
1969 1716 2061 1754 sums
2087 1720 2121 1751 in
2142 1729 2195 1751 me
2222 1728 2291 1751 non
2315 1718 2365 1752 viss

1434 1768 1524 1810 deo,
1550 1770 1583 1803 in
1605 1767 1667 1803 illo
1692 1781 1768 1804 cum
1790 1781 1862 1815 quo
1889 1766 1958 1803 sum
1980 1767 2158 1802 video....
2186 1769 2239 1802 Sic
2257 1778 2364 1814 ergo,-

1436 1820 1570 1854 Fmroes
1589 1844 1600 1860 ,
1627 1817 1777 1867 quisquis
1813 1821 1846 1854 in
1873 1830 2020 1866 corpore
2045 1814 2179 1854 Christi
2207 1829 2275 1852 non
2302 1828 2365 1864 po->

1436 1867 1499 1903 test
1525 1867 1715 1904 resuscitare
1741 1879 1917 1904 mortuum
1943 1893 1951 1907 ,
1993 1880 2062 1903 non
2089 1866 2174 1903 illud
2200 1877 2326 1914 quaeret
2351 1890 2364 1909 ,

1436 1917 1490 1954 sed
1517 1929 1643 1965 quaerat
1682 1931 1722 1954 ne
1749 1918 1918 1954 discordet
1947 1921 1978 1953 in
2007 1930 2182 1965 corpore:
2218 1929 2365 1964 quomo-
2398 1961 2401 1963 ¹

1440 1968 1488 2004 do
1513 1967 1536 2004 fi
1563 1972 1651 2005 auris
1686 1975 1811 2017 qtiaerat
1838 1968 1953 2005 videre
1990 1966 2182 2004 discordare
2216 1965 2327 2015 potest
2354 1990 2363 2001 .

1439 2022 1530 2056 Nam
1559 2018 1664 2067 qu'od
1687 2032 1756 2056 non
1783 2022 1913 2067 accepit
1939 2044 1951 2062 ‚
1986 2031 2055 2054 non
2082 2017 2195 2066 potest
2220 2017 2362 2053 facere.i

1434 2069 1498 2106 Sed
1523 2068 1546 2104 ss
1572 2073 1602 2105 ei
1629 2067 1803 2115 objectum
1830 2069 1933 2105 fuerit
1957 2073 1990 2105 &
2016 2068 2146 2105 dic'tum
2167 2093 2179 2110 ,
2205 2070 2236 2103 Si
2262 2065 2364 2111 justus

1435 2118 1512 2155 esses
1541 2146 1553 2163 ,
1593 2119 1796 2156 resuscitares
1842 2130 2018 2154 mortuum
2050 2143 2062 2159 ‚
2099 2116 2277 2162 quomodo
2313 2127 2363 2149 re·

1435 2168 1602 2205 suscitavit
1637 2174 1753 2204 Petrus
1781 2193 1789 2201 .
1835 2171 1875 2200 In
1915 2164 2060 2200 Christo
2095 2168 2184 2199 enim
2231 2165 2358 2210 majora

1436 2218 1594 2251 videntur
1629 2214 1734 2250 fecisse
1771 2212 1933 2259 Apostoli
1955 2238 1966 2255 ‚
1998 2225 2099 2260 quam
2135 2213 2202 2260 ipse
2238 2216 2364 2249 Domi·-
2374 2218 2561 2254 Joan.14.12.

1433 2277 1494 2299 nus
1529 2290 1536 2298 .
1580 2263 1642 2299 Sed
1686 2263 1773 2299 unde
1811 2263 1883 2298 fieri
1930 2262 2041 2309 potest
2070 2287 2082 2303 ,
2116 2274 2153 2297 ut
2198 2263 2272 2309 plus
2309 2273 2365 2298 vae

1433 2313 1523 2351 leant
1559 2312 1720 2349 sarmenta
1740 2338 1752 2355 ‚
1786 2324 1888 2360 quam
1926 2310 2019 2346 radix
2046 2313 2058 2346 ?
2087 2311 2283 2356 Quomodo
2308 2324 2364 2347 au-

1434 2374 1503 2399 tem
1539 2362 1628 2410 quafi
1665 2364 1791 2407 majora
1829 2361 1986 2398 videntur
2018 2358 2127 2402 fecisse
2165 2361 2215 2397 illi
2260 2374 2362 2409 quam

1436 2413 1493 2448 ille
1530 2413 1542 2447 ?
1579 2411 1635 2448 Ad
1671 2425 1793 2448 vocem
1830 2414 1976 2447 Domini
2020 2410 2237 2448 surrexerunt
2272 2425 2363 2447 nior-

1435 2466 1486 2498 tui
1521 2487 1533 2504 ‚
1569 2461 1610 2497 ad
1653 2461 1809 2498 umbram
1854 2460 2050 2498 transeuntis
2093 2465 2183 2499 Petri
2220 2461 2365 2501 surrexit

1436 2523 1592 2548 mortuus
1623 2539 1630 2546 .
1667 2514 1780 2557 Majus
1815 2509 1886 2547 hoc
1921 2511 2057 2548 videtur
2076 2537 2088 2555 ,
2121 2526 2222 2560 quam
2249 2512 2534 2560 illud-Ag,5‚15‚

1437 2562 1502 2598 Sed
1538 2561 1698 2599 Christus
1734 2562 1840 2598 facere
1876 2562 1941 2597 fine
1967 2567 2069 2599 Petro
2094 2574 2229 2611 poterat
2256 2588 2267 2605 ,
2298 2567 2361 2600 Pe-

1436 2624 1508 2649 trus
1543 2613 1604 2650 nifi
1630 2617 1664 2649 in
1692 2611 1837 2649 Christo
1863 2625 1931 2648 nou
1958 2623 2092 2660 poterat
2121 2627 2129 2647 ι
2166 2616 2258 2658 Quia
2297 2612 2364 2648 fine

1436 2676 1491 2699 me
1514 2666 1623 2711 inquit
1650 2661 1738 2698 nihil
1759 2662 1898 2711 potestis
1923 2662 2048 2698 facere.
2074 2667 2165 2699 Cum
2192 2677 2275 2711 ergo
2293 2662 2554 2722 hocsoaen.¹5·3·

1438 2713 1584 2750 audierit
1619 2711 1732 2750 homo
1767 2717 1824 2761 qui
1860 2713 2000 2762 proficit
2026 2739 2038 2756 ,
2071 2713 2160 2761 quafi
2195 2713 2364 2757 objeftam

1439 2764 1644 2800 calumniam
1671 2762 1713 2799 ab
1739 2766 1860 2810 ignaris
1895 2766 2028 2811 paganis
2054 2788 2066 2806 ,
2100 2763 2142 2799 ab
2165 2761 2365 2800 hominibus

1441 2813 1662 2850 nescientibus
1689 2814 1774 2861 quid
1799 2813 2011 2861 loquantum
2039 2817 2072 2849 in
2099 2826 2264 2862 compage
2290 2827 2368 2852 core·

1439 2868 1532 2912 poris
1560 2862 1692 2901 Christi
1721 2863 1941 2912 respondeat,
1967 2868 2001 2899 &
2028 2863 2138 2905 dicat,
2163 2868 2233 2909 Qui
2260 2864 2365 2904 dicis,

1439 2919 1522 2951 Non
1553 2928 1586 2951 es
1613 2913 1715 2961 justus
1735 2939 1746 2956 ,
1773 2918 1849 2961 quia
1879 2927 1947 2948 non
1975 2913 2052 2949 facis
2079 2914 2267 2952 miraculas
2292 2912 2365 2961 pos-

1437 2963 1484 3000 ses
1510 2970 1544 3001 δε
1570 2968 1642 3001 auri
1671 2964 1783 3000 dicere
1802 2989 1814 3006 ,
1838 2963 1926 2999 Non
1956 2977 1988 2999 es
2016 2967 2049 2999 in
2078 2976 2224 3011 corpore
2242 2988 2253 3004 ‚
2287 2967 2364 3010 quia
2385 2966 2408 2987 ¹·
2427 2958 2492 2987 ΟΜ·
2516 2966 2561 2989 ¹²·

1438 3028 1509 3051 non
1536 3015 1655 3051 vides«.
1682 3016 1820 3049 Faceres
1845 3039 1857 3055 ‚
1891 3016 2002 3062 inquit
2021 3038 2033 3055 ,
2058 3017 2093 3051 δε
2120 3024 2156 3048 tu
2185 3038 2197 3055 ,
2224 3012 2303 3049 ficut
2331 3018 2365 3049 Sc
2383 3001 2474 3034 ¹5'¹⁶’
2495 2998 2558 3029 ὡς·

1440 3070 1557 3102 Petrus
1585 3064 1664 3100 fecit
1685 3091 1693 3099 .
1731 3063 1794 3100 Sed
1822 3069 1940 3101 Petrus
1967 3068 2001 3100 &
2027 3061 2114 3098 mihi
2141 3062 2250 3100 fecit3
2288 3067 2366 3110 quia

1441 3118 1475 3151 in
1507 3128 1549 3150 eo
1580 3126 1727 3162 corpore
1758 3114 1829 3150 sum
1858 3139 1870 3157 ,
1896 3117 1931 3151 in
1957 3126 2027 3161 quo
2053 3117 2170 3148 Petrus
2198 3113 2304 3149 fecit:
2331 3118 2365 3149 in

1441 3164 1505 3200 illo
1537 3165 1632 3213 quod
1665 3163 1774 3212 potest
1803 3162 1933 3212 possum
1963 3187 1974 3204 ‚
2000 3176 2017 3198 a
2046 3175 2116 3209 quo
2147 3162 2267 3199 divisus
2296 3177 2365 3198 non

1439 3214 1536 3254 sum:
1562 3214 1655 3262 quod
1683 3217 1794 3253 minus
1826 3212 1951 3261 possum
1970 3237 1982 3254 ,
2008 3216 2217 3259 compatitur
2247 3212 2332 3250 mihi
2355 3226 2366 3251 5

1441 3269 1475 3301 &
1495 3265 1590 3311 quod
1611 3264 1685 3311 plus
1716 3263 1852 3312 potest,
1877 3262 2075 3309 congaudeo
2100 3262 2171 3299 illi.
2199 3263 2271 3310 Ipse
2293 3266 2367 3299 Do-

1441 3318 1551 3351 minus
1580 3314 1626 3350 -de
1657 3313 1755 3362 super
1790 3313 1949 3350 clamavit
1988 3325 2054 3360 pro
2084 3325 2230 3362 corpore
2267 3312 2326 3349 suo
2354 3338 2366 3355 ‚

1442 3364 1562 3406 Saule,
1597 3363 1715 3406 Saule,
1739 3363 1821 3411 quid
1850 3376 1904 3398 me
1925 3361 2154 3410 persequeris?
2180 3366 2225 3399 Et
2258 3363 2366 3411 ipsum
2385 3355 2436 3386 ΑΒ
2454 3365 2520 3394 9·4·

1443 3427 1544 3450 nemo
1570 3413 1725 3461 tangebat
1745 3438 1757 3456 ,
1783 3412 1838 3448 sed
1873 3426 1938 3460 pro
1968 3426 2114 3460 corpore
2143 3416 2178 3448 in
2208 3424 2296 3450 terra
2324 3413 2367 3449 la-

1442 3464 1584 3500 borante
1615 3475 1714 3512 caput
1744 3462 1786 3498 de
1814 3462 1896 3498 caelo
1926 3462 2111 3499 clamabat.
2358 3499 2361 3504 Α

1494 3517 1660 3560 Si¹ergo‚
1690 3515 1818 3548 Fratres
1842 3538 1854 3554 ,
1882 3511 2105 3560 unusquisque
2133 3513 2225 3562 quod
2257 3511 2368 3561 potest

1445 3563 1527 3611 juste
1553 3567 1680 3610 egerit,
1708 3566 1742 3598 Se
1771 3565 1805 3597 in
1833 3575 1876 3598 eo
1904 3562 1998 3610 quod
2027 3563 2110 3599 alius
2131 3564 2207 3611 plus
2234 3563 2367 3611 potest,

1445 3627 1513 3649 non
1553 3612 1714 3649 inviderit
1740 3637 1751 3654 ‚
1787 3611 1839 3648 sed
1868 3613 2120 3660 congratulatus
2158 3614 2259 3650 fuerit
2285 3625 2368 3650 tam*

1445 3675 1548 3711 quam
1573 3665 1606 3698 in
1626 3675 1861 3709 unovcorpore
1878 3675 1956 3698 cum
1976 3675 2018 3698 eo
2044 3661 2264 3706 constiturus,
2292 3676 2367 3712 per-

1445 3718 1531 3750 tinet
1557 3713 1599 3750 ad
1625 3726 1707 3749 eum*
1734 3725 1804 3748 vox
1835 3711 1894 3749 ista
1923 3712 2064 3756 Psalmi,
2090 3717 2219 3751 Domine
2242 3726 2299 3751 non
2324 3713 2367 3756 est

1445 3764 1630 3800 exaltatum*
1649 3775 1701 3799 cor
1725 3774 1830 3798 meum
1849 3787 1861 3805 ‚
1885 3775 1980 3808 neque
2006 3766 2037 3799 in
2062 3763 2160 3800 alium
2190 3764 2268 3800 elati
2290 3763 2367 3807 sunt

1444 3814 1524 3851 oculi
1546 3816 1609 3852 mei
1632 3825 1646 3853 ς
1681 3824 1775 3858 neque
1799 3811 1941 3859 ingreffus
1971 3812 2044 3858 sum
2070 3816 2102 3850 in
2126 3816 2245 3860 magnis
2271 3837 2284 3856 ,
2316 3827 2368 3853 nea

2266 3875 2324 3908 que
