2684 4140
713 181 814 229 AD
858 168 1238 231 RuriuuM
1292 169 1704 231 EpisToLA.

273 263 429 308 tionem
447 292 463 318 ,
489 276 566 323 per
593 264 786 309 miracula
803 294 819 318 ,
848 279 998 324 perque
1029 277 1200 309 terrores

270 323 516 368 extrinsecus
525 324 674 383 judicio
680 324 765 382 ejus
773 324 948 369 ostentet
957 355 971 379 ,
993 340 1075 385 quo
1084 325 1198 369 unus-

297 383 432 443 uisque
444 384 660 429 secundum
680 386 902 429 voluntatis
922 386 995 428 suae
1015 399 1198 440 motum,

168 459 191 484 ι
268 399 537 502 iiquaefierit,
565 445 754 490 inveniat
764 461 778 502 ς
809 445 837 488 si
869 447 1061 504 petierit,
1088 450 1104 470 ⁸
1133 461 1196 490 ac-

266 503 421 563 cipiat;
440 504 467 548 si
487 503 733 564 pulsaverit,
751 506 928 550 introeat
940 537 951 548 .
974 508 1088 566 Quia
1097 506 1199 550 scili-

267 577 334 607 cet
353 564 492 623 gratim
505 564 630 623 ipsius
651 567 923 620 vocatio,hoc
933 567 1114 625 primum
1124 569 1199 611 cir·

266 637 316 668 ca
326 636 504 682 nosagat
513 654 527 679 ‚
558 637 602 668 ut
613 626 752 670 nostrae
762 627 965 670 facultatis
984 628 1198 671 arbitrium

264 683 487 728 admoneat
495 699 511 742 ς
542 699 618 729 nec
628 686 735 729 aliud
748 686 796 730 fit
806 689 962 745 gratia,
982 702 1104 744 quam
1116 690 1198 742 lex,

261 757 394 801 quarnv
410 745 638 803 propheta,
667 760 791 805 quam
810 746 971 801 doftor,
1000 749 1065 791 cui
1095 749 1202 791 circa

262 817 406 846 omnes
426 805 614 849 homines
633 820 709 864 per
736 807 969 850 universum
1003 806 1199 851 mundum

261 877 480 909 commune
511 866 551 909 8(
569 868 760 924 generale
780 867 829 911 fit
848 866 1045 922 studium,
1074 871 1198 926 utqui

262 923 471 969 voluerint
489 925 679 981 credant,
697 928 738 970 8(
755 928 825 986 qui
845 927 1114 982 crediderint,
1142 929 1199 986 ju-

263 983 545 1029 stificationem
558 988 708 1030 merito
718 986 811 1031 fidei
834 988 874 1030 8(
887 989 1000 1031 bonae
1013 989 1199 1032 volunta-

164 1048 189 1084 b
262 1044 316 1087 tis
335 1045 569 1103 accipiant:
597 1043 616 1071 δ
633 1061 682 1091 ac
710 1047 762 1101 fic
792 1049 925 1106 gratia
957 1049 1042 1092 Dei
1062 1048 1199 1093 secun-

91 1102 95 1108 '
261 1105 361 1148 dum
382 1104 599 1150 hominum
612 1108 805 1151 meritum
822 1109 1046 1152 tribuatur:
1077 1123 1199 1168 atque

260 1164 342 1208 hoc
372 1164 494 1210 modo
525 1169 655 1226 gratia
677 1182 761 1212 non
791 1168 840 1212 sit
860 1170 1014 1228 gratia:
1044 1170 1139 1227 quia
1170 1170 1197 1213 si

261 1225 421 1270 meritis
439 1226 642 1283 redditur,
670 1230 803 1272 &non
816 1228 968 1288 ipsaest
999 1231 1199 1273 bonorum

0 1325 6 1332 f
260 1287 463 1343 creatrix3
493 1286 635 1332 frustra
665 1290 798 1347 gratia
817 1291 1078 1334 nominatur.

0 1338 19 1394 ξε
81 1369 218 1412 »cingia-
321 1361 367 1401 4.
398 1347 488 1390 Has
507 1360 643 1391 autem
666 1349 884 1403 versutias,
911 1350 1055 1408 quibus
1074 1349 1112 1393 se
1124 1349 1198 1394 filii

0 1395 30 1469 ἶ,
78 1418 190 1482 ωηιξη,
259 1406 521 1450 tenebrarum
540 1408 583 1451 in
605 1407 912 1454 similitudinem
933 1410 1109 1454 filiorum
1139 1412 1198 1454 lu-

10 1471 37 1529 ’ζ
77 1459 242 1532 ᾈΡζῖξη,
259 1466 316 1525 cis
326 1466 611 1527 transfigurare
624 1469 862 1524 voluerunt,
892 1472 1035 1514 cum&
1047 1471 1198 1513 Orien-

38 1523 39 1530 ’
76 1529 243 1568 ὑκάὀε·
260 1527 406 1570 talium
420 1528 716 1587 Episcoporum
736 1530 908 1587 judicia,
934 1533 972 1571 8(
995 1527 1197 1586 Apostoli·

12 1598 46 1654 '⁷1²⁴
76 1569 207 1605 Μιω·
252 1601 313 1632 cae
332 1586 435 1632 sedis
452 1588 692 1643 anamim,
721 1592 760 1633 &
783 1590 1071 1632 Africanorum
1102 1603 1198 1631 con-

256 1648 444 1692 ciliorum
456 1649 610 1708 vigilan
616 1651 673 1693 tia
684 1647 1000 1706 deprehenderit
1012 1663 1023 1690 :
1052 1645 1194 1689 beatis-

246 1707 379 1752 -fimus
407 1723 567 1769 quoque
585 1711 858 1766 Augustinus,
886 1708 1088 1768 precipua
1116 1706 1194 1747 uti-

285 1769 390 1814 uein
410 1769 490 1814 hoc
510 1782 695 1826 tempore
715 1771 851 1827 portio
870 1766 1048 1811 Domini
1069 1768 1194 1809 lacer-

283 1840 422 1884 otum,
449 1842 466 1863 ‘
483 1827 864 1888 copiose&pulcre,
891 1829 936 1870 in
970 1827 1110 1869 multis
1121 1841 1193 1869 vo-

252 1887 459 1933 luminum
468 1888 805 1948 disputationibus
814 1886 1036 1931 destruxit:
1064 1899 1110 1931 ut
1119 1902 1190 1946 po-

248 1958 298 1990 te
326 1949 435 1992 inter
462 1950 594 1993 multa
626 1949 711 1992 Dei
741 1946 872 2002 dona,
900 1948 1044 2006 quibus
1073 1947 1189 1991 illum

249 2005 594 2049 abundantissime
626 2007 798 2063 Spiritus
831 2009 1015 2052 veritatis
1045 2007 1191 2066 imple·

248 2065 341 2118 vit,
369 2064 527 2108 habens
537 2066 663 2109 etiam
676 2066 783 2109 hanc
793 2067 969 2112 scientiae
979 2069 1018 2112 8(
1031 2067 1189 2127 sapien-

250 2124 320 2169 tia
329 2139 383 2169 ex
398 2126 480 2169 Dei
489 2126 692 2170 charitate
712 2126 933 2181 virtutem,
963 2143 1007 2173 ut
1028 2145 1109 2172 non
1129 2129 1189 2173 so-

246 2184 341 2230 lum
349 2184 467 2229 istam
478 2185 609 2230 adhuc
621 2187 664 2230 in
685 2186 762 2229 suis
772 2186 1093 2232 detruncationis
1108 2191 1194 2248 pal·

0 2291 1 2294 ,
249 2245 459 2313 pitantem
471 2276 487 2300 ,
515 2246 582 2291 sed
592 2247 720 2291 etiam
732 2247 877 2292 multas
897 2249 1006 2306 prius
1026 2249 1192 2293 haereses

0 2318 3 2363 g
244 2305 408 2349 anvisto
419 2307 535 2350 verbi
554 2306 691 2366 gladio
710 2306 955 2352 debellaret.
989 2309 1071 2352 Cui
1082 2310 1191 2351 inter

79 1328 160 1364 cu.
188 1337 241 1362 m.

243 2371 321 2410 tot
345 2368 619 2412 certaminum
640 2368 822 2428 palmas.
851 2369 960 2413 inter
973 2381 1035 2412 tot
1046 2370 1188 2413 trium·
1211 2383 1213 2385 ·

248 2425 431 2486 phorum
449 2443 618 2473 coronas
646 2429 701 2472 ad
728 2429 1078 2473 illuminationem
1111 2431 1185 2473 Ec·

172 2491 179 2499 '
243 2485 400 2541 clesioe,
425 2488 466 2531 8(
494 2489 546 2533 ad
576 2491 751 2548 gloriam
785 2489 965 2543 Christi,
989 2504 1070 2548 qua
1100 2489 1184 2549 ipse

67 2593 76 2602 ‚
246 2544 467 2590 illustratis
494 2548 553 2592 est
569 2578 584 2602 ,
665 2550 887 2608 rsulgenti,
915 2551 1080 2608 quidam
1113 2563 1186 2590 no·

69 2607 213 2651 Augusti-
249 2602 422 2648 strorum
441 2607 585 2664 (quod
604 2564 664 2651 fec
674 2609 953 2676 ipsismultum
963 2604 1185 2649 dolendum

67 2650 234 2722 2¹22*
247 2663 511 2720 est)occultis,
541 2663 608 2708 sed
622 2680 705 2709 non
716 2669 937 2724 incognitis
957 2665 1186 2708 susurratio·

65 2729 199 2763 occulti.
245 2724 670 2784 nibusobloantun
699 2727 740 2770 8(
750 2739 871 2784 prout
882 2726 982 2769 fibid
990 2726 1186 2769 obnoxias

68 2790 76 2801 ⁸
116 2794 121 2797 ·
222 2784 478 2842 ‘aliquorum
509 2798 624 2827 aures
654 2785 984 2844 opportunasque
1023 2799 1184 2844 repere·

148 2856 170 2882 ε
245 2844 366 2899 rint,
395 2858 412 2878 ⁸
442 2843 590 2903 scripta
619 2843 726 2901 ejus,
755 2845 898 2904 quibus
927 2860 1038 2888 error
1070 2847 1182 2890 Pela-

244 2904 761 2963 gianorumimpugnatur,
790 2903 1020 2961 infamant;
1048 2904 1183 2949 dicen·-

246 2979 333 3022 tes,
359 2979 457 3009 eum
475 2965 648 3008 liberum
669 2965 882 3008 arbitrium
905 2965 1066 3024 penitus
1097 2965 1183 3008 sub·

245 3040 441 3080 movere,
469 3025 511 3069 8(
530 3023 600 3069 sub
619 3026 758 3084 gratiae
779 3027 947 3069 nomine
980 3026 1183 3069 necestita-

247 3100 336 3131 tem
365 3084 581 3146 praedicare
601 3085 794 3130 fatalem.
826 3086 1079 3143 Adjicientes
1108 3087 1182 3129 eti-

246 3161 342 3203 am,
370 3146 468 3190 duas
498 3147 616 3190 illum
638 3145 811 3190 humani
830 3148 991 3205 generis
1020 3147 1184 3201 massas,

181 3232 185 3238 ⁴
245 3207 396 3252 &duas
413 3205 524 3252 credi
543 3207 649 3251 velle
660 3220 845 3268 naturas:
873 3220 920 3251 ut
938 3207 1088 3252 scilicet
1098 3219 1186 3252 tan·

249 3299 258 3311 ,
348 3270 393 3308 st,
415 3266 567 3316 ΡῙΌΙῙΡΕΓῘ.
577 3292 588 3303 o
739 3304 744 3307 ‚
824 3286 826 3289 ’

268 3327 310 3366 ,q
327 3316 377 3353 Sic
398 3315 457 3353 Mt.
475 3317 534 3355 Jol.
554 3326 622 3349 cuin
642 3315 725 3350 Edit.
747 3317 886 3350 Veneta.
905 3317 969 3349 Alii
989 3317 1123 3354 codices,
1142 3328 1184 3348 ro-

249 3363 417 3441 equidm
433 3397 530 3446 Lugd-
547 3396 666 3430 Lovan.
678 3398 773 3443 Duae.
791 3396 823 3429 3:
843 3397 953 3430 colon.
971 3408 1008 3429 ac
1019 3398 1056 3438 fia
1076 3397 1182 3431 Editio

251 3434 331 3469 ven.
348 3437 550 3473 conformiter.
559 3439 628 3472 Mn.
645 3439 767 3480 Remig.
786 3438 818 3470 &
838 3439 896 3476 Jol.
916 3449 951 3470 ae
965 3438 1022 3477 fic.

290 3478 377 3509 εἵη
394 3477 468 3511 editi
486 3488 591 3511 omnes
607 3500 618 3510 .
645 3481 687 3511 At
707 3482 777 3510 vero
798 3478 853 3510 Ms-
879 3479 996 3520 Remig.
1016 3479 1122 3519 copiosa
1142 3481 1182 3511 Ο*

246 3516 353 3560 pulcra
370 3519 402 3548 in
416 3520 518 3551 multis
538 3520 718 3552 voluminum
737 3519 931 3560 disputatione
944 3519 1182 3558 destruxeram.

248 3563 352 3588 autern
366 3557 425 3595 Jol.
441 3570 458 3591 e
495 3561 501 3567 ⁴
527 3572 547 3591 a
563 3561 603 3593 Φ·
616 3564 720 3602 pulcra
738 3561 933 3591 inmaturum
953 3560 1130 3591 voluminum
1137 3559 1183 3590 di-

247 3597 411 3639 sputatione
427 3601 464 3630 de
498 3602 578 3631 nuxit.
676 3624 678 3626 .

290 3638 313 3669 d
333 3639 416 3670 Edit.
426 3639 501 3670 Lov.
510 3640 642 3673 Duac.&
660 3641 771 3673 Colon.
785 3639 843 3678 fibi
860 3640 978 3671 noxias:
1000 3639 1186 3672 minusbene.

291 3689 309 3709 e
327 3678 386 3710 Ms.
406 3679 464 3716 Jol.
486 3678 572 3712 solus.
583 3681 745 3722 scriptam
764 3681 842 3722 cius.

285 3717 312 3758 f
326 3719 408 3751 Edit,
428 3718 521 3760 Lngd⁴
545 3719 656 3753 Lovan.
673 3722 768 3756 Duae,
787 3722 819 3753 ἂ
840 3720 951 3753 Colou.
969 3729 1055 3762 atqu
1072 3723 1188 3764 ignove-

250 3759 324 3790 rint.
341 3761 431 3791 Imm
458 3768 614 3790 novum-
634 3761 693 3793 ΜΓ.
712 3762 771 3799 Iol.
793 3761 856 3803 post
877 3762 955 3792 hane
975 3771 1098 3801 vocem,
1118 3772 1182 3794 con-

250 3799 407 3842 quiescunt.
426 3800 519 3841 Aequi
538 3799 687 3838 noverint,
708 3803 966 3843 '‘i-nunqnam,
979 3801 1044 3835 διε.
1072 3828 1081 3833 ,
1116 3832 1119 3835 ,

273 3853 297 3881 ι
317 3840 378 3875 Ms-
399 3841 459 3882 101.
475 3841 551 3881 ficar
569 3850 632 3874 totu
648 3836 727 3880 fide.

2121 193 2189 251 57

1260 276 1310 308 tae
1321 266 1486 323 pietatis
1505 268 1594 310 viro
1615 270 1871 326 Paganorum
1890 268 1930 311 8<
1943 268 2191 314 Manichaeo-

1258 339 1348 370 rum
1379 326 1624 373 adscribatur
1651 329 1865 386 impietas.
1898 330 2002 388 Quae
2033 328 2060 371 fi
2093 345 2190 375 vera

1258 384 1372 438 sunt,
1401 402 1471 431 cur
1481 388 1555 446 ipsi
1577 401 1664 434 tam
1685 389 1962 447 negligentes,
1992 403 2044 432 ne
2055 387 2190 434 dicam

1257 456 1343 487 tam
1354 446 1473 503 impii
1484 478 1497 500 ,
1528 448 1642 503 sunt,
1671 460 1717 492 ut
1729 461 1815 493 tam
1825 449 2042 507 abruptam
2053 451 2189 507 perni-

1257 504 1362 547 ciem
1383 506 1434 548 ab
1468 508 1646 552 Ecclesia
1666 524 1747 553 non
1767 510 1993 568 repellant,
2023 523 2109 552 tam
2129 511 2190 553 in·

1258 562 1363 607 sanis
1393 565 1742 622 praedicationibus
1763 584 1846 613 non
1877 568 2082 624 resistant,
2111 584 2188 614 nec

1260 623 1403 667 saltem
1423 626 1621 685 aliquibus
1651 628 1805 686 scriptis
1825 645 1942 683 eum,
1971 644 2085 689 aquo
2097 630 2188 674 talis

1258 697 1426 728 emanat
1456 685 1639 730 doc'trina
1661 717 1675 741 ,
1714 689 1996 733 conveniant?
2027 693 2187 749 Magna

1257 744 1373 787 enim
1392 746 1523 804 gloria
1543 747 1611 790 sua
1631 748 1812 792 humano
1831 751 1972 807 generi
1983 749 2187 792 consulue-

1257 804 1366 858 rint,
1396 805 1708 869 siAugustinum
1729 810 1780 852 ab
1809 824 1944 853 errore
1973 824 2189 854 revocave-

1259 865 1366 908 rint.
1400 867 1491 909 Nisi
1513 867 1618 910 forte
1640 868 1806 912 modesti
1830 871 2042 924 homines,
2073 870 2189 913 novi-

1259 939 1337 982 que
1348 925 1530 970 censores
1542 957 1555 980 ,
1576 941 1815 986 magnorum
1829 931 1937 988 prius
1950 931 2190 973 meritorum

1260 985 1344 1027 seni
1377 986 1672 1030 honorabiliter
1689 1003 1735 1031 ac
1758 988 2068 1032 misericorditer
2098 1003 2189 1047 par-

1256 1057 1380 1098 cunt,
1410 1046 1449 1089 8<
1471 1046 1597 1090 securi
1617 1048 1712 1106 quia
1732 1049 1854 1091 libros
1877 1049 1959 1104 ejus
1980 1063 2102 1091 nemo
2133 1048 2191 1091 us·

1257 1119 1381 1162 quam
1414 1108 1583 1166 recipiat
1608 1137 1622 1161 ,
1661 1109 1946 1167 conquiescunt
1979 1125 1989 1151 ε
2029 1109 2044 1138 f
2070 1122 2191 1166 atque

1260 1166 1522 1223 ignoverint,
1552 1169 1680 1211 immo
1701 1169 1919 1222 noverint,
1950 1182 2032 1211 non
2061 1167 2190 1212 solum

1260 1227 1496 1270 Romanam
1521 1227 1841 1287 Africanamque
1873 1228 2124 1282 Ecclesiam,
2152 1226 2192 1271 8(

1259 1301 1335 1344 per
1352 1302 1495 1331 omnes
1527 1287 1667 1331 mundi
1699 1303 1835 1347 partes
1866 1289 2072 1332 universos
2102 1303 2193 1347 pro-

1258 1347 1452 1390 miffionis
1469 1347 1568 1390 filios
1587 1362 1679 1391 cum
1698 1349 1882 1392 doarina
1901 1349 2016 1405 hujus
2045 1350 2147 1402 viri,
2175 1358 2193 1385 ⁸

1258 1407 1355 1449 ficut
1380 1408 1423 1448 in
1447 1419 1533 1449 tota
1553 1406 1654 1460 fide,
1685 1410 1744 1451 ita
1764 1412 1807 1452 in
1828 1410 1966 1467 gratiae
1987 1409 2193 1452 confeffio-

1257 1478 1311 1506 ne
1343 1479 1588 1523 congruere:
1619 1467 1685 1510 sed
1706 1470 1834 1512 etiam
1856 1470 1898 1512 in
1920 1470 1984 1512 his
2013 1469 2105 1526 ipsis
2136 1470 2192 1511 lo-

1255 1524 1337 1575 cis,
1367 1525 1410 1566 in
1441 1527 1584 1580 quibus
1604 1526 1790 1570 adversus
1810 1543 1904 1571 eum
1934 1530 2191 1586 querimonia

1255 1582 1517 1635 concitatur,
1556 1583 1632 1627 esse
1653 1615 1667 1639 ,
1697 1587 1864 1644 proprio
1897 1589 1991 1632 Deo
2012 1617 2026 1641 ,
2067 1587 2191 1646 pluri-

1253 1654 1342 1684 mos
1361 1670 1376 1694 ,
1414 1643 1483 1700 qui
1522 1643 1572 1685 ad
1633 1649 1913 1703 erceptionem
1944 1649 2191 1706 cvangelicae

1254 1702 1557 1760 apostolicaeque
1587 1660 1778 1749 ἀξᾶῐίηκ
1809 1708 2079 1752 saluberrimis
2109 1708 2191 1764 ejus

1251 1762 1593 1820 disputationibus
1604 1766 1842 1810 imbuuntur
1851 1798 1866 1822 ,
1894 1770 1934 1811 8(
1953 1766 2134 1826 quotidie
2145 1768 2191 1811 in

1252 1824 1450 1867 membris
1460 1826 1640 1882 corporis
1663 1826 1844 1881 Christi,
1873 1828 1917 1870 in
1932 1838 2130 1885 quantum
2141 1842 2192 1870 ea

1252 1881 1339 1941 ipse
1361 1884 1638 1943 multiplicat,
1666 1885 1915 1930 dilatantur.
1949 1888 1991 1931 Si
2012 1887 2119 1930 reae
2131 1902 2190 1930 re-

1251 1942 1493 2001 prendimur
1511 1975 1526 1998 ,
1565 1961 1636 1989 cur
1677 1961 1759 1990 non
1790 1947 2022 1993 constanter
2059 1949 2191 2006 argui-

1249 2003 1370 2048 mur?
1401 2006 1442 2048 51
1453 2005 1650 2063 arguendi
1672 2022 1755 2050 non
1767 2007 1925 2063 sumus,
1953 2010 2191 2052 curocculta

1249 2064 1546 2115 obtrefiatione
1579 2067 1845 2111 mordemur?

1311 2139 1350 2183 ς.
1372 2124 1450 2169 Sed
1469 2122 1488 2152 ¹¹
1506 2127 1594 2185 quis
1615 2129 1762 2182 nescit,
1791 2143 1861 2171 cur
1891 2127 1964 2172 ista
1992 2130 2190 2188 privatim

2287 2143 2308 2174 b

1252 2185 1302 2230 de
1322 2185 1529 2230 stomacho
1548 2190 1752 2244 garriant,
1781 2190 1821 2232 8(
1841 2190 1999 2246 publice
2019 2189 2068 2233 de
2097 2205 2191 2233 con·
2208 2182 2286 2217 ‘3⁴¹'-
2302 2194 2347 2217 Ν·

1252 2246 1340 2288 silio
1358 2246 1665 2289 conticescant?
1696 2249 1893 2291 Volentes
1912 2252 2026 2292 enim
2046 2251 2090 2292 iri
2121 2250 2191 2294 sua

1250 2304 1400 2362 justitia
1417 2307 1570 2364 magis,
1599 2322 1722 2365 quam
1753 2309 1796 2351 in
1830 2310 1913 2352 Dei
1943 2310 2075 2367 gratia
2103 2311 2189 2368 glo·

1249 2366 1370 2419 riari,
1398 2365 1563 2410 moleste
1584 2367 1749 2422 serunt,
1778 2369 1884 2427 quod
1903 2365 1914 2393 ³
1932 2369 1996 2412 his
2017 2385 2104 2428 quae
2118 2369 2186 2412 ad·

1250 2425 1410 2470 versum
1422 2428 1763 2471 excellentiffimae
1774 2429 2024 2472 auctoritatis
2035 2431 2075 2471 vi
2082 2444 2186 2483 rum,
2199 2479 2201 2482 Α

1247 2487 1516 2530 intermultas
1535 2489 1559 2512 ¹
1584 2489 1820 2531 collationes
1849 2487 2066 2542 asseruere,
2095 2486 2201 2532 resi-³

2286 2384 2299 2417 i

1244 2544 1405 2587 stimus.
1439 2546 1533 2586 Nec
1553 2544 1769 2598 dubitant,
1797 2546 1826 2588 fi
1846 2561 1968 2605 quam
1989 2548 2087 2591 hinc
2099 2563 2186 2591 mo-
2205 2541 2356 2576 Collatia-

2202 2594 2254 2614 nes
2287 2585 2360 2617 eas-

1245 2603 1386 2644 ven'nt
1404 2601 1687 2659 quaestionem,
1716 2605 1760 2647 in
1790 2607 1969 2663 qualibet
1996 2607 2184 2667 frequen·
2201 2623 2359 2656 fianicon.

1246 2662 1304 2704 tia
1325 2660 1600 2716 sacerdotum,
1630 2665 1673 2706 in
1693 2667 1874 2722 qualibet
1903 2670 2182 2725 congregatio·
2200 2666 2362 2699 “²⁶2⁶‘'-

1246 2723 1552 2824 nespopulorum
1563 2751 1578 2774 ,
1597 2725 1782 2767 centenis
1793 2724 1862 2767 fibi
1875 2725 2087 2771 beatissimi
2099 2731 2184 2772 Au·

1243 2796 1296 2840 gu
1330 2781 1391 2825 ini
1429 2782 1706 2831 voluminibus
1743 2784 1994 2829 obviandum
2016 2818 2028 2829 .
2079 2790 2183 2848 Quae

1241 2837 1547 2887 cum¹cordibus
1564 2841 1815 2892 audientium
1837 2846 2092 2891 manifestare
2103 2864 2186 2891 coe-

1243 2904 1381 2961 perint
1400 2903 1718 2960 potentissimam
1740 2905 1983 2950 Christiana:
2004 2906 2095 2951 fidei
2116 2923 2185 2952 ve·

1243 2965 1435 3017 ritatem,
1464 2962 1564 3007 &de
1584 2963 1763 3008 sontibus
1782 2964 1914 3019 divini
1925 2968 2075 3025 eloquii
2086 2983 2184 3027 prae·

1242 3024 1417 3076 sentium
1437 3024 1597 3067 animos
1616 3024 1814 3069 inundare
1823 3042 1846 3080 ;
1878 3029 1967 3085 quis
1987 3026 2184 3083 fidelium,

1240 3085 1329 3143 quis
1357 3085 1543 3143 piorum,
1572 3086 1790 3143 recognitis
1809 3088 1849 3130 8(
1881 3087 2182 3132 commendatis

1242 3145 1315 3189 sibi
1326 3144 1460 3188 salutis
1470 3144 1544 3187 suae
1555 3146 1690 3189 cauffis
1699 3176 1713 3199 ,
1734 3147 2051 3192 amaritudinem
2063 3146 2181 3192 istam

1238 3206 1356 3254 -volet
1374 3204 1535 3249 fumosae
1547 3207 1725 3264 recipere
1739 3207 1958 3252 vanitatis?
1989 3210 2081 3266 Ego
2091 3210 2178 3266 qui·

1285 3315 1306 3347 h
1326 3314 1384 3349 Ms.
1404 3315 1460 3352 Iol.
1478 3310 1678 3362 quianullum,
1701 3312 1759 3347 Ms-
1776 3270 1900 3359 {K-lemig.
1918 3318 1969 3358 φοί
1986 3269 2133 3356 uela-geel?

1234 3353 1241 3362 ⁸
1285 3356 1374 3391 1·‚Mf.
1395 3356 1453 3392 Jol.
1474 3367 1505 3387 ue
1525 3353 1667 3397 his-que,
1689 3355 1748 3388 ἃς.

1234 3423 1243 3425 ,
1281 3397 1306 3430 k
1324 3396 1510 3428 collationes
1533 3396 1651 3427 Parrum
1673 3396 1815 3437 intelligit
1829 3416 1839 3432 ‚
1867 3407 1886 3428 a
1905 3396 2021 3432 Ioanne
2040 3395 2182 3429 Cassiano

1240 3437 1413 3478 Presbytero
1432 3436 1525 3468 editas
1546 3447 1626 3468 anno
1647 3440 1713 3472 ⁴26.
1735 3437 1844 3468 Earum
1867 3436 1975 3467 scilicet
1996 3437 2045 3468 ille
2062 3437 2179 3468 classem

1241 3477 1499 3518 fecundaturque
1520 3476 1557 3507 ab
1574 3477 1727 3509 undecima
1745 3477 1904 3508 collatione
1924 3476 2048 3518 incipit,
2071 3478 2179 3509 Hono·

1243 3526 1307 3549 rato
1326 3518 1357 3548 &
1380 3517 1528 3548 Eucherio
1548 3518 1710 3557 inscripsit,
1733 3517 1868 3548 nondum
1890 3517 2062 3558 Epist-pis:
2081 3526 2179 3559 quau-

1243 3559 1283 3590 do
1301 3557 1423 3598 quidem
1443 3568 1493 3588 eos
1514 3557 1545 3587 in
1567 3558 1736 3598 prefatione
1756 3557 1858 3589 fratres
1877 3558 2004 3598 appellat
2017 3567 2028 3588 e
2047 3558 2107 3598 ipse
2127 3567 2181 3589 au·

1245 3608 1306 3630 tem
1317 3599 1488 3629 Honoratus
1497 3598 1694 3629 Arelatensem
1711 3597 1910 3637 episcopatum
1925 3597 2005 3630 difio
2019 3608 2100 3629 anno
2107 3601 2180 3635 42⁶1

1245 3639 1377 3671 obtinuit
1387 3659 1396 3668 .
1417 3637 1649 3669 Definitionibus
1665 3647 1753 3676 porro
1767 3638 1859 3668 tertiae
1872 3638 1990 3670 decime
2006 3636 2177 3670 collationis

1247 3677 1416 3718 Augustino
1441 3679 1596 3709 contrariis
1617 3676 1731 3708 {andus
1753 3678 1824 3709 Pros
1859 3688 1872 3709 r
1892 3688 1965 3711 voce
1990 3687 2024 3711 ac
2046 3679 2179 3710 sermone

1247 3721 1377 3762 primum
1398 3739 1408 3755 ,
1428 3717 1533 3750 deinde
1553 3727 1623 3749 vero
1643 3717 1706 3758 post
1726 3719 1812 3759 Augu
1840 3719 1884 3749 ini
1903 3718 2018 3751 obitum
2039 3740 2049 3755 ‚
2070 3718 2179 3759 scripto

1233 3760 1413 3796 solamine,
1433 3759 1514 3800 quod
1533 3768 1630 3791 contra
1649 3756 1815 3790 conatorem
1834 3767 1944 3793 vocant
1957 3780 1969 3798 ‚
1989 3757 2177 3793 resistendum

1244 3801 1443 3836 existimavit.

1289 3842 1303 3873 Ι
1322 3840 1384 3876 Mt.
1402 3839 1463 3880 Jol.
1481 3839 1612 3874 cordibus
1631 3838 1833 3874 ehviaenrium«
1867 3876 1871 3881 ,

2197 2708 2332 2746 gamno.

2278 2868 2291 2900 l
