2652 4126
494 272 608 329 ‘160
689 270 960 327 SCRIPTA
1005 276 1546 324 iar-,MONUMENTA
1591 266 1737 339 ρυλε
1781 263 2323 336 op.S.PRosi>izi<1„

491 387 516 408 „
541 362 625 413 gabo
645 376 705 400 vos
722 375 762 399 ex
791 357 945 395 omnibus
972 359 1085 397 terris,
1109 358 1144 390 δε
1169 356 1322 393 inducam
1354 369 1412 394 vos

540 419 573 452 in
609 425 726 451 terram
753 407 918 444 vestrams
951 409 985 440 &
1022 405 1188 452 aspergam
1223 405 1318 452 super
1352 419 1410 444 vos

488 441 515 506 ’ἶ
539 475 655 512 aquam
680 458 836 496 mundam
857 480 868 498 ‚
902 459 936 490 &
972 453 1213 491 mundabimini
1238 454 1279 490 ab
1303 462 1409 492 omni-

487 493 501 514 ,
538 514 595 550 bus
622 507 825 546 immunditis
850 503 984 546 vestris,
1010 509 1045 540 δι
1071 504 1237 541 mundabo
1264 506 1343 548 vos,
1377 511 1411 544 δε

486 540 513 610 Ξ
535 560 620 598 dabo
644 556 736 593 vobis
761 567 820 591 cor
845 567 972 590 novum
991 579 1003 596 ,
1038 558 1071 590 δι
1096 554 1245 602 spiritum
1281 568 1409 594 novum

485 639 509 658 ν
532 608 618 646 dabo
643 611 676 642 in
703 605 818 642 vobiss
845 609 877 640 &
905 603 1069 640 auferetur
1095 617 1155 639 cor
1181 604 1343 651 lapideum
1369 606 1410 642 de

482 687 508 707 ‚‚
532 670 626 695 carne
654 655 777 696 vestra,
802 657 835 689 δι
860 654 947 689 dabo
971 653 1069 689 vobis
1095 665 1154 689 cor
1180 667 1349 693 carneum5
1373 660 1407 692 &

482 736 507 757 ‚,
531 709 681 755 spiritum
704 717 817 742 meum
841 703 927 740 dabo
951 708 986 738 in
998 702 1110 745 vobis,
1136 707 1170 739 &
1196 703 1354 741 faciamut
1372 709 1405 741 in

481 786 505 806 „
530 754 903 802 justificationibusmeis
927 752 1122 795 ambuletis,
1147 758 1181 790 δε
1206 754 1322 798 judicia
1335 768 1408 792 mea

480 834 503 854 ‚‚
527 806 702 843 observetis
727 802 908 839 &faciatis.
936 806 982 839 Et
993 801 1237 851 postaliquanta
1249 817 1405 851 pereum-

478 885 505 906 „
528 856 606 893 dem
629 854 737 902 ipsum
751 851 982 900 prophetam:
1010 857 1090 890 Non
1104 865 1238 901 propter
1253 867 1330 896 vos,
1357 858 1404 890 in-

403 902 417 930 3
441 913 448 923 '
477 933 504 955 „
529 909 624 954 quit,
649 903 845 952 egossfaciQ
869 903 950 939 dicit
969 905 1139 940 Dominus
1151 906 1271 942 Densa
1287 915 1404 942 notum

477 983 503 1004 ‚,
525 959 588 992 erit
613 952 1004 1001 vobisz'consundemini
1027 957 1062 989 &
1088 953 1267 990 erubescite
1294 955 1335 990 de
1347 959 1406 990 viis

475 1034 504 1054 ‚‚
526 1005 638 1042 vestris
650 1030 661 1048 ,
673 1005 792 1051 domus
802 1002 919 1040 Israel.
939 1006 1022 1040 Haec
1031 1004 1112 1040 dicit
1122 1007 1290 1041 Dominus
1303 1008 1405 1047 Deus,

474 1084 501 1104 ,‚
524 1059 562 1093 In
588 1056 640 1092 die
668 1053 927 1103 quoamundabo
953 1066 1013 1089 vos
1035 1053 1076 1089 ab
1099 1054 1254 1091 omnibus
1281 1058 1400 1102 iniqui-

474 1120 500 1154 ,·‚
524 1106 642 1143 tatibus
663 1104 800 1146 vestris,
826 1106 859 1139 δε
884 1102 1078 1140 constituam
1090 1107 1256 1146 civitates,
1282 1105 1401 1141 &zedi-

473 1182 500 1203 ‚‚
524 1153 879 1196 ficabuntunideserta,
905 1157 938 1190 δι
963 1159 1048 1190 terra
1059 1157 1268 1190 exterminata
1286 1166 1399 1200 opera·

471 1233 497 1252 ‚,
522 1206 633 1248 bitur,
659 1198 788 1255 proco
812 1204 905 1251 quod
933 1206 1146 1240 exterminata
1174 1203 1220 1240 est
1240 1215 1312 1240 ante
1324 1218 1402 1242 ocu.

470 1283 496 1302 ,‚
522 1257 572 1293 los
596 1258 702 1296 omnis
729 1257 967 1303 praetereuntis.
993 1256 1044 1289 Et.
1063 1254 1195 1298 dicent,
1221 1256 1325 1290 Terra
1345 1255 1399 1291 illa

468 1334 497 1352 ,‚
522 1302 750 1348 exterminata,
774 1304 856 1340 faeta
882 1302 928 1339 est
954 1303 1037 1340 ficut
1061 1303 1180 1340 hortus
1207 1303 1400 1348 voluptatis,

470 1383 495 1401 ‚,
519 1361 553 1393 δε
576 1360 735 1393 εἰνίτεῑεε,
751 1353 884 1390 desertae
909 1358 943 1390 &
971 1358 1195 1390 exterminatae
1222 1358 1255 1390 δι
1274 1353 1400 1397 effoffae,

469 1433 495 1451 „
521 1410 654 1443 munitae
679 1405 846 1441 sederunt.
874 1406 921 1439 Et
945 1402 1043 1440 scient
1054 1416 1165 1452 gentes
1184 1415 1404 1451 quaecumque

467 1482 492 1500 „
519 1456 641 1493 reliffiiae
667 1456 788 1491 fuerint
813 1457 846 1489 in
873 1457 1015 1490 circuitu
1052 1454 1161 1491 vestro
1181 1480 1192 1498 ,
1226 1458 1302 1500 quia
1336 1467 1401 1501 ego

465 1531 492 1550 ‚‚
519 1509 684 1542 Dominus
709 1503 868 1541 aedificavi
895 1503 1098 1547 destructas,
1126 1504 1267 1552 plantavi
1294 1517 1401 1540 exter-

465 1581 491 1601 „
517 1559 670 1593 minatas.
696 1558 772 1602 Ego
797 1556 966 1590 Dominus
993 1554 1123 1591 loeutus
1149 1555 1242 1597 sum,
1267 1558 1301 1590 &
1323 1554 1395 1591 feci.

465 1631 490 1649 „
515 1607 597 1642 Haec
621 1607 714 1642 dicitr
731 1607 918 1645 Dominus,
947 1603 1070 1641 Adhuc
1081 1604 1147 1642 hoc
1162 1607 1326 1652 inquiram
1336 1605 1397 1641 do-

465 1659 605 1700 ,‚..mui‚
630 1655 729 1692 Israel
753 1667 790 1692 ut
817 1653 933 1690 faciam
958 1655 1280 1703 eis,:,multiplicabo
1291 1668 1347 1690 eos
1359 1655 1396 1691 si-

465 1732 490 1751 „
513 1717 570 1743 cut
591 1708 678 1742 'oves
702 1704 879 1747 hominen
913 1704 995 1741 ficut
1020 1718 1101 1741 oves
1128 1706 1248 1741 nactas
1269 1731 1280 1746 ‚
1316 1705 1401 1742 ficut

465 1781 491 1799 „
515 1769 594 1793 oves
620 1755 797 1800 Jerusalem
823 1758 855 1790 in
881 1753 996 1791 diebus
1015 1754 1109 1792 ‘festis
1135 1757 1223 1800 ejus:
1249 1755 1397 1792 ficerunt

465 1831 490 1849 „
515 1810 661 1843 civitates
687 1804 929 1845 illaedesolatae‚
957 1804 1059 1851 plenoe
1069 1807 1186 1841 ovium
1197 1803 1396 1848 hominurn,

465 1881 492 1899 ,‚
516 1861 548 1893 δε
576 1856 676 1893 scient
701 1859 778 1903 quia
796 1866 868 1901 ego
893 1857 1079 1901 Dominus.

328 1920 375 1953 Ex
393 1907 449 1949 mis
516 1908 610 1953 Qid
637 1905 788 1942 remansit
812 1904 887 1951 pelli
913 1908 1092 1941 morticinae
1117 1905 1203 1941 unde
1228 1907 1327 1953 poffit
1349 1910 1399 1942 in-

290 1961 385 1990 verbis
405 1960 449 1995 Je-
466 1956 559 1997 flari,
586 1960 619 1991 δι
645 1956 847 2001 dedignetur
868 1955 1002 2001 quando
1027 1955 1211 2000 gloriatur,
1236 1959 1268 1991 in
1279 1960 1399 1994 Domi·

289 2000 442 2046 remiaesst
466 2018 512 2040 no
536 2004 690 2052 gloriari?
717 2005 812 2052 Qid
836 2007 864 2039 ei
893 2004 1062 2047 remansit,
1087 2006 1221 2051 quando
1232 2007 1398 2054 quidquid

288 2040 450 2109 Ezegriiehs
466 2056 585 2092 dixerit
612 2056 642 2091 se
669 2054 790 2096 fecisse,
816 2066 852 2090 ut
877 2067 919 2090 eo
947 2056 1148 2102 praecedente
1174 2056 1320 2099 hominis
1331 2070 1398 2093 me·

287 2090 411 2158 {ignaru
466 2108 552 2149 rito,
576 2105 616 2142 ab
642 2104 781 2142 homine
807 2116 954 2146 exorte,
982 2107 1073 2140 Deus
1101 2105 1329 2154 subsequenter
1354 2107 1397 2144 fa-

286 2161 441 2198 gratuitam
465 2158 528 2191 ciat
553 2168 626 2202 quo
650 2155 767 2202 dignus
787 2154 834 2190 est
844 2153 973 2194 homo,
1000 2155 1271 2200 respondebitur,
1297 2157 1396 2192 recla-

288 2200 318 2229 ἃ
339 2200 434 2229 effica-
465 2203 631 2248 mabitur,
655 2204 921 2244 contradicetur,
945 2206 1021 2248 Ego
1045 2203 1150 2247 facio,
1178 2204 1232 2238 sed
1258 2215 1402 2250 propter

287 2249 367 2269 “¹¹¹⁸
465 2266 587 2290 nomen
613 2265 727 2289 meum
753 2251 916 2292 nostum,
942 2263 1010 2286 non
1038 2262 1174 2297 propter
1193 2264 1254 2287 vos
1281 2264 1342 2296 ego
1354 2251 1397 2286 ffi-

464 2306 541 2345 cio,
567 2303 647 2339 dicit
674 2304 844 2338 Dominus
873 2302 988 2336 Deus?
1012 2298 1112 2336 Nihil
1131 2299 1174 2335 fic
1201 2305 1320 2337 evertit
1340 2305 1397 2336 Pe-

306 2386 309 2390 .
465 2352 607 2399 lagian'os
630 2352 775 2388 'dicentes
799 2353 936 2397 gratiam
947 2353 1010 2386 Dei
1022 2349 1197 2385 secundum
1214 2354 1328 2387 merita
1339 2358 1397 2386 no-

288 2412 449 2445 V.Lib.de
464 2401 527 2438 stra
551 2403 642 2438 dari·-
668 2400 773 2445 Quod
791 2399 936 2445 'quidem
961 2398 1027 2445 ipse
1054 2398 1222 2443 Pelagius,
1248 2400 1306 2436 etfi
1326 2413 1395 2435 non

285 2452 364 2496 gestis
379 2453 431 2481 Pe·
464 2451 683 2499 corrigendo,
702 2461 808 2485 tamen
828 2447 1002 2483 orientales
1015 2447 1134 2490 judices
1145 2450 1296 2485 timendo
1305 2449 1396 2486 dam-

289 2496 428 2539 lag‘ffnst?
444 2536 446 2538 .
464 2502 568 2540 navit.
583 2499 694 2538 Nihil
720 2499 764 2534 {ic
775 2515 778 2517 ·
788 2502 905 2534 evertit
915 2496 1093 2534 hominum
1105 2497 1395 2546 praesumptionem

293 2541 336 2567 14·
356 2532 448 2587 ‘ns-m?
463 2553 667 2592 dicentium,
692 2553 766 2587 Nos
790 2548 945 2590 facimus,
971 2559 1007 2584 ut
1034 2560 1220 2584 mereamur
1239 2562 1315 2586 cum
1325 2553 1397 2596 qui·

464 2601 523 2639 bus
549 2602 641 2639 faciat
667 2604 778 2638 Deus.
805 2598 1001 2645 Respondet
1016 2597 1133 2643 vobis,
1158 2611 1226 2634 non
1237 2600 1394 2645 Pelagius,

431 2690 434 2694 ,
463 2652 519 2688 sed
543 2652 608 2701 ipse
636 2653 826 2692 Dominus,
848 2651 924 2695 Ego
949 2648 1036 2685 facio
1056 2673 1066 2689 ‚
1101 2651 1135 2684 δι
1160 2661 1228 2684 non
1256 2662 1396 2696 propter

464 2715 546 2744 vos,
572 2701 625 2737 sed
651 2706 791 2747 propter.
812 2712 935 2735 nomen
962 2697 1262 2737 meumsanetum.
1299 2700 1394 2745 Quid

390 2787 393 2790 ,
436 2770 446 2786 s
463 2754 551 2788 enim
577 2749 709 2798 potestis
745 2751 850 2786 facere
875 2750 956 2785 boni
981 2748 1023 2786 de
1048 2748 1148 2784 corde
1173 2761 1241 2784 non
1267 2747 1358 2785 bono
1383 2760 1395 2786 ἓ

409 2816 436 2830 τ.»
451 2804 649 2837 ⁴Utautem
674 2798 820 2835 habeatis
846 2812 905 2834 cor
929 2798 1078 2842 bonum,
1102 2797 1223 2841 Dabo,
1249 2803 1357 2847 iuquit
1381 2825 1394 2843 ,

436 2854 450 2869 ⁵
465 2850 562 2886 vobis
587 2862 647 2885 cor
673 2861 822 2890 novum,
847 2853 880 2884 &
907 2849 1056 2895 spiritum
1082 2860 1212 2885 novum
1236 2848 1324 2886 dabo
1335 2862 1393 2885 vo-

465 2899 533 2936 bis.
559 2899 739 2946 Numquid
750 2898 1021 2946 potestisdicere‚
1048 2902 1142 2935 Prius
1157 2897 1392 2937 ambulavimus

465 2954 501 2986 in
525 2947 809 2996 justificationibus
833 2949 921 2996 ejus,
948 2952 982 2984 δε
1007 2949 1166 2994 judicium
1191 2951 1257 2994 ejus
1281 2948 1391 2986 obser-

467 3003 637 3040 vavimus,
662 3003 695 3035 &
722 2999 858 3036 fecimus
883 3010 920 3035 ut
944 2997 1200 3044 dignieffemus‚
1226 2999 1391 3047 utquibus

465 3052 601 3096 gratiam
625 3049 714 3086 suam
740 3050 863 3085 daret?
899 3049 992 3093 Quid
1027 3052 1113 3085 enim
1140 3048 1220 3085 boni
1246 3049 1391 3086 faceretis

467 3099 620 3136 homines
644 3099 743 3142 mali,
768 3103 801 3134 &
827 3099 1003 3147 quomodo
1030 3098 1088 3134 ista
1114 3099 1200 3135 bona
1226 3098 1391 3143 faceretis,

468 3149 525 3185 nisi
552 3148 630 3187 boni
656 3148 779 3185 essetis?
804 3152 851 3185 Ut
876 3146 1394 3197 autemhominesfintboniquis

287 3200 454 3239 Imm-3²·
470 3198 564 3241 facit,
590 3198 647 3234 nifi
673 3198 750 3240 ille,
776 3202 835 3245 qui
861 3200 967 3240 dixit,
992 3197 1267 3240 Etvifitaboeos,
1294 3210 1394 3235 utcos

292 3249 338 3286 43-
470 3247 576 3285 bonos
600 3248 735 3284 faciam?
761 3250 806 3284 Et
830 3251 886 3295 qui
911 3248 1020 3290 dixit,
1044 3250 1201 3293 Spiritum
1220 3250 1393 3286 meumda-

297 3278 454 3350 &agga
470 3297 515 3334 bo
538 3299 571 3335 'in
598 3297 714 3339 vobis,
740 3302 774 3334 &
800 3298 912 3334 faciam
929 3296 1300 3339 utiniustificationibus
1311 3304 1395 3336 meis

318 3340 345 3358 ‘⁹
420 3341 429 3351 ⁸
470 3347 660 3391 ambuletis,
684 3353 717 3384 &
744 3348 863 3394 judicia
889 3361 960 3384 mea
984 3346 1162 3384 observetis
1187 3352 1220 3384 δε
1246 3349 1393 3386 faciatis?

470 3399 560 3433 Itane
570 3399 716 3435 nondum
729 3398 909 3444 evigilatis?
928 3398 1092 3435 Nondum
1101 3398 1217 3434 auditis
1229 3425 1240 3441 ,
1266 3401 1397 3436 Faciam

470 3458 508 3481 ut
532 3447 719 3491 ambuletis,
745 3448 857 3484 faciam
884 3460 920 3484 ut
944 3447 1137 3490 observetis,
1165 3447 1332 3495 postremo
1348 3449 1394 3484 fa-

469 3499 551 3532 ciam
577 3508 613 3532 ut
638 3497 777 3535 faciatis?
802 3498 898 3546 Qid
922 3496 1030 3534 adhuc
1056 3510 1116 3534 vos
1141 3498 1283 3536 inflatis?
1320 3501 1399 3536 Nos

470 3546 606 3591 quidem
630 3547 854 3590 ambulamus,
880 3560 993 3584 verum
1005 3546 1070 3586 ests
1095 3547 1393 3591 nosobservamus,

472 3603 530 3628 nos
554 3597 709 3632 facimus:
735 3597 787 3633 sed
813 3597 868 3633 ille
894 3597 971 3634 facit
983 3608 1021 3633 ut
1031 3597 1258 3641 ambulemus,
1284 3611 1320 3635 ut
1330 3598 1401 3635 ob-

471 3641 651 3686 servemus,
676 3656 714 3682 ut
742 3646 910 3683 iaciamus.
936 3650 1018 3684 Haec
1042 3647 1271 3693 estgratiaDei
1281 3648 1390 3687 bonos

471 3687 589 3726 faciens
614 3705 693 3736 nos,
719 3694 787 3731 haec
811 3696 857 3732 est
882 3698 1178 3738 misericordiacius
1190 3703 1390 3746 praeveniens

472 3750 551 3773 nos-
577 3742 670 3786 Qid
694 3755 858 3780 merentur
881 3746 1025 3790 deserta,
1049 3752 1083 3782 δε
1101 3752 1331 3792 exterminata,
1354 3751 1388 3785 &

472 3786 598 3826 effoss'as
620 3801 692 3836 quae
716 3802 824 3827 tamen
848 3795 1112 3835 aedffioebunrun
1144 3800 1179 3833 δε
1203 3798 1387 3845 operabun-

471 3849 547 3882 tur,
571 3842 606 3875 &
630 3842 844 3877 munientur?
879 3845 1052 3890 Numquid
1078 3844 1149 3883 haec
1173 3858 1238 3894 pro
1262 3851 1386 3885 meritis

1471 359 1682 400 desertionis,
1710 361 2010 403 exterminationis,
2036 360 2303 399 effosfionissuae?
2329 365 2401 402 Αἰ»,

1470 409 1526 445 fit.
1553 407 1614 444 Ista
1637 411 1722 444 enim
1748 412 1869 444 merita
1887 409 1971 446 mala
1995 409 2087 454 sunt,
2113 411 2183 447 haec
2194 413 2400 450 munet-abo·-

1472 472 1529 494 na.
1556 458 1758 495 Redduntur
1783 462 1892 506 itaque
1917 460 2007 496 malis
2026 459 2127 498 bona:
2153 466 2290 508 gratuita
2302 476 2401 510 ergo„-
2450 479 2565 510 Meritis

1472 522 1538 543 non
1565 507 1692 546 debita5
1717 513 1750 542 δι
1775 508 1850 544 ideo
1875 513 2004 555 gratia.¹
2019 514 2094 558 Ego
2119 515 2248 559 inquit,
2272 515 2565 551 Domi-malisred-

1471 570 1530 594 nus
1545 583 1556 600 ‚
1582 560 1656 604 Ego
1681 560 1849 594 Dominus
1870 573 1881 594 .·
1916 559 2040 598 Nonne
2065 573 2096 596 te
2122 560 2179 596 ista
2204 575 2273 598 vox
2296 576 2394 600 comt-⁷
2406 557 2515 591 duntur

1466 611 1601 655 primit,
1627 621 1649 642 o
1675 606 1816 643 humana
1842 608 2010 656 superbia,
2034 623 2106 657 quae
2129 612 2230 653 dicis,
2258 614 2332 659 Ego
2345 614 2389 650 fa-
2407 599 2483 667 &5¹³²
2503 611 2565 631 ‘¹¹²⁸'

1464 661 1540 702 cio,
1566 668 1602 694 ut
1626 670 1751 693 merear
1776 671 1793 692 a
1819 660 1970 696 Domino
1995 660 2146 697 aediiicari
2181 673 2278 708 atque
2305 663 2389 710 plan·
2444 649 2489 671 η’

1465 709 1695 750 tari?;N.onne
1722 708 1834 752 audis,
1858 712 1956 745 Non·
1967 722 2103 757 propter
2129 724 2189 746 vos
2213 723 2277 758 ego
2291 712 2401 749 faciot,

1464 761 1540 803 Ego
1566 760 1731 794 Dominus
1756 757 1910 794 aedificavi
1937 758 2115 796 destructas
2134 787 2146 804 ‚
2173 760 2311 807 plantavi
2337 775 2390 800 cx-

1464 811 1668 849 terminatas:
1694 810 1770 854 Ego
1795 811 1962 844 Dominus
1987 809 2115 846 locutus
2140 810 2232 855 stim,
2257 812 2389 849 &fecit

1465 870 1532 892 non
1568 869 1672 892 tamen
1713 869 1849 904 propter
1883 871 1943 893 vos
1962 883 1982 900 „
2009 859 2062 895 scd
2097 872 2233 908 propter
2267 875 2388 899 nomen

1465 919 1574 942 meum
1601 908 1768 943 sanetum?
1795 910 1878 950 Quis
1904 907 2099 956 multiplicat
2123 910 2204 946 sicut
2228 924 2307 948 oves
2327 912 2389 949 ho-

1463 956 1692 999 minesslicut
1716 970 1795 991 oves
1821 957 1960 999 faustas,
1986 959 2066 995 ficut
2090 972 2169 995 oves
2193 962 2389 1002 Jerusalem?

1465 1009 1551 1051 Quis
1577 1006 1651 1042 facit
1676 1018 1712 1042 ut
1739 1010 1885 1043 civitates
1920 1008 1983 1043 illae
2017 1009 2164 1045 desolatae
2202 1011 2303 1059 plenae
2327 1012 2396 1048 fint,

1461 1060 1576 1092 ovium
1593 1056 1791 1099 hominum,
1815 1057 1872 1093 nifi
1898 1058 1954 1093 ille
1980 1063 2036 1106 qui
2062 1059 2206 1107 sequitur
2228 1065 2262 1096 δε
2287 1062 2397 1104 dicit..

1461 1110 1506 1143 Et
1533 1106 1630 1142 scient
1653 1110 1728 1153 quia
1740 1118 1803 1153 ego
1828 1110 2017 1144 Dominus?
2042 1110 2106 1146 Sed
2130 1109 2248 1156 quibus
2266 1111 2387 1148 ovidus

1460 1155 1648 1193 hominibus
1675 1158 1813 1204 implet,
1840 1157 1932 1193 sicuti
1958 1158 2004 1195 est
2016 1158 2204 1206 pollicitus,
2229 1165 2391 1204 civitates,

1460 1218 1574 1242 utrum
1603 1218 1681 1254 quas
1699 1210 1845 1250 invenit,
1870 1219 1916 1243 an:
1938 1221 2016 1255 quas
2042 1209 2139 1244 facit?
2164 1210 2325 1247 psalmum
2341 1216 2388 1248 in·
2408 1235 2452 1274 Ps
2538 1238 2559 1265 6

1459 1281 1484 1299 „
1511 1267 1731 1303 teri-egemus:
1759 1270 1832 1293 ecce
1852 1257 2048 1306 respondet,
2073 1260 2262 1297 audiamus.-
2288 1263 2389 1304 „Ve-
2407 1245 2520 1312 (σίζ’
2557 1255 2575 1278 '⁸

1461 1332 1486 1350 ‚‚
1512 1310 1580 1341 nite
1603 1307 1776 1343 adoremus
1801 1313 1834 1344 &
1862 1308 2070 1356 procidamus
2094 1312 2144 1352 ei,
2167 1313 2201 1345 δε
2221 1311 2400 1358 ploremus

1462 1381 1488 1400 ‚,
1512 1366 1593 1393 οηῑα
1605 1358 1795 1394 Dominum
1820 1361 1875 1406 qui
1905 1357 1981 1394 stcit
2007 1371 2068 1396 nos
2087 1383 2098 1401 ‚
2133 1362 2210 1406 quia
2243 1360 2311 1408 ipse
2344 1361 2400 1405 est1

1462 1431 1488 1450 „
1514 1409 1608 1443 Deus
1628 1405 1743 1454 'noster
1763 1432 1774 1449 ,
1807 1413 1842 1444 δε
1869 1421 1930 1444 nos
1965 1409 2109 1456 populus
2143 1409 2268 1457 pascuae
2292 1412 2360 1455 ejus
2377 1437 2402 1455 ,-

1461 1483 1487 1501 „
1511 1459 1545 1491 &
1571 1466 1648 1492 oves
1672 1468 1787 1493 manus
1808 1460 1879 1504 ejus
1899 1483 1908 1492 .
1941 1459 2012 1506 Ipse
2049 1462 2149 1506 igitur
2174 1459 2250 1496 ficit
2275 1474 2354 1497 oves
2378 1487 2400 1504 ,s

1462 1533 1485 1550 „
1512 1505 1642 1553 quibus*
1657 1506 1811 1543 desolatas
1838 1507 1974 1556 impleat
1988 1513 2204 1553 civitates..„
2229 1511 2322 1556 Quid
2332 1514 2402 1555 mie:

1459 1566 1556 1592 rum?
1580 1557 1728 1601 Quando
1753 1557 1887 1605 quidem
1912 1558 1958 1595 illi
1973 1559 2297 1602 unicaetovidicitun
2321 1559 2393 1598 hoc

1457 1605 1503 1642 est
1529 1606 1703 1649 Ecclesiae,
1728 1610 1820 1651 cuius
1844 1608 1992 1645 membra
2019 1609 2305 1646 suntomnesoves
2325 1609 2391 1647 ho·
2420 1641 2422 1643 ,
2538 1619 2575 1645 -Ἷ

1457 1661 1586 1693 mines:
1623 1659 1794 1702 Quoniam
1820 1658 2002 1704 egnosum
2028 1661 2197 1696 Dominus
2222 1664 2280 1709 qui
2303 1659 2390 1698 facio

1457 1719 1509 1742 te.
1537 1706 1632 1751 Quid
1653 1705 1737 1744 mihi
1763 1707 2064 1746 obtendisliberum
2077 1709 2272 1753 arbitrium,
2297 1711 2399 1757 quod«

1457 1757 1498 1793 ad
1524 1756 1705 1793 faciendam
1731 1757 1884 1803 justitiam
1909 1758 2126 1796 liberumnon
2137 1764 2221 1804 erit,
2247 1761 2397 1797 ιιὶὶῑονίς4

1459 1806 1580 1843 fueris?
1606 1810 1677 1854 Qi
1703 1807 1780 1844 facit
1806 1811 1908 1855 igitur
1933 1821 2012 1845 oves
2037 1809 2189 1846 homines
2208 1837 2220 1854 ‚
2256 1809 2324 1858 ipse
2345 1810 2399 1848 ad:

1458 1856 1682 1894 obedientiam
1710 1862 1839 1906 pietatis
1864 1858 2019 1895 humanas
2043 1859 2157 1897 liberat
2184 1860 2399 1898 volunmtes.{

1558 1908 1619 1943 Sed
1645 1921 1747 1954 quare
1772 1908 1851 1944 istos
1873 1907 2032 1945 homines
2057 1923 2136 1947 oves
2147 1909 2245 1954 facit,
2270 1910 2469 1958 &istos-Cur
2487 1919 2568 1950 Deus

1459 1970 1525 1992 non
1554 1957 1649 2000 facit,
1675 1959 1762 2005 apud
1790 1972 1889 2005 quem
1915 1972 1983 1994 non
2008 1958 2054 1994 est
2079 1964 2231 2008 acceptio
2243 1960 2480 2007 persona-sali&
2496 1969 2568 2004 οἵω.

1458 2010 1556 2044 rum?
1580 2007 1653 2056 Ipsa
1679 2007 1726 2045 est
1751 2008 1887 2055 quaestio
1911 2023 2011 2056 quam
2022 2009 2135 2047 beatus
2145 1999 2571 2068 Apostoluscuaefacu’s‘ss'sss

1457 2057 1572 2094 riofius
1598 2070 1699 2105 quam
1722 2063 1870 2106 capacius
1882 2060 2165 2106 proponentibus,
2189 2063 2254 2103 ait,
2279 2059 2388 2106 Oho·
2403 2048 2569 2109 ἓῖἓῇιζ

1457 2120 1517 2143 mo
1542 2119 1579 2143 tu
1604 2111 1678 2154 quis
1704 2120 1737 2143 es
1762 2118 1802 2143 ut
1826 2108 2128 2153 respondeasDeo?
2151 2109 2327 2154 Numquid
2339 2108 2388 2144 di·
2403 2120 2566 2156 Ram,9.20.

1458 2161 1507 2191 cit
1531 2157 1727 2200 figmentum
1753 2158 1782 2189 ei
1808 2157 1865 2200 qui
1891 2154 1920 2189 se
1946 2155 2066 2196 finxit,
2090 2159 2202 2200 Quare
2227 2157 2269 2192 fic
2280 2156 2389 2193 mese-

1458 2202 1527 2237 cisti
1549 2204 1561 2236 ?
1595 2197 1666 2248 Ipsa
1691 2201 1737 2236 est
1763 2201 1901 2247 quaestio
1918 2228 1930 2245 ,
1964 2216 2038 2250 quae
2062 2205 2102 2240 ad
2129 2205 2219 2241 illam
2246 2210 2392 2253 pertinet

1458 2250 1666 2287 altitudinem
1691 2264 1791 2298 quam
1827 2251 2008 2298 perspicere
2035 2254 2150 2288 volens
2175 2255 2267 2290 idem
2291 2257 2389 2303 Apo-

1458 2301 1583 2343 stolus,
1608 2301 1752 2347 quodam
1777 2301 1882 2335 modo
1909 2305 2063 2346 expavit,
2088 2302 2345 2340 &exclamavitz
2365 2330 2390 2348 „

1457 2376 1482 2393 ,‚
1508 2353 1543 2386 O
1569 2350 1712 2386 altitudo
1737 2349 1926 2386 divitiarum
1951 2349 2390 2398 sapientiae&scientiaeDei:

1455 2425 1481 2445 ‚‚
1505 2413 1603 2447 quarn
1630 2398 1847 2436 instrutabilia
1872 2399 1943 2437 sunt
1970 2401 2087 2445 judicia
2112 2403 2180 2448 ejus
2200 2427 2222 2445 ‚n
2244 2407 2278 2439 &
2303 2409 2394 2441 inve·.
2406 2393 2486 2423 Rom.
2506 2401 2549 2423 ¹¹·

1454 2475 1484 2493 ‚,
1507 2449 1668 2497 stigabiles
1693 2453 1753 2486 viae
1779 2452 1847 2496 ejus
1868 2451 1876 2486 !
1913 2453 2000 2495 Quis
2026 2455 2112 2488 enim
2138 2456 2297 2499 cognovit
2320 2454 2391 2490 sen·

1458 2524 1483 2543 ,‚
1508 2499 1580 2535 sum
1606 2502 1770 2542 Domini,
1795 2511 1850 2536 aut
1876 2504 1949 2548 quis
1973 2501 2176 2539 consiliarius
2201 2505 2268 2550 ejus
2292 2503 2396 2542 fuit?

1458 2575 1483 2593 ,‚
1509 2552 1581 2585 Aut
1606 2554 1681 2595 quis
1707 2553 1800 2599 prior
1824 2550 1916 2587 dedit
1940 2551 2015 2595 illi,
2039 2556 2074 2588 δε
2100 2552 2296 2590 retribuetur
2321 2556 2349 2590 ei
2375 2557 2392 2591 ,²

1457 2624 1482 2643 ‚‚
1507 2602 1678 2644 Quoniam
1705 2612 1745 2636 ex
1771 2600 1863 2647 ipso,
1889 2605 1923 2637 &
1951 2614 2008 2649 per
2035 2601 2162 2649 ipsum,
2197 2608 2231 2639 δε
2256 2607 2289 2639 in
2314 2603 2392 2651 ipso

1457 2674 1482 2693 ,‚
1507 2649 1581 2686 sunt
1607 2653 1737 2691 omnia,
1764 2651 1823 2697 ipfi
1849 2651 1953 2697 gloria
1978 2655 2010 2686 in
2038 2652 2147 2689 saecula
2173 2653 2390 2693 saeculorum,

1455 2703 1536 2736 Non
1565 2704 1672 2747 itaque
1698 2699 1788 2737 istam
1813 2701 1945 2738 scrutari
1970 2701 2108 2739 audeant
2142 2703 2389 2741 inscrutabilem

1454 2749 1691 2797 quaestionem,
1715 2754 1771 2798 qui
1799 2755 1954 2788 meritum
1979 2763 2052 2788 ante
2077 2756 2237 2800 gratiam,
2263 2752 2545 2799 &ideojvscruta-

1453 2802 1516 2846 jam
1541 2812 1656 2836 contra
1681 2804 1816 2847 gratiam
1840 2801 2049 2838 defendentes
2069 2829 2079 2844 ,
2115 2807 2241 2850 priores
2267 2804 2384 2842 volunt
2400 2793 2465 2863 alm
2480 2803 2562 2834 ‘1²¹²‘

1453 2851 1528 2886 dare
1554 2854 1652 2893 Deo,
1678 2862 1715 2888 ut
1741 2850 1940 2887 retribuatur
1964 2854 2028 2893 eis,
2056 2856 2184 2900 priores
2208 2854 2382 2900 utiqueda=
2425 2842 2473 2866 ¹⁰⁸

1452 2914 1487 2936 re
1513 2901 1685 2947 quodlibet
1711 2913 1752 2936 ex
1776 2900 1883 2937 libero
1908 2899 2072 2944 arbitrio,
2097 2915 2135 2940 ut
2160 2903 2198 2938 fit
2224 2906 2322 2948 gratia
2334 2915 2383 2938 re-

1451 2949 1621 2987 tribuenda
1647 2963 1711 2997 pro
1737 2954 1892 2998 praemio:
1927 2955 1959 2986 δι
1987 2951 2142 2998 sapienter
2167 2952 2343 2997 intelligant
2368 2971 2387 2995 ,>

1451 3001 1505 3036 vel
1529 3000 1671 3045 fideliter
1695 3001 1850 3044 credant,
1876 3004 1973 3037 etiam
1998 3003 2088 3048 quod
2112 3001 2141 3036 se
2168 3006 2385 3048 putantprio·

1451 3064 1501 3087 res
1527 3048 1669 3093 dedisse,
1694 3049 1733 3086 ab
1760 3050 1819 3086 illo
1846 3065 1888 3087 ex
1912 3064 1981 3098 quo
2005 3051 2078 3087 sunt
2100 3054 2210 3086 omnia
2232 3076 2243 3093 ,
2270 3064 2387 3098 perce-2

1454 3098 1545 3148 pisse.
1574 3104 1646 3137 Cur
1670 3111 1777 3136 autem
1806 3100 1862 3137 iste
1887 3103 2044 3146 accipiat,
2070 3098 2125 3135 ille
2152 3114 2218 3136 non
2230 3104 2379 3148 accipiat,

1453 3160 1531 3187 cum
1556 3150 1657 3186 ambo
1682 3163 1749 3187 non
1775 3158 1958 3188 mereantur
1982 3152 2149 3198 accipere,
2175 3155 2207 3187 &
2233 3151 2379 3199 quisquis

1455 3213 1572 3248 eorum
1599 3205 1782 3248 acceperit,
1807 3199 2113 3247 indebiteaccipiat‚
2140 3204 2223 3237 vires
2235 3202 2300 3238 suas
2312 3215 2381 3237 me·

1453 3254 1595 3292 riantur,
1621 3254 1654 3286 δε
1680 3251 1816 3287 fortiora
1842 3250 1871 3285 se
1897 3262 1963 3284 non
1990 3250 2196 3287 scrutentur.
2233 3250 2501 3310 suffiClatrEccliq
2516 3280 2553 3302 22

1454 3303 1499 3335 eis
1526 3300 1626 3341 scire,
1661 3300 1752 3347 'quod
1778 3312 1844 3335 non
1871 3298 1908 3334 fit
1934 3303 2084 3346 iniquitas
2108 3302 2193 3348 apud
2228 3304 2339 3337 Deum
2366 3328 2376 3338 .
2505 3293 2513 3303 ⁹

1454 3354 1544 3386 Cum
1569 3353 1657 3385 enim
1691 3347 1777 3385 nulla
1813 3352 1928 3385 merita
1961 3350 2124 3386 invenisset
2158 3350 2339 3397 Apostolus
2364 3376 2376 3393 ‚

1454 3398 1574 3447 quibus
1606 3398 1706 3440 Jacob
1732 3402 1896 3445 geminum
1923 3400 2009 3445 apud
2036 3404 2147 3436 Deum
2182 3401 2375 3447 praecederet

1454 3475 1480 3494 „
1506 3449 1656 3485 fratrem:
1683 3474 1708 3491 „
1733 3449 1825 3495 Qiid
1835 3451 2090 3495 ergodicemus‚
2113 3454 2244 3497 inquit?
2269 3454 2374 3487 Num·
2393 3472 2471 3500 Rom.
2492 3480 2524 3507 9·

1451 3522 1475 3541 ‚‚
1500 3499 1580 3545 quid
1604 3498 1650 3533 est
1675 3499 1759 3545 apud
1785 3502 1896 3535 Deum
1922 3501 2090 3545 iniquitas?
2115 3500 2230 3537 Absit.
2257 3500 2373 3549 Moyfi
2395 3510 2515 3547 141⁹?-

1449 3565 1474 3592 ‚·,
1499 3551 1589 3584 enim
1614 3549 1715 3590 dicit,
1739 3548 1925 3584 Misercbor
1949 3554 2002 3586 cui
2026 3550 2175 3586 misertus
2199 3550 2318 3589 fuci-0³.
2338 3555 2372 3586 &

1450 3623 1474 3641 ,‚
1500 3597 1755 3634 misericordiam
1782 3597 1962 3646 praestabO,
1988 3603 2039 3636 cui
2059 3601 2241 3636 misericors
2266 3600 2369 3636 fitero.

1451 3672 1482 3691 ,‚,
1501 3651 1608 3693 Igitur
1633 3660 1700 3682 non
1727 3647 1888 3690 volentis,
1915 3662 2020 3696 neque
2045 3654 2226 3693 currentis,
2250 3649 2301 3685 sed
2311 3652 2370 3685 mi·

1449 3723 1474 3741 ‚,
1500 3697 1627 3733 serentis
1652 3697 1697 3733 est
1721 3701 1805 3735 Dei.
1840 3723 1865 3741 „
1889 3701 1992 3735 Grata
2017 3699 2056 3735 fit
2080 3712 2160 3747 ergo
2184 3697 2282 3736 nob'is
2302 3700 2370 3744 ejus
2390 3706 2542 3738 miseratio

1447 3750 1586 3795 gratuita
1610 3747 1773 3786 miseratio
1789 3773 1801 3790 ‚
1835 3752 1932 3785 etiam
1957 3749 1980 3784 fi
2004 3748 2074 3786 haec
2100 3748 2261 3797 profunda
2286 3749 2370 3785 inso-
2390 3749 2534 3793 gratuita.

1446 3798 1515 3834 luta
1538 3796 1577 3833 fit
1602 3796 1760 3845 quaestio.
1798 3801 1884 3843 Quae
1908 3810 2015 3835 tamen
2042 3811 2170 3837 eatenus
2195 3797 2335 3834 solvitur
2354 3788 2555 3855 ,ἐπ”-ΒΨ

1445 3859 1603 3895 quatenus
1627 3859 1697 3885 eam
1721 3846 1819 3885 solvit
1843 3848 1931 3888 idem
1955 3849 2159 3897 Apostolus,
2192 3849 2316 3884 dicens:
2343 3873 2368 3891 „
2409 3835 2436 3865 3·

2234 3922 2259 3943 ,‚
2283 3900 2315 3934 Si
