2652 4126
0 580 16 623 ‘22

0 624 11 687 Ξ

0 3434 3 3478 ὲ

0 4083 9 4126 -tv
0 3842 10 4069 -υιιι-ν-η-ι-ψ-
0 3806 3 3832 n-

520 254 599 299 ET
641 239 908 298 HisToR·
947 236 1235 296 SEMIPEL·
1276 254 1496 298 LUCEM
1540 254 1908 301 AFFERUNT.

275 337 411 374 luntatis
436 335 594 374 effestum
613 350 625 370 .·
659 335 714 371 sed
739 334 762 372 fi
787 340 822 373 &
847 332 909 371 esse
934 335 1139 376 voluerunt,
1165 338 1199 370 δι

275 387 348 424 sunt
374 388 438 432 jam
457 391 491 424 in
516 391 561 423 eis
573 384 998 423 voluntatem&effe&um
1017 385 1200 422 voluntatis

275 440 465 474 invenimus
486 451 497 476 3
523 436 608 485 quid
634 436 789 472 remansit
799 435 894 485 quod
918 439 1031 484 gratiae
1058 434 1200 472 ressrve-

274 500 349 524 mus
375 490 410 523 in
437 498 505 524 tam
530 484 766 530 evidentibus,
792 485 914 536 quibus
931 485 1048 522 dixisti
1075 499 1132 522 eos
1144 485 1201 523 ab·

273 537 400 574 undare
427 535 628 574 virtutibus.
654 539 797 581 Quanto
823 536 941 578 satius,
968 536 992 572 fi
1016 547 1050 571 te
1077 539 1199 585 impios

273 591 318 623 ita
345 586 479 624 laudare
503 586 649 622 delcetat
670 611 681 628 ,
707 598 746 622 ut
773 599 843 623 non
868 585 1004 623 audiens
1030 586 1198 623 dicentem

100 632 187 663 P'W·
210 638 256 667 ²⁴·
273 641 480 687 Scripturam
498 661 511 679 ,
544 640 617 682 Qui
649 636 732 672 dicit
768 639 912 686 impium
948 635 1074 682 justum
1100 635 1160 674 effe
1186 662 1199 679 ,

82 681 130 707 ²⁴·
272 686 471 724 maledictus
496 689 560 722 erit
588 690 622 722 in
648 687 780 734 populo
803 713 815 731 ,
841 690 876 724 &
901 685 1036 723 odibilis
1062 690 1097 723 in
1120 700 1200 735 gen-

272 737 392 775 tibuss
417 739 521 773 etiam
546 735 730 773 virtutibus
758 741 846 774 veris
872 749 930 774 eos
957 737 1116 785 praedices
1141 735 1198 774 ab-

164 830 189 836 ..
233 827 238 834 ,
271 787 415 825 undare:
441 797 591 835 quanto,
618 789 776 834 inquam,
802 786 900 824 satius
924 785 998 823 haec
1025 787 1092 836 ipsa
1107 790 1197 823 ineis

95 827 253 888 ,Delmffih‘
270 837 359 875 dona
385 839 454 874 Dei
482 834 544 873 ess'e
569 835 725 873 fateberis
744 863 756 879 ,
782 836 840 874 sub
864 838 956 881 cuius
981 838 1123 873 occulto
1149 839 1199 884 ju-

73 878 252 941 ξίζωέἓὲῗ
270 887 385 930 dicio,
411 900 473 923 nec
497 885 645 934 injusto,
670 886 727 924 alii
755 888 861 930 fatui,
885 887 942 923 alii
967 887 1200 924 tardiffimiin·

75 958 149 980 num
164 947 234 978 affe·
269 940 384 984 genii,
409 936 494 974 &ad
520 936 777 984 intelligendum
788 937 936 985 quodam
964 937 1072 973 modo
1090 938 1200 985 plum—

77 988 226 1035 &ionibus
269 986 347 1030 bei,
372 987 429 1023 alii
451 985 636 1030 obliviosi,
661 987 819 1024 aliiacuti
838 987 1047 1024 memoresve
1066 987 1201 1025 nascun-

73 1027 250 1069 &mgffins‘
267 1047 348 1080 tur,
373 1037 431 1074 alii
459 1048 609 1086 utroque
626 1050 766 1073 munere
785 1036 917 1086 praediti
937 1062 950 1080 ,
975 1041 1010 1074 δε
1029 1049 1124 1074 acute
1152 1042 1200 1074 in-

266 1088 476 1135 telligentes,
503 1091 538 1124 &
558 1088 772 1124 tenaciffimae
781 1090 956 1124 memoriae
975 1085 1133 1124 thesauro
1144 1100 1200 1123 co-

266 1141 361 1186 gnita
371 1137 590 1174 recondentes
600 1151 610 1175 5
622 1137 679 1174 alii
690 1149 807 1176 natura
820 1138 907 1175 lenes
922 1162 935 1179 ,
953 1137 1010 1173 alii
1021 1137 1192 1174 levissimis

266 1188 310 1224 de
319 1188 433 1225 cauffis
444 1191 492 1224 ira
513 1187 677 1224 facillima
702 1188 876 1230 ardentes,
901 1187 960 1223 alii
977 1186 1019 1224 ad
1036 1187 1194 1225 vindistae

265 1237 493 1288 cupiditatem
505 1241 594 1274 inter
606 1236 766 1286 utrosque
780 1237 968 1275 mediocres
979 1264 987 1274 .
998 1265 1005 1273 .
1019 1265 1026 1273 .
1038 1238 1097 1274 alii
1107 1241 1195 1274 timi-

266 1288 389 1327 diffimi
403 1288 457 1324 alii
467 1287 671 1325 audaciffimi
683 1313 696 1331 ,
716 1289 772 1325 alii
784 1298 964 1326 neutrum3
982 1287 1196 1331 aliihilares,

265 1338 325 1375 alii
335 1338 470 1381 tristes,
495 1337 551 1374 alii
561 1337 603 1374 ad
614 1336 840 1375 nihilhorum
853 1338 1042 1386 proclives:
1068 1351 1130 1375 nec
1140 1351 1197 1374 eo-

263 1393 346 1426 rum
371 1402 446 1437 quae
455 1391 727 1425 commemoravi
751 1388 1049 1436 aliquidinstituto
1066 1402 1104 1425 ac
1116 1401 1195 1437 pro-

264 1438 404 1486 pofito,
429 1437 484 1475 sed
496 1448 633 1476 naturas
658 1437 746 1475 unde
766 1438 890 1474 medici
917 1438 1040 1474 audent
1066 1438 1126 1475 ista
1139 1442 1197 1475 tri-

264 1487 371 1526 buere
398 1487 701 1538 temperationibus
735 1501 956 1537 corporums
993 1489 1101 1534 Quod
1135 1488 1196 1526 etfi

263 1537 407 1586 'probari
425 1564 438 1582 ,
463 1538 518 1575 vel
543 1537 635 1575 nulla
661 1537 838 1575 exfistente
859 1564 869 1580 ‚
899 1538 954 1575 vel
980 1543 1074 1575 omni
1101 1538 1197 1576 finita

265 1587 452 1636 quaestione
478 1586 637 1637 potuiss‘et
650 1601 664 1628 ‚-
688 1588 858 1637 numquid
884 1587 942 1625 fibi
961 1589 1099 1637 quisque
1119 1602 1195 1626 cor-

264 1651 330 1686 pus
342 1637 520 1683 condidit,
544 1643 580 1676 &
598 1637 670 1676 hoc
695 1639 764 1686 ejus
782 1637 1000 1676 tribuendum
1011 1639 1058 1675 est
1077 1640 1199 1676 volun-

262 1691 329 1724 tati
351 1713 361 1730 ‚
396 1688 490 1736 quod
516 1688 605 1725 mala
630 1687 693 1725 ista
719 1689 881 1726 naturalia
916 1692 1021 1737 magis
1046 1689 1198 1726 minusve

263 1740 489 1786 'perpetitur-2
513 1742 603 1775 Nam
630 1738 767 1787 prorsus
796 1753 833 1776 ca
859 1752 929 1776 non
956 1743 1087 1788 perpeti
1117 1753 1196 1776 cum

265 1786 327 1824 hic
353 1791 484 1825 vivitur
503 1813 516 1831 ,
541 1788 641 1826 nullo
667 1789 775 1826 modo
795 1815 808 1833 ,
834 1789 926 1826 nulla
951 1794 1082 1826 ratione
1110 1789 1197 1838 qui(²

265 1850 369 1885 quam
396 1837 512 1886 potest
530 1865 539 1874 .
577 1842 652 1877 Nec
678 1850 792 1875 tamen
819 1840 886 1876 five
913 1843 1071 1877 maximis
1089 1866 1103 1884 ‚
1127 1840 1194 1876 five

264 1890 416 1924 minimis
441 1898 625 1936 urgeatur,
651 1888 699 1926 fas
715 1889 763 1925 est
789 1890 924 1926 utdicat
949 1894 978 1925 ei
1006 1893 1064 1938 qui
1091 1889 1197 1928 sefin·

265 1940 509 1986 xit‚quamvis
520 1941 776 1986 omnipotenti,
802 1939 1061 1985 just0,&bono
1073 1965 1086 1982 ,
1106 1944 1198 1986 Qua-

67 1991 124 2039 Ιζῖσ.
140 1998 226 2036 499.
264 2000 302 2023 re
328 1987 373 2024 fic
397 2001 452 2024 me
477 1987 584 2024 fecisti
604 1990 618 2024 ,²
651 1991 698 2025 Et
724 1987 766 2024 de
792 1990 871 2038 iugo
906 1993 1001 2038 gravi
1026 1990 1122 2040 quod
1147 1989 1196 2027 est

67 2031 247 2066 ²²“¹¹·40·¹·
264 2035 364 2086 supra
389 2038 479 2074 filios
504 2040 610 2086 primi
638 2038 775 2082 Adam,
801 2052 904 2076 nemo
929 2039 1050 2078 liberat
1075 2040 1134 2077 nisi
1152 2040 1196 2077 se-

264 2086 394 2123 cundus
420 2088 535 2124 Adam
555 2114 564 2122 .
598 2090 742 2132 Quanto
767 2102 850 2137 ergo
884 2089 1095 2128 tolerabilius
1122 2091 1197 2127 illas

264 2147 346 2183 quas
374 2135 442 2170 dici
464 2139 500 2170 in
525 2136 641 2180 impiis
667 2133 909 2178 effevstrum,
932 2141 1055 2176 divino
1081 2154 1199 2178 mune-

262 2188 294 2222 ri
320 2186 457 2232 potius,
482 2193 586 2231 quam
611 2193 734 2217 eorum
760 2181 927 2218 tribueres
953 2190 1200 2220 tantummodo

265 2234 464 2271 voluntati:
489 2233 569 2269 licet
595 2229 655 2280 ipfi
681 2228 752 2267 hoc
777 2230 947 2273 nesciant,
973 2231 1084 2268 donec
1109 2231 1132 2268 fi
1153 2245 1196 2269 ex

265 2282 332 2319 illo
364 2282 438 2318 sunt
473 2280 791 2330 predestinatorum
829 2293 976 2318 numero
996 2307 1008 2325 ,
1034 2285 1200 2331 accipiant

69 2351 94 2373 ι.
96 2341 251 2378 Joaen.4.x.
267 2331 290 2369 s
308 2333 449 2372 iritum,
475 2333 537 2378 qui
561 2342 606 2366 ex
625 2330 707 2366 Deo
716 2329 787 2373 est,
810 2340 851 2368 ut
875 2330 980 2368 sciant
1003 2345 1104 2382 quaea
1116 2334 1198 2370 Deo

268 2345 394 2419 d'onata
418 2380 493 2417 sunt
517 2383 581 2416 eis.

70 2429 255 2478 veravirtun
320 2430 384 2471 Sed
401 2428 481 2466 abfit
497 2439 537 2466 ut
552 2429 591 2466 fit
610 2433 646 2467 in
665 2429 783 2479 aliquo
802 2442 884 2469 vera
900 2435 1033 2475 virtus,
1059 2433 1118 2469 nifi
1128 2433 1197 2469 fixe·

70 2468 255 2507 ¹²¹s¹¹¹¹¹⁰st⁰
271 2484 317 2518 rit
343 2478 465 2526 justus.
491 2477 589 2516 Abfit
605 2489 719 2516 autem
742 2490 782 2516 ut
806 2480 846 2516 fit
873 2481 975 2527 justus
1001 2494 1082 2516 vere
1100 2505 1113 2523 ,
1141 2480 1203 2516 nifi

72 2511 256 2582 {tranupo-
272 2534 368 2568 vivat
395 2542 439 2566 ex
461 2527 547 2565 fide.
573 2527 684 2570 Iustus
708 2530 803 2564 enim
826 2540 869 2564 ex
896 2529 963 2565 fide
980 2532 1084 2565 vivit.
1113 2532 1203 2575 Quis

75 2574 254 2624 Roniaay.
272 2593 382 2631 porro
406 2590 528 2616 eorum
545 2580 605 2626 qui
629 2576 661 2614 ie
679 2575 897 2615 Christianos
922 2576 1045 2614 haberi
1054 2577 1199 2621 volunt,

76 2630 255 2676 consent-53
276 2630 337 2667 nisi
362 2629 426 2667 soli
450 2628 644 2676 Pelagiani,
668 2631 768 2663 autin
794 2626 870 2675 ipfis
887 2630 990 2663 etiam
1001 2627 1136 2664 fortetu
1148 2627 1199 2664 so-

76 2674 113 2701 d‘
127 2670 254 2700 ‘'⁷²⁶⁰‘'
273 2681 325 2718 lus
342 2706 355 2724 ,
381 2678 504 2727 justum
530 2677 657 2714 dixerit
682 2676 857 2713 infidelem
876 2701 889 2720 ,
923 2676 1047 2723 justum
1071 2677 1198 2714 dixerit

77 2711 256 2781 ξζῃέᾓῐώ
272 2734 442 2780 impium,
469 2728 594 2772 iustum
619 2726 746 2763 dixerit
770 2725 912 2763 diabolo
936 2730 1166 2777 mancipatum
1187 2731 1202 2766 ἓ

77 2761 255 2830 c.2⁰5.inj·m⁹:
272 2782 311 2819 fit
337 2781 414 2818 licet
433 2778 491 2816 ille
508 2776 700 2819 Fabricius,
725 2776 763 2814 fit
783 2776 862 2812 licet
888 2777 1036 2820 Fabius,
1061 2777 1099 2814 fit
1120 2778 1200 2815 licet

273 2834 414 2880 Scipio,
438 2829 476 2866 fit
503 2827 582 2864 licet
601 2826 777 2874 Regulus,
801 2839 952 2874 quorum
972 2840 1027 2867 me
1052 2831 1201 2864 nomini-

273 2881 359 2924 bus,
383 2890 556 2928 tamquam
575 2881 610 2913 in
634 2880 769 2926 antiqua
792 2880 952 2916 Romana
979 2881 1072 2914 curia
1084 2878 1202 2927 loque-

274 2943 414 2973 remur,
437 2927 560 2978 putasti
569 2925 629 2964 effe
639 2926 833 2964 terrendum
846 2955 854 2963 .
881 2930 1015 2964 Verum
1033 2931 1117 2964 tuin
1137 2926 1202 2966 hac

75 2989 107 3023 3⁴⁹
274 2979 380 3021 cauffa
406 2983 426 3022 ,'
453 2982 488 3016 δε
512 2978 536 3014 fi
557 2977 598 3013 ad
623 2975 775 3014 scholam
802 2974 1008 3026 Pythagorae
1033 2990 1203 3027 provoces

277 3031 334 3068 vel
359 3029 509 3068 Platonis
527 3053 540 3071 ,
563 3026 623 3063 ubi
647 3026 861 3064 eruditiffimi
895 3037 995 3076 atque
1020 3028 1204 3067 doffiffimi

277 3083 348 3119 viri
363 3079 476 3117 multo
500 3076 743 3114 excellentiore
769 3080 887 3114 ceteris
908 3077 1131 3127 philosophia
1141 3092 1201 3115 no—

277 3128 509 3166 bilitativeras
534 3131 677 3164 virtutes
698 3140 767 3163 non
778 3126 839 3164 effe
856 3126 1033 3171 dicebant,
1059 3129 1117 3165 nifi
1127 3143 1202 3178 quae

277 3181 386 3215 menti
411 3176 558 3226 quodam
583 3177 692 3214 modo
716 3180 961 3225 imprimuntur
985 3191 1003 3214 a
1028 3180 1138 3216 forma
1165 3180 1204 3216 il-

279 3228 345 3266 lius
370 3226 791 3276 aeternaeimmutabilisque
816 3226 1024 3271 substantiae,
1049 3230 1142 3276 quod
1153 3229 1202 3266 est

279 3279 395 3317 Deus;
420 3280 520 3314 etiam
546 3276 619 3312 illic
644 3276 796 3314 adversus
823 3288 856 3314 te
883 3289 1046 3326 quantum
1072 3279 1200 3322 donat,

280 3331 340 3376 qui
366 3340 428 3364 nos
463 3328 631 3369 vocavit,
664 3329 796 3375 pietatis
821 3326 977 3364 libertate
1009 3328 1164 3366 clamabo
1192 3344 1200 3364 :

82 3374 264 3407 Ihm-¹0³⁷·
280 3381 358 3415 Nec
384 3382 420 3414 in
439 3376 508 3413 istis
532 3374 581 3412 est
606 3387 684 3413 vera
710 3376 851 3421 justitia.
878 3378 987 3420 Iustus
1003 3391 1048 3414 cx
1074 3379 1141 3415 fide
1151 3383 1202 3416 vi-

88 3414 166 3451 &4-
282 3431 352 3464 vit.
376 3426 473 3464 Fides
490 3423 678 3469 exauditu,
703 3426 834 3464 auditus
845 3439 955 3464 autem
979 3441 1039 3477 per
1059 3428 1201 3466 verbum

283 3475 444 3515 Christi:
480 3476 556 3512 finis
573 3475 654 3524 legis
679 3475 837 3514 Christus
854 3478 895 3514 ad
923 3478 1079 3520 iustitiam
1104 3482 1200 3515 omni

87 3534 263 3567 Rom.1.21.
281 3527 449 3565 credenti.
477 3524 751 3571 Quomodosunt
775 3540 854 3563 vere
880 3528 954 3575 justi
983 3528 1102 3577 quibus
1123 3529 1199 3565 vilis

90 3572 184 3605 <9⁶²²-
281 3577 331 3615 est
355 3575 530 3615 humilitas
556 3578 629 3612 veri
654 3575 750 3621 justi?
777 3580 863 3624 Quo
887 3582 976 3614 enim
996 3583 1199 3627 propinqua—

282 3637 407 3667 verunt
431 3625 650 3673 intelligentia
670 3650 682 3667 ‚
706 3625 782 3662 inde
806 3626 957 3674 superbia
984 3627 1200 3665 recesserunt:

283 3682 363 3728 quia
388 3675 625 3724 cognoscentes
649 3677 786 3719 Deum,
811 3689 880 3712 non
905 3677 985 3714 ficut
1003 3681 1117 3715 Deum
1128 3679 1201 3725 glo-

282 3728 502 3767 rificaverunt
518 3750 531 3768 ,
563 3735 620 3762 aut
643 3729 764 3773 gratias
787 3738 925 3774 egerunt
945 3752 957 3770 ,
982 3727 1036 3765 sed
1061 3741 1200 3764 evanue-

283 3789 364 3816 runt
389 3782 424 3815 in
448 3773 710 3824 cogitationibus
735 3773 797 3811 suis
816 3801 828 3818 ,
853 3779 887 3813 &
913 3775 1126 3815 obscuratum
1151 3777 1199 3814 est

282 3827 439 3880 insipiens
463 3839 525 3923 co}
548 3837 687 3865 eorum.
712 3826 874 3864 Dicentes
897 3829 991 3866 enim
1013 3826 1045 3865 ie
1069 3825 1131 3865 ess'e
1155 3827 1200 3866 sa-

380 3885 412 3918 5.
437 3883 502 3915 Pro
514 3880 600 3924 peri.

2076 255 2176 323 163

1260 339 1389 383 pientes
1415 335 1508 373 stulti
1533 336 1612 373 ficii
1638 336 1713 374 sunt
1732 364 1740 373 .
1776 337 1969 384 Quomodo
1995 337 2042 374 est
2076 344 2110 377 in
2135 346 2183 380 eis

1262 399 1339 423 vera
1374 386 1526 433 justitia;
1560 390 1595 422 in
1621 387 1743 435 quibus
1778 401 1847 424 non
1880 387 1929 425 est
1955 400 2034 424 vera
2060 389 2183 437 sapien..

1261 439 1334 472 tia?
1367 442 1482 484 Quam
1508 436 1532 472 fi
1557 441 1603 473 eis
1629 437 1870 482 tribuerimus,
1895 436 1983 475 nihil
2009 440 2073 474 erit
2100 441 2185 476 caus-

1260 485 1299 522 sae
1324 500 1384 523 cur
1410 500 1480 522 non
1506 499 1563 522 eos
1588 487 1630 523 ad
1656 488 1741 524 illud
1767 501 1909 536 regnum
1936 491 2112 537 pervenire
2137 489 2186 525 di-

1260 550 1372 574 camus
1393 562 1405 579 ,
1430 536 1471 572 de
1497 550 1568 585 quo
1594 537 1758 585 scriptum
1783 538 1832 575 est
1851 565 1864 582 ,
1900 538 2185 588 Concupiscentia
2203 530 2356 571 5‘P·⁶·²¹·

1260 586 1426 634 sapie'ntiae
1459 587 1596 623 deducit
1631 588 1673 623 ad
1706 601 1848 636 regnum
1877 617 1885 625 .
1931 592 1986 625 Ac
2020 601 2080 638 per
2114 588 2184 626 hoc

1262 637 1421 674 Christus
1456 641 1559 684 gratis
1584 648 1740 674 mortuus
1765 638 1814 675 est
1831 663 1844 681 ‚
1878 638 1902 675 fi
1926 637 2085 675 homines
2120 639 2186 676 fine

1260 687 1326 723 fide
1353 686 1484 725 Christi
1509 687 1551 724 ad
1577 686 1679 724 fidem
1707 701 1846 731 veram,
1872 688 1915 725 ad
1940 692 2103 726 virtutem
2130 702 2186 725 ve·-

1258 750 1354 780 ram,
1379 736 1589 784 adjustitiam
1600 750 1738 781 veram,
1763 738 1806 774 ad
1831 738 2025 786 sapientiam
2045 752 2183 782 veram,

1258 801 1472 836 quacumque
1498 801 1533 824 re
1559 788 1622 824 alia
1641 814 1653 831 ,
1678 801 1890 838 quacumque
1915 793 2044 825 ratione
2070 802 2187 838 perve-

1258 842 1372 874 niunt.
1399 838 1538 875 Prorsus
1563 838 1644 875 ficut
1663 839 1704 875 de
1730 839 1803 886 lege
1831 839 2000 876 veriffime
2027 843 2071 875 ait
2086 843 2183 888 Apo-

1259 888 1386 930 stolus,
1412 891 1443 924 Si
1472 901 1532 936 per
1543 889 1651 937 legem
1677 888 1824 935 justitia,
1849 902 1933 938 ergo
1944 887 2102 926 Christus
2112 902 2186 936 gra·
2201 889 2361 923 Gat.2.21.

1259 941 1302 974 tis
1326 948 1482 973 mortuus
1507 938 1556 974 est
1576 954 1583 973 :
1618 941 1664 974 ita
1691 940 1860 976 veriffime
1885 939 2011 976 dicitur
2030 965 2042 982 ,
2066 943 2098 976 Si
2125 952 2186 987 per

1261 998 1415 1024 naturam
1442 986 1721 1035 voluntatemque
1747 988 1895 1035 justitia,
1920 1003 2004 1037 ergo
2025 989 2186 1027 Christus
2246 1023 2251 1028 .

1261 1041 1363 1087 gratis
1388 1048 1545 1074 mortuus
1571 1037 1638 1073 est.
1665 1041 1696 1074 Si
1726 1050 1787 1085 per
1811 1037 1983 1076 doctrinas
2002 1039 2186 1075 hominum
2204 1020 2309 1091 ‘3:³22‘
2326 1031 2379 1091 :²32

1260 1086 1514 1138 qualiscumque
1533 1086 1678 1132 justitia,
1703 1099 1787 1133 ergo
1797 1086 1956 1125 Christus
1966 1092 2069 1135 gratis
2096 1102 2187 1125 mor·
2204 1101 2361 1132 luntarem-

1261 1150 1337 1175 tuus
1363 1137 1431 1174 est.
1456 1143 1520 1175 Per
1545 1137 1640 1185 quod
1665 1141 1757 1174 enim
1782 1137 1830 1174 est
1850 1151 1928 1175 vera
1955 1138 2098 1185 justitia,
2126 1152 2185 1186 per
2203 1151 2258 1180 que
2279 1143 2365 1187 iusti-q

1254 1188 1324 1226 hoc
1349 1191 1451 1224 etiam
1477 1200 1618 1235 regnum
1646 1189 1714 1223 Dei
1738 1215 1746 1224 .
1783 1191 1878 1224 Deus
1904 1201 2050 1236 namque
2078 1189 2147 1236 ipse
2171 1215 2185 1231 ,
2205 1191 2244 1211 ¹¹³
2260 1202 2269 1217 2
2293 1191 2383 1221 8¹²⁸ss

1255 1238 1350 1287 quod
1374 1237 1477 1280 abfit,
1502 1241 1567 1273 erit
1594 1236 1754 1280 iniustus,
1779 1238 1803 1273 fi
1824 1237 1866 1274 ad
1887 1239 1956 1285 ejus
1976 1252 2185 1285 regnumve·
2203 1221 2381 1292 gffiffigJst

1256 1303 1312 1326 rus
1338 1301 1407 1324 non
1434 1287 1626 1324 admittitur
1653 1287 1754 1331 justus
1774 1302 1784 1322 ε
1817 1300 1896 1324 cum
1922 1293 1957 1325 &
1983 1290 2091 1337 ipsum
2117 1291 2186 1333 ejus
2205 1305 2379 1341 Rom-¹4¹7·

1257 1352 1398 1387 regnum
1409 1339 1443 1384 ju
1450 1338 1534 1375 stitia
1545 1337 1583 1374 fit
1593 1363 1605 1380 ,
1630 1337 1922 1386 quemadmodum
1939 1337 2104 1386 scriptum
2115 1339 2165 1376 est
2174 1365 2188 1382 ,

1257 1394 1339 1427 Non
1357 1388 1406 1425 est
1426 1401 1566 1435 regnum
1587 1390 1655 1424 Dei
1674 1387 1744 1424 esca
1764 1392 1931 1437 &potus,
1957 1388 2012 1424 sed
2032 1388 2154 1431 justitia
2173 1413 2187 1431 ,

1259 1445 1294 1477 &
1315 1453 1379 1488 pax
1399 1464 1412 1481 ,
1436 1443 1471 1475 ἃ
1492 1438 1671 1486 gaudium.
1699 1442 1810 1475 Porro
1835 1439 1859 1475 fi
1885 1451 1999 1475 veram
2027 1438 2188 1482 justitiam

1259 1504 1329 1527 non
1341 1488 1466 1526 habent
1484 1492 1603 1537 impii;
1629 1489 1788 1537 profefio
1799 1502 1862 1525 nec
1887 1489 1961 1525 aliis
1978 1493 2122 1526 virtutes
2131 1501 2187 1525 co-

1258 1544 1358 1577 mites
1377 1541 1446 1587 ejus
1463 1543 1497 1576 &
1515 1539 1618 1576 socias
1637 1564 1649 1581 ,
1675 1538 1698 1575 fi
1716 1552 1798 1587 quas
1824 1537 1950 1576 habent
1971 1564 1982 1580 ‚
2011 1551 2104 1574 veras
2129 1537 2190 1574 ha·

1259 1590 1367 1628 bent:
1402 1594 1482 1638 quia
1508 1602 1587 1626 cum
1614 1601 1682 1625 non
1708 1589 1750 1626 ad
1787 1588 1881 1626 suum
1918 1589 2111 1625 referuntur
2135 1601 2191 1624 au·v

1260 1643 1392 1678 &orem
1417 1640 1508 1676 dona
1526 1642 1619 1680 Dei,
1645 1638 1714 1676 hoc
1742 1639 1904 1687 ipsomali
1923 1638 1978 1675 his
2003 1649 2133 1675 utentes
2146 1637 2195 1672 ef-v

1259 1692 1419 1728 ficiuntur
1446 1689 1558 1738 injusti
1578 1705 1587 1725 ε
1612 1703 1650 1726 ac
1678 1703 1738 1737 per
1763 1688 1834 1726 hoc
1851 1703 1912 1725 nec
1939 1686 2192 1725 continentiafi-

1259 1755 1302 1778 ve
1329 1740 1492 1788 pudicitia
1519 1753 1597 1776 vera
1625 1743 1731 1775 virtus
1757 1739 1806 1775 est
1833 1743 2039 1787 impiorum.
2085 1755 2088 1758 ·
2187 1740 2191 1744 ’

1307 1793 1365 1828 Tu
1392 1802 1478 1825 vero
1503 1799 1573 1825 tam
1595 1788 1682 1825 male
1707 1792 1832 1836 accipis
1857 1789 1952 1836 quod
1972 1793 2019 1825 ait
2035 1786 2189 1835 *Aposto-
2213 1792 2387 1828 1.cor.9.2·5.

1257 1839 1332 1883 lus,
1358 1844 1451 1878 Nam
1471 1843 1531 1887 qui
1559 1842 1592 1875 in
1619 1838 1939 1886 agonecontcndit,
1964 1837 2006 1874 ab
2032 1836 2192 1873 omnibus
2209 1832 2367 1872 Sap-²³³¹·

1256 1894 1436 1929 continens
1453 1889 1502 1926 est
1526 1905 1535 1924 :
1560 1900 1598 1925 ut
1624 1892 1871 1924 continentiam
1890 1913 1902 1931 ,
1935 1899 2005 1924 tam
2033 1899 2189 1935 magnam

1258 1946 1445 1982 virtutem,
1470 1938 1511 1975 dc
1538 1952 1604 1986 qua
1623 1939 1787 1986 scriptum
1814 1937 1884 1981 est,
1909 1938 2004 1985 quod
2030 1950 2134 1973 nemo
2145 1936 2193 1971 es.-

1257 1991 1288 2027 se
1315 1989 1427 2038 potest
1453 1992 1650 2030 continens,
1675 1988 1735 2023 nifi
1759 1991 1854 2023 Deus
1879 1987 1959 2028 det,
1985 1990 2086 2022 etiam
2107 1984 2193 2021 cho·

1258 2041 1366 2077 raulas
1389 2044 1423 2076 δι
1445 2037 1640 2083 hujusmodi
1668 2047 1783 2085 turpes
1810 2035 2012 2084 infamesque
2031 2034 2188 2083 personas

1257 2090 1384 2128 habere
1410 2087 1594 2125 contendas
1613 2115 1621 2123 .
1656 2089 1707 2124 Hi
1733 2089 1822 2122 enim
1850 2085 1987 2134 quando
2022 2089 2057 2121 in
2083 2098 2194 2133 agone.

1259 2141 1455 2182 decertant,
1481 2137 1523 2175 ab
1543 2135 1704 2174 omnibus
1731 2140 1933 2179 continent,
1958 2147 1996 2172 ut
2021 2139 2194 2184 corrupti-

2234 2074 2389 2122 Cupiditas

2209 2122 2367 2155 cupiditate

1260 2190 1368 2223 bilem
1394 2201 1560 2224 coronam
1585 2191 1751 2231 accipiant
1772 2202 1782 2222 ε
1807 2201 1824 2223 a
1851 2188 1943 2233 cujus
1969 2197 2081 2222 tamen
2107 2198 2196 2222 vana.
2210 2156 2355 2228 &apelli

1259 2233 1447 2280 cupiditate
1473 2245 1545 2268 non
1570 2236 1747 2268 continent
1765 2260 1774 2268 .
1799 2239 1886 2269 Haec
1910 2239 2002 2270 enim
2027 2235 2195 2282 cupiditas

1260 2295 1345 2319 vana
1371 2294 1408 2318 ac
1435 2294 1496 2330 per
1521 2279 1592 2317 hoc
1619 2294 1745 2329 prava,
1771 2285 1879 2318 vincit
1905 2286 1940 2318 in
1966 2287 2012 2320 eis
2033 2309 2045 2327 ,
2070 2289 2104 2321 &
2131 2285 2195 2320 fre-

1258 2343 1317 2368 nat
1343 2332 1423 2368 alias
1450 2344 1570 2379 pravas
1596 2330 1825 2380 cupiditates:
1851 2343 1996 2381 propter
2021 2333 2116 2381 quod
2140 2334 2192 2370 di—

1259 2385 1307 2419 &i
1331 2381 1408 2419 sunt
1434 2385 1647 2416 continentes
1668 2407 1676 2415 .
1703 2381 1767 2416 Sed
1792 2391 1830 2416 ut
1855 2384 2083 2428 graviffimam
2111 2383 2196 2419 sace-

1258 2444 1311 2467 res
1335 2431 1489 2473 iniuriam
1507 2427 1742 2475 Scipionibus,
1765 2432 2008 2465 continentiam
2034 2443 2136 2478 quam
2147 2435 2185 2467 in

1262 2483 1311 2515 eis
1335 2488 1433 2514 tanto
1459 2477 1602 2524 eloquio
1613 2474 1820 2523 praedicasti,
1845 2476 1966 2514 dedisti
1991 2482 2026 2516 &
2052 2478 2197 2518 histrio-³

1263 2526 1381 2564 nibus3
1409 2529 1566 2574 ignorans
1586 2524 1823 2575 Apostolum,
1849 2539 1928 2564 cum
1949 2527 2193 2568 exhortaretur

1262 2576 1423 2614 homines
1448 2575 1490 2613 ad
1515 2580 1704 2618 virtutem,
1729 2575 1772 2612 fic
1798 2578 1995 2627 exemplum
2021 2579 2064 2616 de
2091 2584 2194 2617 vitio·

1260 2627 1292 2664 sa
1308 2626 1493 2664 hominum
1507 2624 1688 2663 affectione
1709 2624 1851 2664 sumfiss'e
1862 2653 1875 2670 ,
1900 2629 2195 2676 quemadmodum

1260 2678 1331 2715 alio
1355 2676 1437 2713 loco
1471 2679 1644 2725 Scriptura
1661 2701 1673 2719 ‚
1706 2689 1788 2713 cum
1812 2677 1855 2714 ad
1879 2691 2033 2716 amorem
2068 2679 2194 2729 sapien·
2209 2701 2286 2734 ΡΜ,
2305 2711 2319 2732 2
2340 2712 2358 2739 ⁴

1261 2731 1316 2764 tiae
1340 2725 1499 2764 homines
1525 2725 1746 2770 hortaretur,
1770 2728 1984 2776 quaerendam
2010 2730 2101 2766 dixit
2127 2729 2190 2768 eise
2287 2723 2295 2733 ’
2322 2724 2332 2737 ⁶
2359 2722 2367 2733 ¹

1261 2778 1343 2815 ficut
1369 2780 1567 2826 pecuniam.
1596 2776 1777 2824 Numquid
1787 2789 1970 2827 propterea
1996 2778 2104 2817 ίὲηᾶει
2115 2780 2192 2818 scri—

1261 2838 1361 2878 ptura
1385 2827 1533 2864 dicenda⁴
1552 2826 1601 2864 est
1627 2825 1767 2864 laudaffe
1791 2832 1968 2866 avaritiam
1987 2832 2001 2866 ἓ
2025 2830 2089 2867 Sed
2114 2836 2195 2879 quia

1261 2889 1384 2916 notum
1410 2876 1459 2913 est
1478 2902 1491 2920 ,
1525 2888 1691 2913 amatores
1717 2881 1864 2925 pecuniae
1898 2882 2030 2926 quantis
2064 2885 2192 2928 patien-

1263 2940 1316 2965 ter
1342 2926 1516 2964 laboribus
1540 2926 1792 2975 doloribusque·
1809 2927 2014 2972 subdantur,
2040 2942 2059 2965 a
2085 2943 2193 2976 quan·

1264 2982 1308 3015 tis
1333 2977 1364 3014 se
1390 2980 1584 3014 contineant
1612 2976 1845 3025 voluptatibus
1866 3003 1877 3020 ‚
1912 2978 1979 3014 five
2003 2979 2192 3026 cupiditate

1265 3027 1406 3077 augendi
1418 3031 1616 3076 pecuniam,
1643 3027 1708 3063 five
1718 3031 1844 3063 timore
1863 3028 2061 3070 minuendi,
2086 3042 2191 3077 quan·

1259 3090 1293 3116 ta
1330 3078 1464 3115 lucrum
1501 3077 1672 3125 sagacitate
1706 3077 1873 3114 flectentur
1891 3103 1904 3121 ,
1935 3083 1969 3115 &
2005 3078 2190 3126 prudenter

1261 3129 1380 3166 damna
1406 3128 1580 3170 devitent,
1605 3140 1706 3175 quam
1731 3131 1873 3163 timeant
1898 3128 2187 3176 plerumquealie-

1264 3193 1305 3217 na
1331 3179 1476 3227 diripere
1495 3203 1508 3220 ,
1535 3182 1569 3214 δι
1595 3177 1774 3226 aliquando
1801 3176 1853 3215 sua
1879 3174 1937 3214 fibi
1963 3177 2071 3215 ablata
2107 3191 2194 3216 con-

1262 3239 1419 3265 temnunt
1439 3254 1451 3271 ‚
1485 3241 1525 3263 ne
1553 3227 1738 3276 repetendo
1764 3232 1798 3263 δι
1824 3228 1988 3275 litigando
2014 3228 2089 3276 plus
2114 3242 2190 3276 per-

1263 3280 1369 3316 dant:
1405 3280 1494 3315 recte
1519 3278 1684 3315 admoniti
1711 3277 1822 3313 sumus
1848 3276 1890 3313 fic
1928 3291 2038 3314 amare
2063 3277 2189 3326 sapien·

1262 3332 1365 3371 tiam,
1390 3339 1428 3364 ut
1454 3341 1528 3364 eam
1554 3327 1653 3364 nobis
1677 3327 1903 3363 thesaurizare
1928 3328 2114 3364 avidiffime
2130 3341 2188 3366 cu-

1262 3383 1416 3428 piamus,
1441 3389 1541 3426 atque
1565 3389 1603 3414 ut
1629 3377 1727 3414 nobis
1753 3380 1858 3424 magis
1872 3377 2038 3425 magisque
2068 3378 2184 3426 adqui-

1265 3441 1358 3465 ratur
1379 3454 1390 3470 ,
1415 3441 1475 3463 nec
1500 3428 1609 3474 aliqua
1635 3441 1677 3463 ex
1702 3437 1796 3474 parte
1822 3430 1994 3463 minuatur
2014 3453 2026 3470 ,
2052 3432 2086 3464 <Sc
2112 3442 2186 3477 per-

1262 3479 1407 3515 feramus
1433 3477 1626 3519 molestias‚
1651 3482 1685 3513 &
1711 3475 1868 3512 libidines
1896 3477 2125 3521 refrenemus,
2149 3483 2184 3514 &

1262 3528 1506 3578 prospiciamus
1533 3530 1565 3563 in
1592 3526 1790 3574 posterum,
1815 3530 1849 3563 δι
1876 3530 2102 3564 innocentiam
2128 3527 2183 3564 be-

1262 3578 1540 3624 neficentiamque
1564 3575 1733 3613 servemus
1754 3600 1767 3612 .=
1788 3577 1897 3622 Quod
1914 3590 1994 3614 cum
2019 3578 2182 3620 facimus,

1263 3628 1342 3665 ideo
1367 3639 1460 3663 veras
1487 3629 1629 3662 virtutes
1654 3625 1815 3663 habemus
1835 3651 1848 3668 ,
1907 3630 1960 3663 uia
1986 3640 2107 3664 verum
2131 3626 2181 3664 est

1262 3687 1403 3726 propter
1430 3675 1525 3723 quod
1549 3674 1710 3718 facimus,
1738 3675 1771 3711 id
1797 3675 1868 3718 est,
1920 3681 2182 3714 oenaturaessino-

1261 3728 1334 3764 strae
1359 3725 1615 3763 consentaneum
1640 3725 1688 3762 est
1712 3725 1754 3762 ad
1778 3725 1916 3764 salutem
1941 3731 1976 3764 δι
2001 3739 2118 3764 veram
2131 3727 2181 3763 fe-

1259 3778 1440 3814 licitatem.
2131 3808 2133 3810 .
2155 3793 2157 3795 ·

1307 3830 1391 3866 Non
1423 3829 1518 3864 enim
1542 3825 1681 3864 absurde
1714 3829 1823 3864 virtus
1854 3826 1994 3865 definita
2026 3826 2075 3864 est
2091 3851 2104 3870 ,
2136 3825 2178 3863 ab

1846 3889 1871 3916 x
2078 3888 2125 3911 eis
