2652 4126
399 146 472 204 ΙΝ
517 146 748 208 Apos'r.
788 149 1129 211 Famam-:s
1172 151 1443 210 PETRUM
1487 162 1561 208 ET
1607 137 1903 207 ΡἎυωΜ.

230 240 413 289 appellatur
427 272 433 285 ‚
445 244 765 296 fundamentumque
774 247 900 285 ac'basis
912 251 973 286 Dei
986 246 1153 285 Ecclesiae.

55 299 212 335 Petrus,in-
230 294 364 340 Accipit
375 306 524 343 vero-per
533 299 778 344 promiffion'em
788 298 892 335 claves
902 298 1156 346 regni'5eiusque

50 342 214 386 grt·iiuscae·
234 344 555 387 portarum‘efficitur
564 347 720 384 dominus
730 357 753 388 ;‘
768 358 804 385 ut
814 353 957 397 aperiat,
968 348 1087 398 quibus
1099 360 1156 383 vo-

53 381 204 450 1:¹2¹?ssss
235 391 332 428 luerit
343 393 593 437 §claudatverm
603 395 723 444 quibus
731 400 806 444 jure
813 398 996 435 claudendae
1007 398 1078 437 firi&
1091 398 1156 445 pla·

55 441 188 490 feifi'one.
209 447 215 451 ’
234 455 276 477 ne
286 454 364 478 veto
374 443 508 490 pollutis
517 457 554 480 ac
566 446 731 497 profanis,
747 461 785 485 ac
795 461 864 485 eam
873 448 1157 495 negantibus'con·

267 492 400 528 ffionem
411 519 422 536 ,
445 496 538 539 cujus
558 506 637 542 ergo
656 499 664 531 i
670 497 722 543 pse
731 504 755 540 ,¹
768 509 920 547 tanquam
940 498 1068 535 sedulus
1083 502 1159 546 gna-

233 541 356 589 vusque
365 541 531 579 bonorum
543 544 692 582 Ecclesiae
700 547 810 584 custos
819 573 831 591 ,
851 552 940 594 regni
949 548 1037 584 ostiis
1047 549 1160 596 praefe·

231 591 304 626 ἕως
315 591 397 628 fuit.
420 593 617 630 Onebularn
629 609 664 630 ac
684 597 856 643 caliginem
873 598 962 633 illam
982 598 1160 645 plurimam

232 639 386 676 humanis
403 643 538 679 offusam
549 644 654 679 oculis
666 669 675 686 ‚
702 659 764 692 qua
776 646 994 694 prohibentur
1013 647 1161 691 haetetici

232 694 365 726 Patrurn
377 694 485 728 videre
500 693 625 741 vestigia
639 707 692 731 iac
703 708 802 744 quam
812 699 843 733 A
848 696 1056 743 postolorum'
1067 697 1163 746 pedes

234 743 322 776 viam
332 744 499 778 triverunt
507 768 517 784 ‚
527 744 677 780 incedere
685 771 694 780 .
716 748 802 782 Ecce
811 750 1077 795 namqueexim'ia
1086 755 1164 796 qua·

230 788 308 826 dam
329 794 452 828 ratione
470 792 610 829 smeerus
622 793 677 830 ille
687 795 814 832 Christi
832 796 1010 844 discipulus
1030 802 1162 836 Petrus:

235 839 292 876 illc
302 865 311 878 ,
321 843 454 887 inquam
467 868 479 886 ,
500 845 642 891 primum
655 843 778 892 ubique
788 857 859 882 tum
868 847 960 894 quod
969 847 1007 883 ad
1019 845 1165 883 honores

235 889 358 936 spefitat
368 915 379 933 ‚
399 903 470 928 turn
480 894 573 939 quod
582 893 622 930 ad
634 899 747 931 merita
758 895 861 932 ferens
871 895 1086 943 suffragium:
1112 896 1167 933 ille

236 939 419 977 admodum
438 953 574 988 magnus
583 968 594 986 ,
619 945 711 989 cujus
727 945 826 981 decus
846 947 1032 983 universum
1052 946 1168 995 imple-

238 991 286 1026 vit
297 1001 458 1028 terrarum
469 991 585 1029 orbem
596 1005 606 1030 ³
631 991 725 1038 jussus
736 995 864 1031 edicere
873 1007 910 1032 ut
918 996 962 1039 de
970 999 1047 1034 Deo
1057 1008 1094 1033 ac
1103 995 1169 1033 Sal-

239 1051 352 1076 vatore
362 1039 496 1086 sentiat,
521 1054 614 1078 nona
626 1042 716 1089 longi
734 1045 900 1090 cujusdam
917 1050 1095 1083 commenti
1118 1059 1171 1083 va·

239 1090 326 1127 fritie
337 1094 461 1137 capit,
488 1104 548 1128 nec
560 1092 826 1140 syllogismorum
845 1107 1023 1143 rerumque
1041 1095 1172 1133 circulo

239 1139 375 1176 vallatus
388 1146 592 1187 percontanti
605 1142 791 1191 respondit=
809 1148 857 1181 uti
869 1158 956 1181 nunc
966 1145 1110 1182 solemne
1118 1145 1174 1182 ha·

239 1189 318 1226 bent
330 1201 443 1236 graves
462 1190 509 1227 illi
529 1190 700 1237 rhetores,
726 1197 828 1243 inque
847 1194 956 1231 verbis
967 1196 1079 1243 pofltae
1097 1195 1174 1232 fidei

239 1239 379 1276 artifices
399 1255 408 1276 ι
434 1240 488 1277 sed
507 1242 610 1279 corde
627 1242 766 1291 fimplici
786 1244 981 1280 succinctam
1002 1250 1174 1282 veritatem

240 1289 412 1334 exposuit,
433 1289 522 1328 haud
531 1305 695 1340 quaquam
707 1297 891 1340 ingenitum
902 1306 1016 1331 contra
1026 1299 1176 1343 genitum

241 1339 461 1386 distinguens=
483 1341 524 1377 de
536 1345 572 1378 its
582 1355 655 1391 quae
663 1344 703 1379 ad
715 1343 865 1379 dissimile
886 1343 1028 1391 spectant
1039 1349 1175 1394 nequic-

243 1402 343 1436 quam
355 1402 463 1426 emota
476 1403 586 1428 mente
596 1392 716 1429 frivola
724 1392 888 1440 disputans
907 1407 916 1432 ς
942 1407 1000 1430 nec
1013 1409 1093 1430 vero
1105 1395 1176 1431 sub·

241 1440 431 1477 stantiarum
443 1467 455 1484 ,
464 1454 538 1488 quae
547 1446 655 1478 omnia
667 1441 834 1490 superant,
864 1443 1109 1481 distinctionem
1121 1458 1174 1482 cu-

238 1489 358 1526 triofius
373 1491 530 1538 indagans
549 1506 557 1526 ε
584 1504 641 1528 nec
661 1493 794 1529 demum
815 1494 1176 1531 immensam-deitatem

245 1539 438 1588 syllogismis
449 1543 585 1577 metiens
596 1542 720 1590 §qualia
730 1542 851 1580 habent
861 1547 934 1580 Arii
946 1544 1070 1582 ludicra
1081 1572 1093 1589 ,
1111 1547 1179 1581 Eu·

247 1595 419 1638 nomiique
439 1603 534 1638 prava
553 1596 724 1628 conamina
743 1620 751 1628 .
776 1594 983 1630 AEmulemur
1001 1598 1110 1643 itaque
1121 1620 1131 1637 ,
1157 1608 1180 1629 o

244 1639 423 1677 Christiani
437 1665 446 1682 ,
472 1645 639 1688 (quorum
651 1642 731 1678 fides
741 1668 750 1684 ,
762 1654 838 1679 nota
849 1643 894 1680 est
905 1657 940 1679 ae
949 1644 1070 1691 infigne
1081 1671 1092 1689 ,
1111 1658 1178 1681 non

248 1690 427 1728 verborum
438 1690 628 1731 effluentia)
656 1693 847 1740 piscatorem
862 1693 955 1730 illum
966 1720 977 1736 ,
1005 1695 1097 1730 illum
1110 1696 1179 1730 flm-

240 1740 367 1790 =plicem
376 1765 388 1781 ,
398 1740 491 1777 illum
504 1740 672 1778 Bethsaida
684 1755 795 1779 ortum
804 1767 814 1786 ‚
826 1747 964 1790 primam
976 1743 1063 1781 illam
1075 1744 1179 1781 Chri-

244 1790 284 1828 sti
298 1795 523 1827 venationem.
552 1792 744 1828 Studeamus
754 1793 864 1830 dicere
881 1809 891 1830 ε
917 1794 969 1827 Tu
980 1806 1011 1828 es
1031 1793 1182 1835 Christus

245 1839 355 1874 fitius
364 1840 430 1874 Det
438 1839 536 1877 vivi:
547 1839 599 1878 his
608 1853 718 1879 autem
730 1840 821 1890 plura
833 1869 844 1885 ‚
871 1855 987 1890 pugnae
998 1843 1181 1881 verborum

244 1889 454 1927 studentibus
463 1890 633 1928 dimittere
654 1906 663 1927 ε
688 1905 834 1940 quorum
843 1906 928 1942 opus
939 1919 951 1938 ,
977 1898 1151 1932 contentio
1170 1908 1179 1931 :

245 1940 323 1980 finis
330 1952 440 1976 autem
451 1966 461 1981 ,
489 1944 640 1979 interitus
649 1970 657 1979 .

243 2019 246 2024 .
295 1993 431 2037 Ergone
441 1988 597 2028 haetenus
617 1997 718 2041 inque
727 1995 827 2032 dietis
837 1993 939 2031 finem
958 1993 1183 2045 habentApo-

197 2060 200 2061 ν
243 2039 321 2077 stoli
342 2040 519 2077 miracula?
544 2046 625 2089 quin
646 2044 740 2091 plane
760 2045 867 2089 secus,
893 2047 1070 2092 nequidem
1091 2047 1183 2082 vidc-

245 2102 322 2127 mur
332 2089 497 2137 incoepisse
506 2116 518 2133 ,
527 2102 566 2127 ut
600 2096 649 2129 uis
659 2106 735 2130 curn
746 2096 843 2131 dictis
851 2120 864 2137 ,
888 2107 963 2142 qua:
973 2096 1098 2143 reliqua
1112 2095 1184 2133 sunt

243 2151 434 2186 comparet.
459 2141 537 2184 Ego
545 2145 578 2174 ni
608 2141 764 2178 ilominus
783 2144 938 2190 pleraque
956 2145 1070 2182 vestrae
1089 2146 1187 2182 scien·

245 2193 300 2225 tiae
312 2190 502 2236 permittens
519 2211 532 2230 ,
562 2188 676 2231 (Scitis
687 2193 776 2224 enim
784 2194 920 2224 Petrum
930 2215 943 2230 ,
967 2206 1007 2226 ae
1014 2207 1064 2228 res
1077 2199 1188 2235 Petri,

246 2237 371 2273 tametfi
381 2247 484 2273 nemo
501 2241 614 2274 virum
629 2236 760 2274 laudare
779 2240 968 2275 inanimum
987 2239 1156 2274 induxerit
1174 2244 1189 2281 )

249 2297 352 2333 pauca
371 2285 520 2331 quaedam
531 2285 614 2320 volo
628 2286 739 2322 dicere
748 2297 780 2322 te
798 2290 912 2333 requie
921 2310 934 2328 ,
958 2298 1064 2340 utque
1074 2301 1092 2324 e
1103 2300 1190 2325 terra

250 2338 285 2373 in
293 2333 421 2371 coelum
431 2337 620 2379 migraverit
628 2358 642 2377 ,
668 2346 705 2371 ut
714 2334 785 2372 illic
796 2335 908 2372 faciam
919 2336 1053 2384 dicendi
1063 2337 1190 2378 finem,

250 2385 306 2421 ubi
321 2383 375 2419 ille
384 2387 459 2420 vitae
469 2383 572 2420 finem
585 2388 712 2432 aceepit
723 2410 732 2418 .
742 2389 835 2422 Cum
844 2397 925 2431 ergo
936 2385 1082 2420 Salvator
1092 2384 1190 2432 spon-

252 2447 284 2472 te
305 2433 459 2481 asl'umpta
481 2445 588 2470 morte
608 2433 790 2471 humanum
817 2447 917 2480 genus
936 2434 1190 2470 sanctificaturus

253 2483 405 2526 ess'et,ceu
416 2484 577 2531 peculiare
586 2484 755 2532 quoddam
766 2484 951 2530 depositum
963 2496 998 2518 ac
1011 2483 1191 2529 peculium,

254 2534 470 2571 universalem
490 2534 618 2569 acorbe
629 2544 703 2569 toto
721 2531 892 2574 diffusam,
917 2536 991 2567 viro
999 2531 1080 2568 huic
1099 2545 1191 2569 com-

256 2584 393 2621 mendat
404 2583 580 2620 Ecclciiam
602 2597 614 2618 t
637 2582 692 2620 ubi
703 2596 781 2619 cum
804 2585 904 2618 tertio
915 2581 1134 2631 interrogasset
1154 2583 1191 2617 il-

96 2643 180 2679 Ῑωη,
195 2653 237 2672 η.
258 2633 315 2670 lud
326 2658 339 2676 ,
348 2632 452 2667 Amas
462 2645 509 2665 me
520 2636 702 2680 ?Cumque
714 2636 737 2668 is
750 2636 758 2674 ‚‘
778 2632 878 2668 multa
888 2631 1050 2667 alacritate
1058 2631 1190 2678 fingulis

71 2678 107 2714 ‘v'-
127 2693 137 2713 ¹
147 2693 157 2719 5
163 2705 174 2716 ·
258 2682 572 2730 interrogationibus
597 2684 739 2719 totidem
766 2682 977 2728 profeffiones
1005 2680 1160 2728 adjecisset
1175 2708 1188 2725 ,

260 2733 377 2771 mundi
388 2746 500 2769 curam
512 2736 636 2778 accepit
648 2732 757 2772 ,weiut
767 2745 872 2768 unum
882 2743 1025 2778 gregem,
1040 2734 1119 2769 unus
1131 2736 1188 2768 Pa·

79 2801 183 2833 Petrus
191 2823 201 2837 ‚
210 2812 241 2831 u·
260 2783 328 2820 stor
338 2783 478 2830 5quibus
487 2784 632 2818 audivit:
651 2781 765 2827 Fasces
776 2794 876 2828 agnos
886 2793 967 2813 meos
976 2806 988 2823 ‚
999 2782 1132 2828 fereque
1142 2782 1189 2818 fiii

78 2852 137 2873 nus
144 2842 242 2872 Pastor
261 2835 342 2871 loco
352 2833 444 2870 dedit
457 2837 621 2870 Dominus
633 2832 855 2868 fideliffimum
866 2831 1079 2879 discipulum,
1090 2835 1122 2867 in
1136 2844 1188 2879 pa-

79 2892 153 2928 unus
168 2882 344 2928 G¹,²·-trem
356 2908 368 2926 ,
379 2882 609 2931 pastoremque
620 2908 632 2926 ,
640 2895 676 2918 ac
688 2881 874 2929 magistrum
885 2908 897 2925 ,
922 2883 960 2916 iis
970 2884 1027 2926 qui
1039 2879 1137 2916 essent
1146 2895 1194 2918 ac-

78 2932 126 2962 ἒς
139 2932 223 2991 sqnf‘
259 2933 372 2971 eess'uri
393 2934 432 2969 ad
443 2933 544 2969 fidem
557 2957 565 2966 -
591 2936 685 2968 Cum-
696 2935 805 2979 itaque
824 2945 896 2968 cam
907 2943 1021 2967 vocem
1040 2930 1194 2974 audiffet,

83 2973 240 3037 ἒῗςῗζζε,
259 2983 512 3032 haudquaquam
530 2981 664 3029 segnitie
683 2985 783 3018 vitam
813 2980 1048 3018 traducendam
1067 2981 1163 3018 duxit
1183 2995 1195 3019 5

80 3052 114 3073 ac
136 3042 224 3071 Vica—
254 3047 320 3073 :nec
330 3034 447 3071 dilexit
457 3036 568 3068 vivere
579 3044 670 3068 extra
682 3031 903 3079 periculorum
912 3031 1026 3066 aleam:
1035 3034 1114 3077 quin
1125 3034 1193 3067 uni·

84 3085 144 3126 ¹59⁵
154 3082 242 3113 Chri·
261 3083 393 3121 versum
424 3087 663 3130 'rcumquaque
672 3081 807 3119 lustrans
818 3093 978 3118 terrarum
987 3079 1193 3125 orbem,co:·

80 3120 137 3155 sp·
252 3138 305 3171 -cis
313 3096 491 3171 Chrixum
510 3131 671 3168 revelabat
681 3140 698 3170 ς’
715 3135 752 3168 iis
761 3132 830 3168 dux
848 3131 980 3169 effeetus
989 3133 1047 3178 qui
1067 3143 1192 3166 exerra-

255 3184 340 3221 ·bant
359 3197 368 3218 z
395 3195 451 3219 eos
469 3193 650 3230 provocans
669 3195 726 3229 qui
739 3185 891 3228 pietatem
910 3178 1080 3229 gustassent
1093 3195 1108 3216 .-
1130 3178 1191 3216 ho-

261 3234 326 3271 stes
335 3238 546 3280 impugnans:
571 3231 739 3268 consolans
750 3231 948 3268 domesticos
958 3230 1191 3276 &persecutio-

263 3297 320 3320 nes
331 3282 485 3319 sustinens
504 3296 513 3317 z
538 3294 704 3317 carcerum
722 3281 902 3318 molestiam
923 3280 1027 3317 ferens
1045 3295 1054 3316 ε
1082 3279 1191 3317 multis

259 3334 374 3370 modis
381 3331 549 3380 Evangelii
568 3330 660 3367 causa>
670 3332 810 3379 pericula
829 3332 953 3368 adiens.

318 3381 471 3421 Process'u
480 3381 597 3418 deinde
606 3384 767 3441 temporis
775 3407 787 3425 ,
812 3381 925 3418 urbem
937 3384 1058 3428 regiam
1077 3390 1189 3427 petens

265 3435 344 3472 inde
353 3434 393 3469 ad
404 3445 539 3480 regnum
549 3442 695 3468 excurrit
704 3461 714 3470 .
731 3434 830 3468 Nero
838 3435 923 3468 enim
935 3435 967 3467 in
977 3435 1057 3468 iram
1068 3441 1191 3478 provo-

268 3496 361 3522 catus
379 3510 388 3525 ‚
415 3487 463 3519 uti
484 3482 565 3519 olim
585 3482 737 3518 Herodes
753 3485 785 3517 in
805 3481 981 3524 Palestina‚
1006 3492 1082 3516 cum
1098 3478 1198 3516 Chri-

105 3557 191 3588 peffi
202 3556 254 3586 hu·
269 3535 360 3572 stum
371 3538 503 3580 Regem
513 3534 604 3577 Magi
613 3535 844 3568 annuntiarent
855 3546 866 3567 .-
888 3531 957 3567 aliis
967 3528 1100 3578 quidem
1113 3529 1133 3564 s
1127 3542 1198 3614 gre·

88 3598 200 3630 militas
209 3595 256 3625 sub
276 3589 317 3622 tis
343 3583 583 3632 suppliciorum
602 3581 775 3628 generibus
792 3580 853 3618 lata
882 3581 1031 3617 sententia
1060 3590 1109 3615 ter
1150 3591 1199 3617 ea·

92 3639 154 3678 ipsa
182 3647 254 3667 mor·
266 3647 348 3672 -tum
359 3633 562 3682 Apostolum
573 3631 660 3678 affigi
669 3634 757 3668 cruci
767 3631 936 3674 decernit,
962 3642 998 3666 ut
1008 3629 1126 3666 nedum
1144 3632 1199 3663 Pe-

95 3687 134 3752 ¹4⁵.
167 3687 258 3718 ³⁰3⁰·
276 3696 345 3722 trus
365 3697 451 3721 mare
470 3683 619 3729 gradiens
640 3684 826 3718 Dominum
846 3683 1028 3717 imitaretur
1048 3705 1059 3721 ‚
1085 3690 1197 3713 verum

48 3734 54 3742 ''
125 3731 169 3751 13-

0 1069 11 1195 ψ-ν-υ-ν-ψμ
4 1042 15 1058 ‚e
7 1031 9 1035 Δ

0 1197 9 1223 ἱ

0 1228 6 1249 k

56 1519 170 1561 *Atium
181 1539 228 1570 pe·

63 1577 103 1600 tit
114 1581 153 1603 ae
170 1573 228 1602 Eu-

65 1620 220 1645 nonnum.

267 3742 377 3775 —ctiam
393 3739 427 3771 in
445 3730 735 3827 Ζῆηᾳριΐρεηΐυς
754 3753 776 3766 .·
790 3733 964 3779 Tanquam
984 3729 1199 3766 nihilominus

318 3816 322 3819 .
380 3788 418 3822 S.
502 3794 560 3816 em
572 3806 580 3815 .

2026 166 2129 215 291

1213 246 1348 284 humilis
1367 245 1571 294 sapiensque,
1597 245 1691 280 velin
1713 244 1783 291 ipso
1801 239 2131 297 certaminis'tem‘pd.

1214 311 1248 333 rc
1257 299 1388 333 aclufflm
1406 309 1482 332 cum
1492 298 1606 331 mortis
1625 307 1764 343 pavore,
1790 293 1992 342 perspectum
2007 299 2129 339 haben}

1213 347 1294 395 quid
1316 349 1499 383 Dominum
1518 348 1601 381 inter
1617 358 1653 381 ac
1670 345 1798 383 servum
1815 345 1975 384 interess'et
1992 373 2002 390 ,
2025 362 2128 391 unum

1214 397 1295 447 quid
1312 396 1460 433 beneficii
1473 395 1549 430 loco
1559 395 1599 431 ab
1617 393 1766 431 hostibus
1783 398 1911 442 rogavit
1926 411 1938 432 t
1950 398 2003 433 ‘ne
2011 398 2131 438 scilicet

1216 447 1329 484 eadem
1357 458 1432 481 cum
1452 448 1603 481 Domino
1628 444 1733 491 figura
1751 443 1919 492 affigerent
1935 439 2026 494 ligno
2042 472 2055 492 ,
2081 450 2134 487 sed

1216 496 1314 534 verso
1322 497 1362 533 ad
1377 507 1496 532 tertam
1513 498 1618 542 capite
1628 495 1856 541 crucifigerent
1867 519 1881 532 .·
1900 497 2000 541 Haud
2010 502 2136 547 quippe

1208 559 1279 595 rpar
1295 543 1375 588 esse,
1400 555 1438 581 ut
1457 543 1508 580 vel
1527 547 1559 579 in
1580 545 1870 591 morte‚‘aequales
1887 545 1969 583 servi
1986 550 2138 585 Domini·

1209 609 1285 644 >que
1307 599 1410 644 partes
1429 593 1541 630 effent·
1567 596 1684 644 Durit,
1709 606 1746 629 ac
1761 598 1832 631 voti
1850 603 1990 644 compos
2009 597 2143 636 effeetus

1206 655 1208 657 '
1221 646 1266 682 est
1277 659 1286 683 ς
1310 643 1478 691 crucisque
1486 643 1527 679 de
1537 644 1647 679 medio
1657 644 1695 680 ad
1705 655 1780 680 eum
1792 644 1893 689 abiit,
1901 648 2144 693 qui'crucifixus

1222 696 1394 731 resurrexit
1413 707 1422 728 ε
1447 693 1513 741 ipse
1524 693 1656 738 quidem
1676 697 1826 741 martyrii
1843 699 1965 731 corona
1983 696 2142 735 donatus:

1207 745 1319 791 'nobis
1342 755 1472 786 autem,
1497 741 1654 780 harumce
1677 742 1888 786 festivitatum
1913 746 2028 798 gaudia
2051 745 2148 787 telin}

1208 803 1344 844 quens·
1973 802 1979 808 ”
2003 806 2006 807 ’
2126 792 2133 808 ”

1275 849 1356 883 Haec
1377 857 1438 880 nos
1457 843 1660 891 quoquetibi
1673 871 1683 888 ‚
1708 858 1731 881 o
1749 845 1883 883 charum
1903 859 1939 884 ac
1959 846 2080 887 sacrum
2099 858 2148 885 ca-

1227 906 1288 944 put
1308 898 1316 927 !
1343 907 1405 942 pro
1415 893 1523 929 nostra
1545 894 1629 931 virili
1651 895 1799 932 facultate
1816 896 1992 934 multarum
2012 897 2150 944 gratula-

1227 948 1313 982 toria
1332 947 1495 981 virtutum
1512 943 1745 992 gestorumque
1763 945 1927 983 reddenda
1945 946 2125 985 'habuimus
2141 974 2151 983 .

1227 997 1378 1042 Tempus
1397 1005 1480 1028 vero
1497 991 1562 1033 est,
1588 1005 1624 1029 ut
1641 994 1681 1030 ad
1700 994 1844 1041 pugilem
1869 996 2007 1033 alterum
2034 999 2154 1033 sermo-

1230 1057 1306 1082 nem
1329 1054 1562 1079 convertamus
1581 1057 1590 1078 t
1616 1043 1654 1078 ad
1675 1055 1762 1086 tuae,
1787 1047 1943 1092 inquam,
1968 1049 2097 1082 virtutis
2108 1045 2156 1081 so-

1230 1098 1320 1131 cium
1330 1093 1424 1130 illum
1436 1090 1645 1130 Tarsensem=
1670 1106 1746 1130 eum
1759 1120 1771 1138 ,
1795 1097 1949 1141 inquam,
1974 1098 2032 1143 qui
2050 1095 2157 1132 diver·

1233 1143 1270 1181 so
1289 1143 1424 1192 quidem
1444 1141 1593 1189 supplicii
1613 1154 1730 1189 genere
1757 1158 1765 1179 ι
1803 1156 1918 1180 verum
1937 1157 2004 1180 uno
2024 1145 2157 1181 eodem·

1234 1207 1300 1243 que
1321 1194 1450 1241 pietatis
1467 1193 1532 1229 fine
1551 1217 1564 1237 ,
1587 1204 1651 1230 una
1669 1203 1780 1230 tecum
1797 1193 1837 1230 ad
1856 1192 2028 1230 Christum
2048 1194 2158 1242 profe-

1237 1245 1307 1281 etus
1327 1241 1391 1279 est.

1284 1292 1467 1330 Paulusille
1479 1291 1697 1336 admirabilis,
1723 1294 1900 1330 canorailla
1918 1296 2089 1342 Evangelii
2110 1305 2161 1330 tu·
2179 1300 2335 1340 Pauiiiau·

1233 1344 1272 1381 ba
1290 1369 1301 1386 ,
1328 1346 1419 1391 prius
1439 1345 1575 1391 quidem
1592 1342 1727 1379 acerbus
1747 1343 2013 1381 Christianorum
2032 1343 2134 1381 hostis
2152 1359 2163 1380 z
2180 1343 2293 1375 datio-⁰

1237 1393 1439 1446 postremum
1475 1406 1555 1430 vcro
1581 1393 1770 1430 fortiffimus
1795 1395 1946 1442 Ecclefiae
1972 1406 2128 1442 patronus
2153 1410 2165 1431 t

1237 1442 1551 1491 Apostolisquidem
1564 1446 1737 1480 recentiori
1756 1447 1864 1490 gratiae
1874 1444 1966 1492 partu
1978 1445 2104 1485 editus,
2129 1456 2167 1490 ac

1237 1493 1401 1542 posterior
1411 1504 1565 1541 tempore
1574 1491 1700 1531 Christi
1711 1493 1877 1540 discipulis
1886 1493 2051 1530 accensus:
2077 1494 2165 1530 idem

1238 1543 1457 1580 nihilominus
1467 1543 1604 1590 probata
1616 1546 1755 1586 virtute,
1779 1553 1817 1579 ut
1827 1544 1956 1590 nequid
1973 1543 2110 1591 amplius
2119 1543 2167 1579 di-

1240 1607 1309 1630 cam
1322 1599 1342 1638 ,'
1358 1606 1395 1630 ac
1405 1593 1583 1630 duodecim
1601 1592 1737 1630 illorum
1747 1605 1846 1629 canos
1864 1593 1994 1641 pudore
2004 1593 2143 1630 afficiam
2155 1617 2169 1635 ,

1241 1643 1372 1693 Moysis
1382 1641 1514 1692 aeq'ualis
1534 1655 1543 1676 t
1570 1643 1738 1680 aemulator
1757 1642 1906 1687 fervens,
1931 1647 2051 1691 utquis
2060 1643 2139 1679 alius
2158 1656 2169 1679 ε

1241 1692 1321 1741 legis
1342 1693 1580 1741 prognaculum
1599 1709 1609 1730 :
1643 1696 1761 1729 veteris
1788 1692 1966 1732 testamenti
1989 1696 2088 1730 turris
2113 1692 2172 1728 fir-

1240 1751 1294 1780 ma
1309 1757 1346 1779 ac
1366 1742 1550 1779 inconcuffa
1568 1759 1576 1778 :
1602 1744 1708 1780 donec
1728 1745 1871 1779 mutavit
1885 1745 2054 1782 animum3
2078 1753 2173 1788 gran·

1241 1795 1283 1829 de
1294 1805 1411 1837 eorum
1431 1792 1640 1839 periculum,
1665 1795 1723 1840 qui
1734 1790 1910 1829 Christum
1930 1792 2170 1839 loquerentur:

1241 1842 1439 1890 nostrosque
1449 1840 1571 1889 ubique
1578 1840 1721 1878 terrebat
1731 1868 1744 1886 ‚
1761 1853 1798 1877 ac
1809 1845 1842 1877 in
1853 1840 1964 1888 fugam
1973 1840 2087 1890 agebat
2097 1866 2107 1884 ‚
2117 1853 2171 1877 ve-

1241 1907 1276 1929 re
1287 1896 1377 1938 iuxta
1388 1891 1636 1940 praedictionem
1648 1890 1794 1934 Iacobo,
1820 1888 1992 1932 Beniamin
2013 1890 2171 1936 lupus-ra·
2188 1900 2285 1939 Genqs.
2301 1906 2349 1936 49·

1238 1951 1305 1991 pax
1321 1969 1334 1985 ‚
1358 1944 1503 1990 optimos
1520 1942 1669 1990 quosque
1688 1943 1768 1977 novi
1787 1938 1968 1976 testamenti
1987 1939 2171 1988 discerpens
2189 1953 2219 1971 v.
2231 1951 2277 1986 2⁷5

1242 2006 1279 2030 ac
1298 1991 1485 2040 dispergens
1504 1999 1637 2039 greges.
1664 1991 1753 2037 Quia
1770 2002 1852 2026 vero
1873 1993 1970 2028 etiam
1989 1990 2086 2026 sanffi
2106 1989 2173 2027 Ste-
2192 1981 2356 2051 pangit-qn-

1245 2042 1347 2091 phani
1366 2042 1507 2079 fabulam
1536 2041 1651 2078 luserat
1671 2068 1683 2085 ,
1706 2039 1882 2088 adhucque
1900 2051 2020 2078 cruore
2047 2036 2176 2091 foedatis
2193 2028 2332 2093 ζξῇἑῖἓιιε

1245 2092 1612 2136 manibusNDamascum
1641 2090 1797 2139 pergebat
1815 2114 1828 2133 ,
1855 2090 2177 2137 persecutionemque

1249 2142 1494 2192 persecutioni,
1519 2155 1556 2178 ac
1564 2142 1667 2178 caedes
1686 2140 1824 2178 caedibus
1834 2142 1961 2176 nectere
1973 2167 1984 2184 ‚
2003 2141 2179 2188 totumqu‘e

1248 2193 1395 2229 funditus
1403 2191 1692 2228 Christianismum
1704 2217 1716 2235 ,
1742 2193 1884 2238 primum
1895 2188 2050 2226 hactenus
2060 2189 2181 2226 floren-

1251 2250 1318 2273 tem
1327 2250 1443 2273 ortum
1452 2238 1594 2273 evellere
1619 2238 1775 2283 satagebat
1793 2253 1802 2272 ε
1829 2252 1899 2274 rem
1908 2242 1999 2275 Deus
2018 2238 2122 2285 probe
2134 2241 2180 2274 vi-

1251 2286 1303 2322 dit
1323 2298 1334 2324 ;
1360 2289 1520 2322 nimirum
1532 2285 1604 2322 fore
1615 2311 1625 2327 ,
1635 2298 1670 2321 ut
1680 2290 1761 2322 acris
1772 2284 1874 2321 hostis
1883 2298 1918 2321 ac
1929 2286 2054 2324 validus
2066 2312 2077 2329 ,
2087 2298 2184 2333 gene-

1251 2335 1316 2371 rofi
1326 2337 1468 2382 peston-is
1486 2348 1522 2370 ac
1534 2335 1627 2369 fortis
1646 2334 1940 2370 animiefficeretur
1955 2338 2077 2376 amicus
2094 2350 2107 2370 .-
2134 2335 2188 2373 su·

1236 2382 1392 2429 ·bitoque
1419 2380 1673 2431 circutnsulgens
1699 2382 1823 2418 lumine
1841 2408 1853 2425 ,
1879 2383 2027 2428 percellit
2045 2409 2057 2426 ,
2081 2396 2117 2420 ac
2142 2384 2182 2420 ad

1253 2430 1476 2469 humilitatem
1501 2434 1669 2467 convertit
1689 2445 1698 2466 τ
1723 2429 1846 2468 incuffo
1870 2433 2002 2479 quidem
2027 2437 2144 2469 timore
2162 2441 2182 2469 ‘a

1253 2480 1350 2517 cursu
1375 2479 1559 2522 cohibens,
1586 2480 1784 2516 flammantes
1805 2493 1884 2516 vero
1903 2495 1939 2517 ac
1956 2485 2036 2518 iram
2063 2483 2181 2531 spiran-

1253 2542 1302 2568 tes
1320 2529 1438 2566 oculos
1452 2557 1460 2572 ,
1487 2528 1596 2566 offufis
1608 2528 1746 2566 tenebris
1756 2530 1926 2577 castigans.
1954 2536 2053 2569 Punit
2070 2545 2179 2569 autem

1254 2593 1320 2615 non
1341 2579 1470 2616 silentio
1488 2594 1497 2614 :
1525 2592 1640 2616 verum
1652 2585 1748 2616 etiam
1770 2580 1857 2616 facto
1867 2581 2050 2618 sermonem
2068 2583 2179 2624 adiun-

1253 2633 1324 2672 xit,
1350 2630 1461 2672 dicens
1481 2629 1527 2664 illi
1548 2630 1642 2676 quod
1660 2629 1871 2678 scriptumest
1893 2645 1901 2665 τ
1928 2625 2027 2666 skale
2049 2631 2148 2664 Saule
2169 2658 2180 2675 ,
2197 2650 2277 2686 ΑΒΘ
2297 2659 2356 2679 m·

1252 2679 1334 2725 quid
1353 2691 1401 2711 me
1418 2677 1612 2724 persequeris
1624 2680 1651 2714 ?''
1661 2679 1788 2712 Durum
1807 2679 1848 2721 est
1867 2679 1929 2712 tibi
1948 2690 2056 2714 contra
2071 2680 2181 2723 stimu-
2281 2674 2287 2680 ⁸

1251 2729 1318 2762 lum
1337 2727 1511 2763 calcitrare
1528 2743 1538 2765 e
1564 2741 1630 2764 non
1642 2741 1793 2778 tanquam
1811 2742 1894 2777 opus
1904 2729 2037 2766 traheret
2055 2731 2181 2766 conser-

1250 2793 1286 2815 re
1296 2779 1498 2815 sermonem.
1525 2779 1617 2824 Quid
1628 2783 1715 2816 enim
1737 2778 1841 2815 verbis
1860 2792 1944 2826 opus
1963 2792 2037 2816 cum
2050 2794 2100 2816 res
2120 2781 2181 2816 suf-

1250 2830 1406 2865 ficerent?
1431 2832 1561 2865 Verum
1574 2840 1610 2864 ut
1621 2829 1787 2876 qnaerendi
1805 2829 2006 2865 occasionem
2026 2829 2182 2875 praeberet

1252 2882 1349 2927 atque
1359 2879 1507 2919 dicendi,
1535 2877 1660 2924 ipsum,
1685 2883 1742 2925 qui
1763 2890 1914 2914 mortuus
1931 2877 2081 2915 achumo
2100 2891 2179 2915 cou—

1251 2930 1340 2965 ditus
1361 2927 1557 2976 putabatur,
1581 2926 1753 2964 christum
1773 2931 1908 2970 vivere,
1933 2939 2029 2975 atque
2048 2941 2065 2964 e
2085 2927 2179 2964 coelis

1253 2991 1424 3027 apparere.
1452 2981 1580 3015 Verum
1591 2976 1812 3025 praestatipia,
1837 2976 1956 3024 quibus
1966 2977 2036 3025 lupi
2046 2977 2178 3014 Hebraei

1253 3029 1382 3077 praeda,
1406 3038 1596 3070 enarratur,
1624 3026 1721 3063 verba
1732 3040 1940 3074 proponere.

1276 3084 1278 3086 ’
1301 3077 1427 3112 Saulus
1448 3087 1554 3110 autem
1565 3074 1668 3109 adhuc
1679 3076 1813 3122 spirans
1822 3075 1980 3110 minarum
2002 3075 2044 3110 <9⁶
2062 3075 2177 3112 caedis.

1252 3129 1404 3165 Delineat
1424 3128 1532 3163 sermo
1546 3151 1555 3168 ‚
1579 3130 1710 3169 virum,
1735 3130 1780 3163 ira
1792 3126 1821 3162 se
1839 3139 1856 3162 a
1878 3126 2067 3173 praecedenti
2089 3126 2177 3163 caede

1252 3189 1462 3225 rumpentem
1480 3191 1489 3212 ε
1514 3188 1594 3222 aegre
1611 3174 1718 3213 adhuc
1739 3175 1812 3224 post
1833 3178 1932 3220 ἱεᾶυε
1951 3175 2097 3223 lapidum
2117 3176 2177 3212 du²-
2202 3200 2209 3203 -

1251 3239 1379 3264 centem
1407 3226 1554 3274 spiritum
1573 3229 1588 3262 τ’
1616 3225 1700 3262 saevo
1716 3239 1752 3262 ac
1779 3229 1863 3263 truci
1889 3225 2041 3274 adspefiffl
2066 3224 2176 3261 homi-⁴·

1250 3282 1346 3318 nem,
1372 3275 1501 3324 qualem
1520 3287 1596 3312 eum
1612 3274 1808 3324 oportebat,
1832 3277 1902 3323 qui'
1909 3279 2011 3323 prima
2031 3273 2175 3323 prophe-

1249 3330 1303 3363 tiae
1320 3325 1518 3362 Patriarchae
1530 3325 1677 3374 symbola
1697 3328 1864 3361 retineret.
1891 3326 1952 3362 Ille
1970 3328 2057 3361 enim
2075 3327 2176 3360 morti

1252 3379 1480 3425 propinquus,
1506 3387 1582 3410 cum
1598 3375 1705 3418 filios,
1731 3374 1820 3410 lesto
1838 3373 2176 3423 undiquecircumsta·

1257 3438 1291 3462 re
1314 3424 1460 3470 armifer,
1486 3425 1598 3472 spiritu
1619 3423 1832 3472 prophetavit
1851 3453 1859 3461 .
1884 3428 1935 3460 Sic
1953 3428 2061 3473 itaque
2080 3423 2176 3460 bene-

1257 3475 1510 3516 dicensludam,
1537 3473 1629 3510 illum
1648 3473 2034 3521 quidemalloqueBatur:
2061 3484 2178 3510 verum

1259 3536 1294 3560 ut
1305 3524 1490 3570 allegoriam
1510 3522 1648 3570 spent-s,
1673 3522 1850 3560 christum*
1866 3523 2036 3566 laudabat,
2059 3525 2116 3570 qui
2135 3534 2177 3557 ex

1259 3588 1300 3610 eo
1326 3574 1412 3610 foret
1433 3598 1441 3606 .
1468 3575 1559 3613 Tum
1580 3585 1658 3607 vero
1688 3573 1758 3609 sane
1779 3600 1790 3617 ‚
1816 3573 1854 3609 ad
1884 3574 2050 3618 Beniamin
2070 3598 2081 3614 ,
2109 3583 2179 3607 tan·

1258 3636 1355 3673 quam
1374 3635 1462 3659 aetatc
1483 3624 1644 3667 juniorem
1662 3626 1749 3659 venit
1767 3637 1776 3657 :
1801 3622 1838 3658 ac
1853 3623 1926 3659 ‘sane
1945 3618 1954 3664 ,
1983 3623 2088 3658 filium
2106 3622 2181 3667 qui·
2195 3618 2350 3664 9¹⁰0&ssss

1258 3676 1333 3709 dem
1354 3672 1609 3720 alloquebatur-z
1644 3684 1754 3708 revera
1771 3671 2080 3719 aute'mdelignarat
2099 3672 2178 3707 Pau'-
2196 3659 2284 3729 {jacob
2301 3669 2349 3728 ¹¹¹²]-

1251 3724 1324 3761 lum
1346 3749 1357 3767 ,
1383 3735 1484 3771 quem
1509 3723 1660 3759 novimus
1677 3734 1718 3758 cx
1737 3723 1801 3770 ejus
1816 3721 1909 3758 tribu
1927 3721 2177 3804 destengentern
2195 3710 2315 3779 pfe'tss'j‘

1789 3786 1809 3807 n
1823 3785 1842 3807 n
2072 3782 2122 3804 en.
2154 3793 2158 3797 .
