2652 4126
604 197 1222 262 PHoTtANA

288 293 408 336 videt,
433 303 469 330 ut
479 292 680 336 adDomini
691 295 791 343 pedes
809 297 1022 345 procideret.
1051 301 1221 335 Dominus

290 354 404 381 autem
414 353 529 380 mutos
547 345 676 381 audivit
697 345 845 383 foeminae
864 351 1049 395 cogitatuss
1076 347 1221 384 silentio-

291 406 358 442 que
370 418 382 436 ‚
402 393 553 430 silentem
563 394 710 438 sanavit,
726 394 784 432 ubi
797 397 853 433 illa
865 397 1033 434 fimbriam
1044 397 1216 445 tetigisset.

293 447 348 481 Ac
361 443 419 481 illa
429 443 583 492 quidem,
594 444 735 482 furatam
746 445 778 482 se
788 446 916 484 donum
930 447 1065 496 putabat
1075 461 1085 486 ;
1097 449 1153 485 ille
1163 462 1216 485 au·

292 501 362 533 tem
372 491 465 530 haud
475 505 642 543 quaquam
663 499 778 543 gratiae
787 496 914 535 furtum
929 496 1030 546 passus
1041 497 1110 540 est,
1136 503 1167 535 &
1179 509 1218 536 ut

292 558 310 582 a
324 543 436 586 nescio
446 542 659 583 obtineretur
669 573 677 581 .
705 548 758 582 Ac
767 547 906 594 quidem
916 546 1076 585 haetenus
1087 561 1154 584 non
1166 549 1216 585 lo-

292 598 411 642 quitur
430 607 531 642 quam
551 595 719 643 impendit
739 595 910 633 sanitatem
930 611 942 638 ‚-
969 597 1082 645 postea
1103 609 1217 635 tamen

292 643 451 690 evulgat,
476 657 544 681 non
563 657 704 692 querens
723 646 868 692 gloriam
889 662 898 683 ε
923 646 1021 684 absit.
1050 647 1115 684 Ubi
1126 651 1217 686 enim

292 694 411 742 gloriae
421 698 588 742 appetitus
599 695 765 733 miraculo
784 700 901 744 praeit?
927 697 980 734 sed
998 708 1035 735 ut
1059 698 1136 738 fidei
1158 698 1218 735 foe-

292 747 392 781 minae
402 743 530 780 fru6tus
548 742 665 781 uberes
688 746 846 782 universis
855 746 1006 784 ostendat
1027 762 1035 783 ε
1061 758 1160 796 atque
1180 759 1217 784 ut

270 832 275 845 ,ι
296 793 506 842 praesentium
517 793 601 830 alios
609 794 650 831 ad
664 798 726 832 Dei
738 800 970 844 cognitionem
982 809 1194 837 converteret
1206 812 1216 836 3

292 844 442 882 aliorum
461 857 546 881 vero
566 843 752 888 vesaniam,
777 859 856 883 cum
876 846 994 890 rebus,
1019 858 1090 885 tum
1103 847 1214 886 verbis

293 893 427 943 publice
438 905 587 930 notaret.
612 895 719 938 Vidi,
747 900 878 944 inquit,
903 910 976 944 quae
987 911 1040 934 me
1062 909 1154 935 retro
1172 909 1218 933 te-

271 981 276 987 ,
293 947 371 992 tigit
380 971 388 980 .
416 947 491 982 Nec
499 948 589 980 enim
599 958 677 982 eum
686 945 848 983 duntaxat
858 947 996 984 oculum
1008 947 1119 985 habeo
1130 974 1141 990 ,
1158 952 1217 995 qui

271 993 478 1046 :superciliis
497 993 660 1040 subjectus
679 1021 691 1039 ,
716 995 890 1043 obtegitur
901 997 1069 1046 palpebris
1087 1012 1095 1032 ε
1122 1001 1218 1046 quin·

291 1049 365 1082 imo
377 1046 477 1080 etiam
487 1045 590 1081 alium
602 1070 613 1088 ‚
638 1049 695 1093 qui
707 1057 832 1082 terram
849 1047 944 1083 simul
956 1061 993 1084 ac
1003 1061 1094 1085 mare
1112 1051 1218 1084 intue-

290 1106 348 1134 tur
357 1119 370 1138 ‚
394 1094 651 1143 universamque
661 1107 846 1134 creaturam
857 1124 865 1133 .
891 1102 1002 1134 Porro
1010 1109 1123 1137 autem,
1146 1111 1217 1134 mu-

272 1191 274 1193 ·
290 1145 355 1184 lier
366 1143 498 1182 filentio
517 1145 644 1182 accedit
655 1172 666 1189 ,
691 1146 738 1183 ob
749 1150 971 1184 reverentiam
985 1161 1022 1185 ac
1032 1153 1193 1185 timorem
1205 1173 1217 1190 ,

271 1236 274 1241 Ι
289 1197 433 1234 minime
451 1196 653 1233 tamenlicet
672 1211 680 1231 :
706 1197 788 1244 legit
808 1199 898 1233 enim
909 1201 1023 1240 Deus,
1048 1203 1147 1235 etiam
1159 1211 1218 1234 no-

116 1566 202 1598 Exod.
225 1575 269 1602 ¹4·

97 1618 128 1637 v.
143 1617 188 1637 12.

100 1676 233 1709 Mdlach.
241 1687 275 1714 4a¹

97 1727 132 1750 v·
145 1728 170 1750 ἶ.

289 1244 341 1282 bis
351 1244 560 1288 tacentibus,
585 1245 739 1283 nostrum
758 1246 913 1294 cujusque
933 1259 1097 1287 mentem3
1128 1246 1219 1285 haud

287 1295 379 1332 secus
389 1307 490 1344 atque
499 1309 562 1332 nos
573 1321 586 1339 ,
605 1308 682 1334 cum
694 1300 922 1345 percurrimus
935 1297 1059 1335 librum
1072 1326 1078 1334 .
1090 1303 1219 1346 Quam-

291 1344 415 1383 obrem
425 1350 526 1384 etiam
537 1357 667 1387 tacente
678 1347 783 1384 Mofis
795 1348 905 1393 lingua
916 1373 927 1389 ,
952 1350 1020 1393 eius
1030 1350 1143 1385 cordis
1156 1361 1215 1384 vo—

287 1396 397 1433 luntas
413 1395 627 1434 audiebatur.
653 1397 823 1445 Siquidem
837 1398 987 1434 beneficii
1006 1400 1153 1436 collator
1163 1397 1217 1434 be-

286 1447 447 1484 neficium
467 1445 636 1489 tacuisset,
662 1447 799 1496 necipsa
819 1448 906 1484 forte
926 1461 998 1496 quae
1016 1460 1190 1497 acceperat
1205 1474 1216 1490 ‚

285 1499 470 1546 quicquam
488 1496 565 1534 inde
583 1498 759 1534 commodi
776 1498 951 1534 consecuta
969 1497 1067 1542 esset,
1093 1500 1127 1536 id
1147 1511 1217 1535 tan-

285 1550 313 1583 ti
324 1546 475 1586 muneris
493 1545 578 1587 casui
599 1546 764 1587 tribuens.
790 1548 994 1586 Miraculum
1019 1548 1088 1586 hoc
1106 1549 1218 1596 adspe—

269 1599 338 1643 ,xit
358 1596 542 1636 hominum
573 1597 703 1634 infinita
722 1599 905 1639 multitudo
925 1613 934 1633 ε
960 1602 1103 1647 Spiritus
1131 1611 1216 1636 vero

285 1649 423 1685 Sanetus
443 1659 519 1684 ante
538 1648 660 1685 multas
677 1659 785 1686 aetates
796 1662 856 1698 per
875 1648 1085 1687 Malachiam
1104 1652 1218 1687 vatici·
1247 1695 1249 1699 .

286 1710 384 1736 natus
402 1697 473 1741 est,
498 1701 647 1741 orietur,
674 1702 806 1747 inquit,
830 1699 921 1737 vobis
933 1725 944 1742 ‚
969 1704 1024 1744 qui
1038 1704 1158 1737 timetis
1169 1713 1219 1736 na·

945 1797 954 1806 ⁶
975 1797 1271 1815 ⁴0¹⁶·.a⁴0·029!offi;=·2·9

286 1795 1264 1855 tetbtttteessettettetttttvsaveeeevv

289 1909 560 1999 SiR
755 1908 1234 2002 OSTRJ

1305 213 1909 263 EXC'ERPTA
2052 214 2191 287 ‘3'05

1280 310 1350 334 men
1360 311 1460 335 meum
1474 325 1485 340 ‚
1510 300 1560 336 Sol
1565 299 1691 346 justitia?
1711 315 1719 335 :
1746 301 1788 337 Θ
1802 299 1962 342 [ιιηίῒαςὶη
1980 308 2082 345 pennis
2100 307 2167 352 ejus
2186 334 2195 344 .

1280 348 1417 389 Iustitiae
1436 349 1571 396 quidem
1584 350 1695 388 solem
1707 350 1876 399 appellans
1888 352 2075 389 Dominum
2087 369 2100 394 ‚·
2119 370 2196 404 pcn-

1278 411 1334 434 nas
1345 412 1450 440 vero,
1474 399 1663 435 vestimenti
1682 401 1867 437 fimbriam.
1925 418 1932 422 -

1326 449 1501 484 Discamus
1519 449 1633 487 sanatae
1650 450 1800 486 mulieris
1820 452 2075 496 gratitudinem.
2101 460 2191 493 Cum

1275 500 1364 533 enim
1386 496 1461 534 esset
1481 511 1499 533 e
1520 502 1656 535 civitate
1667 500 1864 536 Paneadc.8.
1884 506 1899 544 ς
1917 501 1977 538 Est
1995 514 2103 540 autem
2125 504 2192 543 hoe
2282 525 2297 551 8

1275 547 1480 596 oppidulum
1498 549 1668 586 Palestinae
1685 551 1700 590 )
1718 563 1804 586 aenea
1823 549 1926 587 statua
1945 552 2192 592 sanantem-ho-
2209 546 2308 593 Statua·
2324 565 2380 603 Sy.

1276 602 1410 634 noravit
1437 612 1446 632 ι
1472 596 1562 635 haud
1583 599 1758 646 indignum
1785 605 1912 648 accepti
1941 601 2099 639 beneficii>
2122 601 2193 643 mii-
2209 602 2366 639 ἴΟΡΫὯἎῊΤ·

1278 660 1337 682 nus
1348 672 1360 690 ,
1384 646 1452 684 hoc
1464 648 1600 696 rependi
1610 648 1766 687 arbitr-ata
1777 677 1785 686 .
1812 652 1959 686 Duravit
1966 663 2077 689 autem
2089 654 2191 693 statua
2209 639 2380 714 ffiofir‘r'fiofge‘

1278 696 1316 735 ad
1328 710 1431 733 annos
1450 698 1582 745 plures,
1606 712 1663 735 eos
1674 699 1771 747 pla-ne
1789 700 1954 736 mendacii
1973 714 2113 750 arguens
2133 711 2191 753 qui
2209 721 2245 751 {ae
2257 742 2264 751 ,

1280 747 1508 792 Evangelistas
1527 752 1559 784 in
1578 753 1705 793 crimen
1725 749 1792 786 falfi
1810 749 1875 786 ausi
1895 763 2016 787 vocare
2034 779 2042 787 .
2077 753 2194 791 Nihil-

1278 809 1343 842 que
1361 797 1563 835 obstiturum
1576 798 1771 841 videbatur,
1796 810 1884 835 utne
1902 800 1943 836 ad
1960 801 2061 848 usque
2080 804 2192 842 nostra

1277 856 1432 894 tempora
1451 847 1554 884 statua
1572 848 1676 895 sospes
1696 849 1793 891 esset,
1812 862 1855 885 ac
1873 853 2054 887 etiamnum
2065 863 2192 891 utrum-

1277 908 1341 943 que
1350 897 1558 935 ostenderem
1583 909 1654 934 tum
1667 925 1678 941 ,
1704 903 1838 946 inquam
1851 924 1862 940 ,
1887 899 2041 937 divinum
2053 904 2194 941 miracu-

1277 945 1348 996 lum
1369 959 1378 984 3
1405 958 1479 984 tum
1499 959 1626 995 gratam
1650 960 1797 984 mentem
1823 949 1972 985 mulieris
1992 950 2193 991 beneficium

1275 995 1459 1033 consecutae
1478 1011 1486 1031 :
1512 997 1569 1032 nisi
1581 999 1750 1034 Maximus
1770 998 1850 1040 ille,
1874 1002 2018 1046 quiante
2028 1003 2194 1040 Constan-

1276 1049 1362 1084 tium
1374 1049 1523 1084 Romani
1538 1046 1675 1094 Imperii
1687 1060 1798 1084 arcem
1810 1052 1917 1084 tenuit
1927 1073 1940 1090 ‚
1963 1048 2074 1084 homo
2085 1052 2194 1089 idolo-

1278 1096 1383 1133 latriae
1394 1096 1545 1137 deditus,
1571 1098 1759 1145 impiusque
1779 1095 1922 1135 Christo
1935 1101 1968 1134 in
1987 1098 2090 1135 statua
2112 1105 2194 1138 invi-
2212 1100 2387 1131 AMaximi-

1276 1145 1378 1189 dens,
1403 1157 1556 1184 aeternam
1576 1147 1669 1184 illam
1687 1147 1827 1186 statuam
1847 1146 1889 1184 ab
1907 1148 2040 1196 oppido
2055 1148 2195 1188 sustulis-
2212 1141 2387 1185 '‘qs‘'b-h‘ss

1277 1195 1323 1231 set
1342 1210 1350 1234 ς
1377 1196 1505 1234 tametsi
1520 1196 1651 1233 auferre
1671 1211 1740 1234 non
1760 1201 1872 1247 potuit
1893 1210 2006 1234 rerum
2027 1199 2193 1246 gestarum
2211 1181 2385 1256 {ljhlssffgnt

1277 1250 1478 1286 memoriam
1498 1260 1506 1281 :
1534 1259 1611 1285 nam
1630 1260 1732 1292 ecce,
1758 1248 1862 1285 statua
1871 1247 2008 1296 quidem
2018 1261 2086 1286 non
2097 1251 2195 1300 appa-
2364 1243 2372 1252 ’

1277 1307 1328 1332 ret
1348 1311 1356 1333 ε
1375 1297 1595 1343 Evangelium
1606 1308 1717 1334 tamen
1728 1297 1852 1346 ubique
1864 1298 2062 1335 miraculum
2074 1301 2196 1338 elamat

1277 1357 1376 1393 atque
1395 1347 1584 1395 praedicat‚·
1597 1352 1634 1385 ac
1645 1346 1912 1384 Haemorrhousa
1924 1347 1966 1384 ab
1986 1352 2130 1386 Oriente
2148 1352 2196 1387 us-
2237 1352 2247 1364 ”

1276 1409 1341 1444 que
1359 1396 1401 1432 ad
1427 1397 1649 1435 Occidentem
1669 1398 1856 1435 celebratur
1874 1425 1882 1432 .
1909 1397 2081 1442 Quocirca
2109 1403 2198 1437 inva-

1278 1459 1359 1483 num
1379 1445 1568 1489 laboravit,
1593 1451 1650 1495 qui
1673 1452 1845 1484 materiam
1865 1446 2011 1483 senfilem
2034 1448 2171 1486 abstulit
2189 1477 2197 1486 .

1277 1499 1387 1532 Statua
1414 1500 1505 1533 enim
1532 1497 1658 1535 tametsi
1678 1501 1788 1534 erecta
1817 1502 1851 1535 &
1879 1496 2056 1545 conspicua
2078 1524 2090 1541 ,
2114 1511 2200 1535 tace·

1277 1545 1333 1582 bat
1354 1571 1365 1589 ‚
1393 1549 1537 1583 inanime
1556 1547 1710 1584 miraculi
1737 1558 1995 1584 monumentum
2015 1561 2030 1582 ⁴=
2064 1559 2096 1584 at
2115 1550 2201 1590 farm

1276 1609 1355 1637 cum
1374 1596 1527 1635 sermone
1549 1610 1619 1633 rem
1633 1595 1791 1634 assumens
1803 1623 1816 1640 ,
1841 1595 1939 1634 urbes
1958 1610 1996 1633 ac
2015 1601 2111 1634 vicos
2120 1612 2203 1646 quo-

1276 1645 1357 1685 tidie
1385 1659 1584 1695 percurrens
1603 1668 1616 1690 ,
1653 1646 1808 1684 beneficii
1840 1648 2016 1685 aufiimrem
2041 1647 2203 1696 depraedi-

1276 1707 1329 1733 cat
1341 1723 1349 1732 .
1594 1716 1596 1719 v
1828 1712 1830 1714 ’

1273 1797 1542 1850 etates&
1554 1794 2195 1870 'tetttttttsttttttttsst

1270 1883 2262 2025 *NIGEPHORI

382 2045 986 2118 PATRIARCHAE
1042 2018 2124 2132 CONSTANT‘INdPOLITANJ,

467 2186 1011 2230 VINDICATIO
1064 2161 2086 2258 TE-s‘r'tMoN11<ASTERt¹1ff
2151 2153 2195 2165 '⁹

590 2264 763 2306 trat‘statu
787 2265 829 2305 in
851 2264 1042 2310 Divitem
1061 2266 1099 2306 8:
1119 2267 1345 2332 Lanarum,
1373 2278 1424 2307 ex
1447 2277 1485 2319 a.
1504 2263 1584 2334 ejus
1607 2261 1907 2306 Antirrhetico.
1933 2314 1939 2319 .

418 2415 430 2426 ι
492 2413 495 2415 >
520 2430 523 2434 s
546 2407 549 2427 ι
593 2394 819 2432 CUNDUM
842 2389 1218 2440 producunt-Asterium

471 2447 489 2461 ⁸·
548 2435 550 2458 ἶ
585 2442 734 2480 Amastae
754 2441 962 2489 Episcopum
977 2466 988 2483 ,
1014 2444 1045 2478 in
1066 2439 1218 2477 sermone

585 2495 660 2540 quis
679 2494 746 2538 ejus
768 2495 908 2526 nomine
930 2500 1158 2538 pra-notatur,
1185 2494 1219 2525 in

586 2545 742 2578 Divitem
755 2546 788 2577 &
799 2544 962 2576 Lazarum
977 2565 988 2582 ‚
1015 2544 1047 2575 in
1060 2538 1129 2576 liaec
1149 2553 1222 2575 ver-

499 2605 529 2626 a*
550 2592 554 2651 j
586 2591 627 2629 be
647 2592 816 2628 dicentem
840 2605 848 2626 ε
885 2591 969 2635 'Noli
987 2588 1147 2632 Christum
1154 2593 1222 2635 pin-

581 2654 673 2687 gere.
700 2645 783 2683 satis
800 2644 880 2676 enim
891 2641 938 2676 illi
955 2639 995 2681 est
1005 2653 1067 2676 una
1086 2639 1142 2676 itta
1159 2652 1223 2676 cor-

282 2697 454 2742 porationis
464 2693 649 2735 humilitas,
674 2704 768 2738 quam
784 2691 897 2742 sponte⁴
914 2688 1003 2731 nostri
1021 2688 1113 2732 causa
1122 2688 1222 2733 susce-

281 2748 353 2791 pit.
380 2748 530 2795 Qim'mo
548 2741 683 2780 Verbum
703 2767 715 2785 ‚
748 2743 827 2786 quod
845 2749 948 2780 vacat
966 2750 1111 2784 corpore,
1131 2740 1223 2784 spiri-

283 2795 346 2832 tali
375 2798 495 2831 ratione
510 2798 614 2830 animo
633 2802 686 2828 tuo
707 2790 829 2836 gestans
849 2816 862 2832 ,
886 2789 1051 2832 circumfer
1068 2818 1075 2825 .
1104 2791 1220 2836 Atque

283 2844 358 2882 haec
368 2844 506 2893 quidem
519 2844 586 2880 sola
601 2868 612 2884 ‚
639 2856 713 2889 quae
723 2841 781 2877 suo
803 2838 985 2876 commoda
999 2839 1055 2877 fini
1072 2837 1217 2875 arbitra-

283 2900 310 2939 ti
323 2896 417 2938 sunt,
442 2908 486 2930 ex
501 2890 821 2930 tota-subtrahentes
841 2891 1040 2927 tractatione
1054 2914 1065 2931 ‚
1091 2901 1219 2936 propo-

284 2946 377 2987 suere
398 2959 408 2980 :
434 2944 551 2994 spretis
561 2942 698 2990 reliquis
712 2967 723 2984 ,
748 2952 905 2989 tanquam
918 2938 990 2976 haec
1007 2951 1083 2986 quae
1091 2938 1219 2985 ipfisli-

284 2995 354 3033 bita
364 2993 464 3031 essent
484 2994 709 3034 conficerent,
736 2995 811 3029 Nos
834 3003 915 3026 vero
934 3001 1047 3036 operae
1067 2992 1218 3036 'pretium

285 3047 466 3087 duximus,
492 3056 530 3082 ut
551 3058 570 3080 a
589 3045 760 3092 principio
781 3040 969 3077 sermonem
981 3037 1186 3090 resumentes
1207 3062 1220 3080 ,

284 3110 322 3134 ea
333 3095 564 3144 suppleremus
575 3120 589 3137 ‚
612 3106 686 3140 quae
703 3101 904 3139 argumento
921 3087 1212 3126 desiderabantur:

285 3159 356 3196 quo
385 3148 551 3182 nimirum
576 3145 719 3180 leetores
748 3143 931 3188 scriptoris
961 3149 1109 3175 mentem
1134 3163 1147 3180 ,
1178 3151 1219 3173 ac

286 3195 516 3246 quamobrem
536 3192 721 3242 scripserit,
748 3191 877 3227 facilius
887 3188 1100 3235 ac-iiquidius
1111 3192 1217 3236 perci-

287 3259 366 3295 pere
378 3246 516 3294 poffint.
543 3247 591 3281 Ea
604 3256 715 3292 porro
723 3242 764 3278 fic
776 3240 900 3277 habent
911 3264 920 3273 .
945 3241 1092 3284 sequitur
1099 3236 1222 3281 After-ii

287 3301 406 3341 integer
423 3296 508 3332 locus
520 3320 531 3337 ‚
550 3292 694 3338 fuoejam
709 3292 772 3331 loco
794 3293 912 3327 editus.
931 3314 933 3316 v

336 3349 407 3384 Hic
417 3358 503 3383 .vero
514 3344 665 3380 Asterius
680 3367 690 3383 ,
714 3353 877 3390 quantum
888 3353 930 3376 ex
940 3341 1104 3375 oration-is
1114 3336 1219 3373 titulo

276 3393 387 3439 ,datur
397 3395 542 3442 intelligi
553 3420 566 3437 ,
590 3406 659 3431 non
670 3391 740 3428 hoc
751 3389 980 3439 principaliter
1000 3388 1135 3424 videtur
1145 3400 1218 3435 agc-

289 3463 327 3486 re
337 3474 349 3492 ,
373 3458 411 3484 ut
422 3443 609 3495 prohibeat
626 3441 808 3480 Christum
820 3443 911 3489 pingi
923 3453 932 3477 5
958 3449 991 3475 at
1001 3451 1108 3485 neque
1120 3447 1157 3473 ut
1168 3440 1218 3485 pi-

291 3501 422 3536 &uram
441 3493 648 3532 adorandam
668 3503 783 3538 neget.
809 3490 850 3527 Id
868 3500 979 3526 autem
999 3488 1074 3524 finis
1094 3487 1216 3524 morali

290 3549 356 3586 hac
364 3547 521 3584 doetrina
534 3570 546 3587 ,
572 3542 786 3591 propositum
797 3539 920 3581 habet,
945 3546 1021 3575 cum
1040 3549 1079 3574 ut
1099 3549 1220 3586 paupe-

292 3611 370 3635 rum
389 3594 627 3644 dispensationi
645 3605 779 3629 accurae
799 3589 997 3639 provideat,
1020 3599 1095 3623 tum
1117 3598 1155 3623 ut
1173 3586 1220 3622 di-

292 3640 406 3685 vitum
434 3649 522 3683 circa
551 3649 681 3681 minuta
710 3644 910 3677 anxietatem
929 3651 949 3681 ·,
984 3637 1183 3685 perstringat
1208 3661 1219 3672 .

291 3701 385 3735 Nam
406 3698 556 3744 primum
567 3692 705 3741 quidem
719 3716 731 3733 ,
757 3687 1028 3738 quos-perscribit
1042 3712 1062 3729 ,.
1081 3687 1219 3733 religio-

292 3747 393 3784 fiores
414 3744 561 3793 appellat
582 3757 590 3779 :
619 3753 756 3788 remque
781 3766 794 3783 ‚
820 3739 994 3786 religionis
1011 3749 1097 3784 opus
1117 3748 1220 3784 agno-

295 3797 353 3835 scit
373 3812 382 3834 ε
409 3794 500 3833 haud
512 3806 596 3831 vcro
607 3795 688 3834 novi
702 3815 714 3833 ‚
739 3804 778 3827 an
790 3789 964 3838 religionis
974 3800 1055 3835 ergo
1065 3812 1077 3830 ‚
1102 3799 1139 3823 ac
1151 3788 1220 3834 pie-

1278 2392 1480 2437 tatis,·quis
1489 2402 1525 2424 ea
1546 2386 1782 2435 praeditosjure
1794 2390 1978 2434 vituperet.
2008 2390 2099 2425 Tum
2119 2402 2203 2426 vero

1280 2438 1428 2488 appellat
1447 2436 1627 2474 historiam
1646 2436 1882 2483 Evangelicam
1902 2462 1913 2479 ,
1940 2450 2039 2485 quam
2063 2439 2204 2475 irridere

1282 2503 1319 2527 ac
1337 2500 1497 2536 carpere,
1521 2490 1596 2534 quis
1616 2498 1685 2521 non
1703 2499 1720 2522 a
1739 2484 2014 2523 Christianorum
2034 2488 2133 2536 longe
2153 2502 2202 2524 re-

1283 2535 1410 2586 ligione
1428 2536 1641 2574 abhorreat?
1667 2534 1736 2572 Ubi
1758 2540 1865 2583 itaque
1893 2541 1984 2584 prius
2010 2536 2081 2574 haec
2110 2539 2203 2575 velut

1285 2588 1486 2625 laudationis
1508 2585 1614 2633 specie
1625 2583 1831 2621 edisseruiffet
1844 2611 1856 2627 ,
1878 2587 1919 2622 ad
1932 2587 2140 2636 propositum
2154 2584 2202 2622 re-

1282 2642 1446 2678 vertitur.
1472 2639 1563 2681 Quia
1582 2647 1664 2682 ergo
1685 2635 1726 2672 ad
1744 2648 1802 2671 eos
1820 2635 2007 2672 sermonem
2027 2636 2203 2679 habebat-3

1279 2692 1341 2736 qui
1361 2687 1489 2724 divitiis
1502 2685 1606 2722 saeculi
1618 2696 1712 2721 erant
1723 2685 1907 2733 locupletes
1922 2698 1936 2721 ἐ
1959 2687 2123 2734 quosdam
2134 2687 2201 2722 for-

1281 2750 1315 2774 re
1334 2738 1447 2774 insano
1456 2735 1604 2783 quodam
1615 2748 1731 2771 amore
1753 2735 1849 2771 rebus
1860 2736 1958 2772 sensui
1980 2736 2129 2782 subject-is
2147 2737 2202 2773 ad·

1278 2788 1388 2824 distos
1406 2787 1521 2823 videns
1541 2810 1553 2828 ,
1578 2784 1715 2832 ipsisque
1737 2785 1824 2821 adeo
1842 2786 2031 2822 textoribus
2053 2783 2202 2823 facessen-

1278 2850 1326 2874 tcs
1345 2840 1544 2884 negotium,
1569 2838 1670 2882 inque
1680 2834 1920 2881 Phry-gionum
1941 2836 1994 2871 illa
2018 2848 2088 2872 arte
2109 2836 2202 2871 labo·

1278 2891 1356 2924 natis
1378 2890 1494 2935 pannis
1505 2884 1615 2921 sericis
1634 2898 1671 2920 ac
1681 2885 1876 2930 Sybariticis
1895 2884 2038 2920 vestibus
2052 2886 2137 2920 male
2150 2898 2199 2920 res

1277 2936 1509 2976 consumentes
1531 2933 1598 2971 filas
1619 2948 1628 2968 ε
1652 2945 1772 2970 monet
1790 2933 1945 2981 deinceps
1966 2946 2065 2982 atque
2085 2932 2200 2969 horta·

1276 2998 1333 3024 tur
1344 3012 1356 3030 ‚
1374 2996 1411 3022 ut
1421 2984 1606 3033 superfluos
1613 2996 1653 3019 ac
1674 2982 1866 3019 ambitiosos
1877 2983 2026 3032 sumptus
2037 2983 2200 3031 ejusmodi

1277 3035 1500 3087 pretiosarum
1517 3036 1678 3081 iaetantia?
1698 3033 1840 3069 vestium
1867 3033 2031 3072 resecent5
2057 3047 2116 3069 nec
2150 3037 2200 3069 in.-

1277 3087 1520 3123 dumentorum
1543 3083 1697 3120 inutilem
1719 3081 1970 3131 possessionem,
1995 3097 2032 3119 ac
2047 3083 2200 3131 splendo-

1277 3150 1349 3174 rem
1372 3139 1481 3183 magni
1501 3135 1622 3171 saciant
1643 3159 1654 3176 ,
1679 3146 1825 3181 quorum
1854 3133 1962 3179 gloria
1981 3147 2018 3169 ac
2051 3133 2202 3180 magnifi-
2226 3159 2229 3163 ,

1278 3190 1387 3223 centia
1397 3211 1418 3228 ,›
1433 3184 1525 3221 haud
1541 3183 1629 3220 stcus
1648 3194 1747 3230 atque
1768 3186 1860 3219 verni
1876 3182 1975 3219 flores
1985 3183 2137 3225 diffluat,
2163 3193 2201 3221 ac.

1278 3234 1536 3273 citomarceseat
1555 3248 1564 3269 :
1591 3237 1703 3280 potius
1714 3232 1941 3269 vero-solliciti
1962 3233 2021 3268 sin-t
2035 3232 2080 3268 -de
2099 3235 2202 3268 animi

1277 3284 1475 3335 pretiosiore
1502 3282 1676 3320 substantia
1695 3308 1707 3325 ,
1734 3295 1872 3329 eamque
1901 3283 1989 3328 larga
2023 3286 2058 3318 in
2085 3282 2203 3317 fratres

1277 3349 1399 3382 egenos
1425 3338 1621 3382 erogatione
1653 3345 1848 3380 comparare
1876 3331 2026 3368 studeant
2054 3346 2063 3367 ε
2099 3328 2201 3379 iisqtie

1278 3384 1488 3433 sumptibus,
1515 3384 1696 3431 plurimas,
1719 3381 1840 3429 quibus
1854 3381 2043 3423 abundant,
2068 3381 2203 3417 divitias

1277 3449 1315 3472 ac
1335 3435 1417 3483 opes
1437 3433 1630 3481 impendant
1650 3459 1658 3466 .
1688 3434 1738 3467 Ac
1757 3444 1841 3466 vero
1862 3444 1897 3467 ea
1917 3429 1988 3467 sunt
2005 3444 2080 3479 quse
2107 3444 2202 3476 argu·-

1277 3489 1382 3521 menti
1393 3483 1491 3528 hujus
1514 3485 1600 3518 ratio
1611 3481 1808 3529 pollicetur.
1835 3484 1896 3516 Sin—
1910 3492 2019 3516 autem
2030 3484 2105 3527 quis
2126 3480 2202 3516 dili·

1277 3539 1407 3583 gentius
1426 3532 1572 3569 attendat
1585 3557 1596 3572 ,
1623 3530 1793 3567 Asterium
1806 3530 1902 3565 istum
1916 3531 2027 3566 laetum
2039 3529 2202 3576 quodam}-

1278 3584 1409 3626 modo,
1435 3595 1472 3618 ac
1501 3594 1600 3628 quem
1623 3582 1761 3627 pisturae
1782 3579 1885 3627 ipsum
1907 3579 2128 3626 speetaculum
2144 3578 2201 3614 de-

1277 3635 1379 3671 le&et
1392 3658 1404 3675 ,
1431 3635 1597 3669 inveniat:
1624 3642 1725 3677 quam
1737 3634 1883 3665 maxime
1893 3629 2120 3672 evangelicam
2131 3641 2203 3663 nar-

1277 3685 1427 3720 rationem
1447 3681 1613 3729 appellat,
1637 3692 1674 3715 ac
1693 3678 1885 3727 parcendc),
1911 3691 1960 3713 res
1980 3678 2073 3714 velut
2095 3677 2202 3713 oculis

1281 3733 1411 3778 subjicit
1430 3746 1438 3766 z
1462 3743 1563 3777 atque
1585 3727 1670 3776 quos
1686 3728 1808 3769 refert,
1834 3727 2055 3774 religiosiores
2076 3739 2202 3772 chm

1279 3783 1339 3820 scit
1360 3798 1368 3821 :
1394 3781 1447 3818 sed
1468 3792 1573 3828 neque
1590 3781 1677 3828 pieta
1697 3791 1733 3815 ac
1753 3777 1926 3815 coloribus
1947 3775 2093 3835 expressa
2114 3776 2169 3811 illa
2190 3800 2201 3817 ,

2067 3838 2148 3861 ima-
