2652 4126
17 1018 22 1070 ,ἶ
89 1032 161 1071 vers.
179 1042 225 1071 55.

14 1471 23 1479 '¹
67 1474 241 1511 1.Cor.4.5.

19 1600 21 1604 ·
60 1597 241 1636 2-Cor.1.31.

17 1652 19 1654 ¹
59 1657 221 1700 I’l.113.1.

526 193 606 238 ΕΤ
648 179 935 241 Ηιέπτοκ.Γ
957 179 1245 239 SEMtPEL.
1284 191 1518 242 LUQEM'
1544 181 1963 246 fflFFssRUNT·.2÷÷3.

271 282 382 307 nomen
417 282 546 313 nmmg
582 280 716 323 gratiam
753 276 1000 313 commendavit
1027 299 1036 309 .
1082 275 1195 314 Nullis

270 334 412 371 operum
441 327 566 362 meritis
604 326 862 374 praecedentibus
895 330 928 362 in
957 335 1079 363 tantam
1107 326 1196 363 eelfi-

269 373 423 410 tudinem
450 373 674 412 subvestazest
696 374 836 413 humana
863 376 995 418 natura,
1021 386 1059 411 ut
1085 387 1196 413 totum

269 422 368 460 fimul
394 423 544 460 Verbum
571 424 617 461 &2
634 438 733 468 caro,
759 425 826 463 hoc
854 426 932 470 est,
956 428 1049 462 Deus
1073 430 1107 463 &
1135 426 1197 463 ho-

251 484 359 515 .mo,
383 477 568 520 unigenitus
598 475 695 512 Filius
721 479 785 513 Dei
813 477 1004 513 diceretur.
1039 477 1117 513 Hoc
1142 490 1196 514 au-

269 532 339 559 tem
363 522 489 560 faetum
504 523 561 560 est
578 549 589 566 ,
623 537 659 561 ut
685 524 725 562 ab
748 525 810 562 illo
836 530 898 574 qui
921 536 1084 563 creaverat
1100 551 1114 570 ,
1138 540 1197 574 per

268 572 303 608 id
330 573 422 620 quod
450 585 518 609 non
556 578 726 621 perierat,
761 576 794 612 id
821 576 913 624 quod
942 579 1083 624 perierat
1108 589 1195 626 quae-

268 633 414 660 teretur.
438 624 539 660 Unde
565 629 600 660 &
618 623 675 662 hic
704 625 872 674 sequitur,
890 626 983 673 Quia
1000 625 1122 671 suavis
1147 627 1191 669 est

267 671 484 718 misericordia
512 683 568 710 tua
584 698 595 710 .
888 687 903 706 ε·
1147 696 1149 700 -

289 874 342 908 Ex
361 875 499 921 ejusdem
518 878 671 911 Sermone
697 879 767 916 XV,
787 879 819 912 r'n
842 879 1001 925 Psebmum
1012 881 1166 915 CXVIII.

569 928 653 975 vers.
678 941 730 974 55.
751 942 835 966 num.
859 943 892 976 7.
988 950 992 952 ν

380 1028 477 1061 Emor
495 1051 506 1068 ,
542 1031 647 1076 inquit
667 1053 677 1070 ‚
699 1028 752 1073 fui
777 1029 809 1062 in
837 1028 1082 1064 noHenominis
1107 1031 1158 1065 tui
1183 1058 1194 1076 ‚

404 1077 563 1120 Domine,
589 1078 631 1110 (θ’
655 1077 816 1119 custodivi
842 1080 941 1125 legem
970 1089 1057 1112 tuam
1076 1106 1084 1114 .
1110 1086 1193 1119 Nox

260 1125 308 1162 est
332 1126 386 1162 illa
414 1124 605 1170 humilitas,
632 1128 688 1165 ubi
717 1129 763 1166 est
792 1130 996 1166 mortalitatis
1021 1143 1194 1171 aerumna5

260 1189 329 1211 nox
349 1174 395 1212 est
422 1179 454 1212 in
485 1177 634 1226 superbis
663 1182 773 1228 inique
802 1177 973 1227 agentibus
1001 1179 1102 1227 usque
1129 1181 1193 1217 val-

259 1226 303 1261 de
323 1251 336 1268 ‚
360 1239 427 1263 nox
455 1230 488 1262 in
519 1229 620 1264 taedio
643 1241 660 1264 a
689 1229 915 1276 peccatoribus
940 1229 1192 1278 derelinquenti-

259 1274 321 1312 bus
351 1276 455 1322 legem
485 1280 581 1316 Deii
617 1291 686 1314 nox
713 1278 760 1316 est
779 1278 950 1326 postremo
978 1283 1009 1315 in
1040 1279 1119 1316 loco
1140 1295 1192 1328 pe-

258 1329 487 1372 regrinationis
515 1326 615 1373 hujus
636 1354 645 1369 ,
664 1329 778 1365 donec
806 1334 914 1366 veniat
945 1332 1133 1373 Dominus,
1158 1335 1193 1367 δε

259 1375 426 1413 illuminet
453 1376 642 1414 abscondita
679 1379 882 1416 tenebrarum
909 1385 944 1417 &
978 1380 1192 1418 manifestabit

258 1426 389 1462 confina
427 1428 538 1463 cordis
558 1454 567 1469 ‚
603 1428 636 1463 &
665 1436 744 1465 tunc
780 1429 847 1465 laus
874 1433 936 1465 erit
966 1433 1144 1477 unicuique
1173 1444 1190 1466 a

260 1478 340 1512 Deo
358 1504 365 1512 .
403 1481 441 1512 In
458 1476 521 1513 hac
548 1489 631 1525 ergo
648 1480 747 1515 noae
776 1493 905 1516 memor
930 1478 1040 1517 homo
1059 1479 1117 1516 esic
1137 1481 1190 1517 de-

258 1525 315 1563 bet
344 1530 487 1563 nominis
517 1530 582 1565 Dei
605 1553 618 1570 ‚
653 1539 689 1564 ut
715 1533 770 1576 qui
801 1529 982 1576 gloriatur,
1008 1533 1040 1566 in
1072 1533 1191 1579 Domi·

259 1589 305 1612 no
333 1576 494 1623 glorietur
521 1592 531 1613 t
564 1590 704 1626 propter
731 1581 822 1627 quod
855 1582 895 1623 ’ἃ
922 1579 1004 1615 illud
1034 1579 1191 1627 scriptum

257 1626 305 1662 est
324 1652 336 1670 ,
369 1631 450 1663 Non
470 1626 566 1664 nobis
583 1653 595 1671 ,
623 1630 792 1672 Domine,
818 1642 883 1664 non
915 1629 1031 1671 nobis,
1059 1630 1111 1666 sed
1131 1642 1192 1666 no-

256 1680 336 1713 mini
355 1688 428 1712 .tuo
455 1677 495 1713 da
520 1677 686 1723 gloriam.
723 1683 774 1715 Sic
799 1682 887 1715 enim
915 1680 1051 1727 quisque
1072 1692 1138 1715 non
1163 1684 1192 1715 in

256 1726 310 1763 sua
328 1752 340 1770 ‚
374 1726 427 1763 sed
454 1731 487 1763 in
516 1725 581 1765 Dei
609 1728 714 1775 gloria
745 1755 755 1772 ,
800 1732 812 1769 (
842 1733 918 1777 quia
947 1743 1007 1765 nec
1036 1733 1068 1764 in
1108 1730 1159 1765 sua
1181 1754 1192 1772 ,

254 1776 309 1813 sed
340 1781 373 1812 in
406 1779 468 1812 Dei
497 1777 618 1821 justitia
638 1803 650 1821 ,
683 1779 716 1815 id
734 1779 778 1816 est
806 1805 816 1822 ‚
851 1793 868 1815 a
898 1783 976 1816 Deo
1005 1778 1060 1815 sibi
1091 1779 1193 1815 dona-

253 1837 288 1864 ta
307 1851 321 1869 ,
353 1827 368 1867 )
394 1826 539 1864 custodit
567 1827 672 1875 legem
703 1831 770 1866 Dei
795 1844 804 1865 ι
839 1829 917 1865 ficut
939 1829 997 1866 iste
1023 1833 1090 1871 eit,
1118 1830 1191 1861 Me-

252 1888 321 1911 mor
342 1876 396 1922 fui
421 1875 455 1909 in
483 1875 574 1911 neele
599 1878 737 1912 nominis
765 1879 836 1922 tui,
866 1879 1003 1913 Domine
1020 1904 1032 1921 ‚
1063 1878 1109 1911 δ’
1138 1891 1192 1912 cu-

245 1924 379 1967 stodivi
403 1926 504 1972 legem
531 1936 618 1960 tuam
639 1953 648 1962 .
685 1932 795 1977 Qam
830 1942 897 1965 non
924 1926 1113 1965 custodisset
1133 1955 1142 1970 ‚
1169 1929 1192 1965 ss

10 2027 15 2054 ’Ἴ
53 2050 214 2091 mum.

251 1979 287 2012 in
313 1976 366 2012 sua
397 1979 519 2013 virtute
545 1978 718 2014 confidens
747 2005 759 2023 ,
795 1983 951 2016 nominis·
970 1982 1035 2016 Dei
1064 1991 1192 2016 memor

251 2038 320 2062 non
347 2024 481 2067 fuisset,
515 2028 738 2075 Adiutorium
765 2034 855 2066 enim
886 2027 1037 2066 nostrum
1064 2032 1098 2064 in
1130 2041 1192 2065 no-

183 2120 190 2129 x
252 2079 342 2112 mine
365 2078 508 2113 Domini
517 2103 526 2112 .

75 2440 148 2479 Verfi
165 2443 213 2479 67.

56 2482 133 2512 Gen.
149 2491 237 2520 3·1⁷·

0 2747 2 2827 Ξ
61 2776 145 2810 Rom.
155 2779 183 2810 8.
194 2790 237 2811 20.

93 3291 166 3334 Verfi
184 3301 249 3330 150.

253 2275 304 2308 Ex
325 2273 472 2320 'eiusdem
498 2275 646 2307 Sermone
666 2275 770 2309 XVII.
798 2275 832 2308 in
858 2275 1001 2310 eamdem
1030 2275 1197 2322 Psalmum

465 2323 623 2357 CXVIII.
643 2323 729 2370 vet-ſs
758 2328 816 2371 67.
836 2337 921 2360 num.
946 2338 995 2371 5.,-

334 2421 510 2468 Riusquam
537 2421 727 2456 humiliarer
745 2449 759 2467 ‚
784 2427 894 2471 inquit
914 2451 924 2467 ,
953 2436 1010 2469 ego
1039 2423 1163 2468 deliqui
1182 2438 1196 2462 ς

308 2489 311 2491 -
352 2471 686 2519 propterea-verbum
717 2481 805 2506 tuum
823 2497 835 2514 ,
872 2473 930 2509 vel·
955 2474 1036 2510 ficut
1066 2473 1117 2509 alii
1138 2485 1193 2510 ex-

256 2525 390 2573 preffius
409 2521 533 2560 habent
545 2547 555 2564 ‚
579 2531 752 2567 propterea
771 2521 927 2567 eloquium
949 2533 1041 2556 tuum
1061 2522 1196 2563 custodi-

255 2575 296 2608 vi
317 2587 326 2610 ε
353 2577 467 2620 utique
484 2585 524 2608 ne
541 2573 670 2609 rursum
689 2571 899 2609 humiliarer.
925 2575 1034 2620 Qod
1052 2572 1193 2614 adillam

255 2621 525 2662 humiliationem
553 2622 671 2671 melius
699 2622 859 2664 refertur,
885 2634 959 2668 quse
988 2623 1071 2659 facia
1090 2623 1136 2659 est
1159 2626 1192 2657 in

257 2675 392 2717 Adam,
417 2677 450 2709 in
469 2685 540 2720 quo
558 2675 671 2709 omnis
700 2684 844 2709 creatura
864 2670 1005 2708 humana
1026 2685 1191 2719 tamquam

258 2729 292 2761 in
322 2724 430 2761 radice
456 2727 569 2759 vitiata
588 2747 600 2765 ‚
624 2726 785 2770 quoniam
814 2725 947 2758 ueritati>
970 2721 1111 2767 subjesta
1140 2720 1199 2757 elle

259 2788 329 2812 non
357 2773 467 2810 voluit
496 2799 509 2817 ,
543 2771 757 2816 subjecieaest
787 2774 916 2808 vanitati
940 2796 949 2806 .
984 2772 1089 2817 Quod
1120 2772 1199 2808 vafis

259 2824 491 2862 misericor-dite
510 2822 638 2871 profuit
666 2825 809 2871 experiri
835 2847 845 2864 ‚
869 2832 906 2857 ut
935 2822 1061 2867 dejecta
1089 2821 1200 2869 super-

260 2875 313 2912 bia
339 2873 496 2920 diligatur
524 2872 714 2910 obedientia
734 2897 747 2915 ‚
781 2877 814 2912 &e
847 2882 962 2919 pereae
986 2884 1055 2907 non
1074 2872 1199 2910 reditu-

261 2939 297 2962 ra
325 2923 473 2962 miseria.

2069 214 2179 271 259

1255 281 1365 314 anima·
1397 283 1547 327 proprius
1573 286 1793 329 estnequam
1823 284 1921 328 gestat
1944 313 1950 321 .
1977 288 2178 337 Propinqua·

1255 339 1373 364 verunt
1393 342 1472 376 ergo
1492 330 1746 378 persequentes;
1771 334 1948 380 affligendo
1967 340 2082 376 eorum
2109 352 2177 378 car·

1255 390 1328 414 nem
1349 403 1360 420 ‚
1395 388 1479 427 quos
1506 381 1783 430 'persequebantur
1798 409 1807 418 .
1842 385 1909 423 Sed*
1929 388 2059 424 tit'tende
2084 391 2176 434 quod

1255 426 1399 474 sequitur
1425 444 1434 466 ς
1472 431 1508 462 ,Α
1532 430 1612 476 lege·
1628 438 1736 467 autem
1756 442 1827 467 ‘tua
1850 434 2050 480 longe>qu
2075 438 2148 479 lunt
2166 467 2176 476 ,

1254 481 1392 522 Quanto
1419 482 1519 526 inagis
1550 485 1852 530 propinquaverunt
1880 486 2109 533 persequendis
2125 491 2178 536 ju·

1240 526 1339 570 stis,
1374 538 1467 564 tanto
1503 534 1602 576 magis
1627 532 1727 577 longe
1755 534 1836 575 saffi-
1867 536 1941 574 sunt
1969 543 1986 572 a*
2022 537 2177 582 iustitis.

1254 577 1317 613 Sed
1346 577 1436 624 quidv
1460 576 1715 617 nocuerunt‘eis
1745 607 1755 625 ‚
1798 583 1922 631 quibus
1954 586 2178 634 persequendo

1249 632 1556 676 propinquaverunt
1584 657 1596 675 ,
1626 633 1765 679 vquando
1795 637 1937 673 interior*
1958 634 2004 672 est
2043 641 2177 686 propin*-

1243 681 1363 761 ·?tiatio
1390 681 1532 752 [ζοιῐιὶηί
1562 685 1724 726 eorum]
1766 696 1784 720 a
1812 697 1883 736 quo
1911 686 2092 726 nullatenus
2121 688 2175 726 de·

1262 739 1415 763 ciunturv.
1591 740 1596 750 ²
2127 753 2133 757 -

1282 925 1335 961 Ex
1362 928 1505 979 ejiesdem
1531 931 1735 965 enarratione
1755 933 1787 966 in
1809 934 1971 980 Psalmum
1993 912 2166 974 σΧΧΗᾸ

1568 980 1652 1026 vers.
1675 994 1706 1026 3.
1726 995 1810 1020 num.
1833 997 1866 1031 7.
2121 1003 2128 1009 “

1252 1077 1508 1167 AUdiamus
1534 1093 1652 1118 vocem
1685 1080 1833 1119 hominis
1859 1089 1914 1132 qui
1944 1086 2075 1133 vapulat
2094 1112 2106 1131 ,
2139 1090 2175 1124 δε

1248 1148 1254 1152 -
1371 1129 1434 1165 fint
1467 1130 1534 1167 ista:
1568 1132 1819 1180 uniuscujusque
1855 1133 2003 1172 nostrum
2039 1137 2176 1182 voces',

1250 1181 1286 1214 δε
1311 1179 1444 1226 quando
1477 1180 1571 1217 nobis
1597 1181 1678 1220 bene
1710 1182 1782 1219 est·
1818 1186 1904 1220 Nam
1930 1190 2002 1234 quis
2036 1199 2104 1222 non
2129 1191 2177 1223 in-

1246 1226 1378 1275 telligat
1403 1230 1556 1277 vapulare
1580 1231 1612 1269 se
1633 1233 1771 1279 quando
1794 1245 1928 1280 aegrotat
1948 1261 1957 1277 ‚
1983 1238 2117 1284 quando
2143 1240 2179 1272 in

1250 1290 1378 1314 earcere
1397 1278 1464 1322 est,
1489 1282 1623 1328 quando
1641 1282 1727 1320 forte
1751 1286 1784 1319 in
1805 1293 1935 1329 catena,
1960 1287 2094 1333 quando
2113 1287 2180 1323 for·

1249 1338 1283 1363 te
1307 1327 1449 1365 latrones
1468 1335 1612 1378 patitur?
1638 1333 1784 1380 Quando
1808 1332 1849 1370 ab
1873 1334 2034 1382 aliquibus
2054 1340 2180 1385 impro³

1250 1376 1298 1412 bis
1324 1381 1352 1414 ei
1378 1379 1494 1426 aliquae
1528 1382 1684 1420 molestiae
1709 1387 1898 1431 irrogantur
1915 1409 1927 1427 ,
1962 1385 2056 1422 sentit
2080 1387 2184 1434 vapub

1250 1427 1316 1463 lai-e
1343 1428 1400 1464 se.
1427 1431 1568 1476 Magnus
1595 1431 1699 1469 sensus
1725 1432 1772 1469 est
1791 1459 1801 1476 ‚
1836 1434 1953 1470 videre
1974 1439 2050 1482 quia
2075 1448 2178 1483 vapu-

1250 1477 1294 1512 lat
1321 1481 1354 1514 &
1379 1481 1515 1525 quando
1540 1481 1585 1516 illi
1613 1481 1695 1519 bene
1719 1482 1788 1525 est,
1814 1487 1896 1521 Non
1920 1488 2011 1521 enim
2034 1489 2078 1521 ait
2096 1489 2184 1522 Scriae

1253 1539 1348 1574 ptura
1373 1532 1405 1564 in
1432 1529 1498 1571 Job
1517 1556 1529 1574 ,
1563 1532 1818 1570 Tentationibus
1850 1532 1993 1571 abundat
2026 1539 2092 1571 vita
2117 1535 2181 1573 hm

1251 1601 1274 1620 ‚‚
1300 1590 1421 1614 mana:
1448 1580 1501 1616 sed
1526 1584 1591 1629 ait,
1617 1584 1794 1630 Numquid
1820 1595 1887 1619 non
1913 1588 2051 1621 tentatio
2068 1584 2114 1621 est
2133 1590 2337 1635 vi-Job.7.1·

1250 1638 1333 1670 „tta
1359 1627 1500 1666 humana
1527 1631 1624 1678 super
1650 1636 1794 1670 terram?
1818 1634 1943 1670 Totam
1962 1634 2062 1682 ipsam
2082 1639 2183 1672 vitam

1252 1682 1463 1715 tentationem
1497 1681 1608 1718 dixit.
1643 1686 1765 1719 Omnis
1799 1694 1880 1729 ergo
1907 1687 1973 1719 vita
1998 1695 2052 1721 tua
2089 1685 2184 1732 super

1252 1737 1373 1763 terram
1393 1753 1403 1768 ‚
1431 1729 1532 1774 plagae
1559 1743 1623 1768 tuae
1649 1733 1742 1769 sunt.
1770 1732 1891 1778 Plange
1914 1734 2073 1781 quamdiu
2099 1738 2182 1770 viVIs

1251 1779 1284 1812 in
1311 1788 1426 1813 terra:
1452 1778 1518 1814 five
1545 1781 1684 1817 feliciter
1710 1785 1819 1824 vivas,
1845 1782 1909 1818 five
1934 1786 1967 1817 in
1993 1783 2099 1830 aliqua
2126 1787 2186 1819 tri·

1250 1825 1419 1862 bulatione
1443 1827 1642 1866 constitutus
1679 1831 1716 1867 fis
1733 1857 1743 1873 ‚
1778 1830 1882 1867 clama
1901 1857 1913 1873 ,
1939 1833 1995 1868 Ad
2022 1844 2054 1868 te
2079 1833 2184 1869 levavi

1249 1952 1273 1970 ,‚
1299 1929 1464 1969 Domini,
1488 1932 1545 1974 qui
1575 1940 1605 1965 te
1631 1932 1716 1975 juffit
1740 1930 1846 1972 caedi,
1870 1934 1924 1966 eui
1950 1931 2032 1966 dicis
2057 1935 2092 1966 in
2118 1932 2185 1967 alio

1251 2001 1274 2018 ‚‚
1303 1975 1460 2019 Psalmo,
1496 1982 1636 2025 Propter
1663 1983 1869 2025 iniquitatem
1906 1979 2040 2015 erudisti
2074 1978 2184 2018 honsi-

1252 2038 1329 2061 nem
1347 2051 1359 2068 ,
1393 2029 1430 2062 &⁴
1453 2026 1614 2064 tabescere
1641 2028 1741 2065 fecisti
1768 2029 1850 2065 ficut
1874 2041 2019 2068 araneam
2045 2033 2186 2067 animam

1250 2089 1387 2112 meam:
1414 2076 1515 2113 clama
1541 2078 1579 2115 ad
1606 2091 1720 2115 manus
1745 2080 1924 2121 caedentis,
1950 2083 1984 2116 δε
2008 2080 2084 2124 die,
2108 2081 2180 2114 Mi-

1241 2125 1315 2169 stre
1341 2124 1460 2168 nostri,
1488 2126 1654 2172 Domini,
1679 2127 1827 2173 miserere
1850 2126 1951 2168 nostri
1968 2156 1976 2164 .
2003 2133 2085 2167 Non
2109 2130 2187 2167 sunt

1247 2175 1322 2211 istae,
1341 2188 1440 2212 voces
1463 2177 1647 2224 vapulantis
1667 2180 1680 2214 ἓ
1706 2177 1826 2224 Misere
1850 2176 1951 2220 nostri
1970 2203 1981 2222 ,
2008 2179 2145 2213 Domine
2171 2205 2187 2226 a

1255 2221 1400 2269 miserere
1426 2223 1563 2265 nostri(

1279 2422 1331 2454 Ex
1360 2424 1500 2468 ejusdem
1525 2426 1724 2460 enarratione
1744 2426 1776 2459 in
1799 2426 1963 2472 Psasmum
1993 2428 2165 2466 CXXIII:

1571 2476 1659 2521 vers.
1683 2489 1712 2523 3,
1732 2488 1818 2512 num.
1847 2489 1876 2522 ς.
1935 2491 1937 2494 ’

1257 2573 1517 2666 QUomodo
1544 2586 1626 2620 ergo
1652 2574 1699 2611 illi
1726 2575 1828 2609 vivos
1855 2569 2081 2623 abfhrbutffiv‘nt
2108 2591 2182 2624 nos,

1376 2621 1438 2662 nili
1463 2624 1539 2668 quia
1561 2624 1718 2658 Dominus
1745 2635 1818 2659 erat
1842 2626 1875 2659 in
1893 2626 2002 2661 nobis.
2030 2631 2186 2672 Suri-exe‹

1252 2682 1329 2706 runt
1355 2676 1442 2708 enim
1461 2672 1556 2709 multi
1586 2675 1806 2722 persecutores
1831 2676 2027 2725 aliquand0‚
2053 2682 2189 2718 &nune

1260 2733 1326 2755 non
1355 2722 1473 2758 desunt
1492 2748 1500 2755 .
1527 2725 1724 2770 Singillatim
1749 2726 1922 2772 insurgunt
1940 2752 1956 2769 ‚
1977 2731 2011 2767 &
2039 2729 2185 2775 aliquan-

1257 2768 1305 2806 do
1330 2775 1425 2807 vivos
1447 2771 1624 2810 absorbent
1639 2801 1651 2818 ‚
1680 2774 1732 2811 fed
1759 2789 1793 2812 m
1819 2775 1939 2821 quibus
1964 2789 2030 2811 non
2057 2777 2102 2813 est
2115 2782 2187 2815 Do·

1258 2825 1364 2857 minus
1384 2847 1393 2855 .
1429 2823 1515 2858 Ideo
1547 2834 1622 2859 ante
1657 2828 1773 2862 omnia>
1805 2825 1853 2861 illi
1877 2822 2078 2869 *dixeruntj
2112 2826 2190 2868 Nisi·

1257 2871 1334 2913 quia
1362 2871 1523 2905 Dominus
1547 2882 1620 2905 erat
1643 2873 1675 2906 in
1702 2874 1817 2910 nobis:
1852 2879 1928 2921 quia
1953 2875 2048 2910 multi
2076 2876 2186 2913 abibi·-

1256 2919 1376 2956 bentui·
1395 2946 1408 2962 ‚
1433 2925 1465 2956 in
1491 2921 1617 2968 quibus
1638 2937 1704 2959 non
1733 2923 1778 2959 est
1803 2926 1973 2961 Dominus
1992 2949 2000 2958 .
2035 2927 2082 2960 Hi
2111 2927 2191 2966 fiant

1256 2974 1314 3016 qui
1342 2973 1408 3007 vivi
1433 2970 1652 3008 absorbentur
1669 2999 1680 3015 ‚
1716 2977 1772 3020 qui
1798 2973 1904 3010 sciunt
1938 2973 2060 3010 malum
2087 2974 2143 3011 effe
2168 3002 2189 3022 ,¹

1256 3023 1290 3055 &
1323 3020 1431 3067 lingua
1457 3022 1667 3058 consentiunt
1690 3051 1696 3058 .
1732 3026 1968 3063 Surrrexerunt
1994 3023 2082 3060 enim
2109 3028 2185 3071 qui·-

1188 3089 1192 3092 «
1255 3070 1331 3106 dam
1359 3071 1598 3118 persecutores,
1624 3072 1821 3109 &dixerunt
1846 3071 2061 3115 hominibus,
2088 3073 2186 3110 Thu-

266 3128 318 3162 Ex
338 3124 476 3171 ejusdem
497 3127 648 3159 Sermone
667 3126 799 3162 XXIX.
815 3123 850 3158 in
865 3124 1013 3158 eumdem.
1031 3123 1199 3171 Psalmum'>

474 3175 629 3211 CXVIII.
651 3175 735 3221 vers]
750 3188 828 3223 150.
847 3186 929 3212 num.
943 3187 976 3221 7.

373 3275 724 3322 Ppropinquaverum,
749 3279 856 3322 inquit
873 3301 885 3318 ‚
907 3275 1131 3321 persequentes
1148 3287 1197 3310 me

399 3325 571 3371 iniquitate
600 3340 609 3359 ε
645 3325 698 3360 vel
726 3350 735 3367 ‚
769 3326 852 3362 ficut
879 3324 1031 3362 nonnulli
1069 3327 1198 3363 codices

268 3377 415 3419 habent,
440 3375 567 3420 inique.
593 3376 693 3411 Tunc
718 3374 988 3423 appropinqua-nt
1008 3379 1067 3421 qui
1095 3377 1200 3423 perse<

270 3438 418 3476 quuntur
439 3450 450 3468 ,
482 3424 618 3471 quando
643 3425 744 3471 usque
771 3427 813 3461 ad'
839 3438 968 3464 carnem
996 3427 1198 3462 cruciandam

271 3476 564 3526 perimendamque
591 3477 786 3522 perveniunt
812 3503 820 3510 .
855 3475 954 3512 Unde
983 3473 1124 3511 Pialmus
1153 3479 1199 3510 vi-

271 3527 570 3575 gefimus-primus
589 3549 601 3566 ‚
638 3524 694 3561 ubi
724 3526 825 3572 paffio
852 3527 992 3560 Domini
1020 3525 1197 3572 propheta-

273 3589 306 3615 ta
333 3576 382 3612 est
400 3601 413 3619 ,
446 3579 502 3611 Ne
528 3574 670 3611 discedas
689 3601 700 3617 ‚
726 3578 834 3621 inquit
853 3599 862 3615 ,
888 3587 905 3609 a
932 3587 1014 3611 me;
1041 3578 1198 3621 quoniam

272 3626 444 3664 tribulatio
473 3629 622 3672 proxima
650 3623 697 3660 est
727 3638 735 3659 :
778 3636 855 3660 cum
885 3636 920 3658 ea
947 3624 1098 3659 dicantur
1126 3637 1200 3674 quae

274 3689 341 3712 non
368 3678 562 3712 imminente
579 3701 591 3718 ‚
627 3672 682 3710 sed
702 3675 764 3718 jam
795 3672 948 3721 praesente
975 3673 1039 3721 ipsi
1061 3675 1200 3719 paffione

275 3725 438 3775 perpessus
467 3725 513 3760 est
541 3742 558 3760 .·
585 3723 648 3759 Sed
676 3726 860 3770 proximam
898 3722 981 3758 dixit
1017 3722 1200 3759 tribulatio-

273 3788 351 3815 nem
369 3801 383 3821 ,
415 3786 488 3822 quae
512 3773 613 3810 fiebat
640 3777 675 3811 in
704 3785 797 3811 carne
825 3788 837 3810 .-
882 3770 967 3810 nihil
1003 3771 1049 3810 cst
1077 3776 1202 3821 quippe,

342 3838 345 3841 ·
377 3827 415 3860 S.
435 3822 606 3871 Prosperi.

1256 3120 1381 3156 rificate
1400 3146 1409 3161 ‚
1442 3121 1466 3157 fi
1492 3132 1560 3157 non
1596 3122 1735 3159 feceritis
1756 3149 1766 3163 ‚
1801 3123 1984 3163 occidimus
2009 3136 2070 3159 vos
2087 3149 2094 3156 .
2129 3123 2192 3160 Ill?

1254 3183 1444 3207 amaverunt
1469 3171 1552 3207 hanc
1581 3175 1680 3207 vitam
1701 3197 1712 3214 ,
1745 3177 1780 3208 &
1805 3172 1950 3209 dulcedo
1976 3176 2052 3208 vitae
2079 3172 2188 3218 hujus·

1257 3223 1364 3256 tenuit
1389 3233 1446 3257 eos
1466 3249 1474 3257 .
1511 3225 1590 3258 Non
1616 3222 1690 3267 plus
1724 3222 1911 3265 dilexerunt
1948 3235 2079 3270 eaquae
2106 3236 2182 3270 pro-

1257 3269 1341 3306 misit
1368 3273 1489 3314 θεῶ-’5
1524 3284 1623 3319 quam
1649 3284 1684 3307 ea
1711 3285 1783 3317 quae
1817 3271 1970 3308 videbant
2005 3275 2036 3307 in
2065 3283 2149 3308 terra

1256 3319 1315 3356 Illa
1341 3325 1431 3357 enim
1456 3321 1588 3357 credere
1613 3321 1835 3367 jubebantur,
1863 3334 1938 3369 quae
1963 3322 2111 3358 nondum
2137 3325 2185 3363 viav

1257 3369 1378 3407 debant
1399 3394 1411 3412 ‚
1438 3369 1502 3411 ‚ista
1527 3384 1603 3419 quae
1627 3371 1774 3407 amabant
1809 3370 1988 3407 videbant.
2024 3371 2099 3407 Plus
2133 3385 2185 3407 re-

1258 3423 1398 3456 tinentes
1423 3421 1457 3455 ea'
1483 3423 1557 3465 'quae
1584 3420 1738 3456 videbant
1754 3445 1765 3462 ,
1800 3420 2007 3456 exciustrunt
2032 3422 2073 3457 de
2110 3429 2185 3456 cor*

1257 3470 1354 3507 dibus
1381 3471 1568 3505 Dominum
1589 3485 1599 3505 ε
1633 3473 1666 3505 &
1692 3472 1768 3517 quia
1795 3483 1862 3506 non
1890 3483 1958 3506 erat
1983 3475 2014 3506 in
2041 3474 2085 3506 eis
2113 3474 2185 3506 Do-

1259 3523 1365 3556 minus
1383 3543 1395 3561 ‚
1421 3522 1487 3554 vivi
1512 3518 1656 3566 absorpti
1684 3520 1757 3556 sunt
1776 3547 1784 3555 .
1812 3521 1905 3565 Quid
1933 3519 1979 3556 est
1999 3546 2011 3563 ‚
2037 3519 2184 3556 vivi-ab-

1258 3569 1361 3618 sorpti
1386 3567 1459 3604 fiint
1476 3594 1485 3603 .
1520 3568 1765 3608 Thurificando
1789 3569 1907 3611 idolis,
1951 3570 2084 3605 scientes
2108 3572 2186 3616 quia

1259 3618 1345 3655 nihil
1370 3617 1415 3654 est
1439 3617 1567 3654 idolum
1587 3646 1595 3653 .
1631 3621 1715 3656 Nam
1752 3619 1785 3653 fi·
1807 3618 1931 3665 aliquid
1959 3630 2111 3666 putarent
2137 3618 2185 3655 es-

1260 3669 1290 3705 se
1317 3668 1444 3704 idolum
1464 3693 1476 3709 ,
1503 3671 1627 3703 mortui
1654 3667 1906 3704 absorberentur-
1927 3682 1949 3704 ε·Ὗ
1972 3681 2049 3704 cum
2074 3681 2186 3705 autem·

1261 3729 1393 3766 putant·
1412 3715 1494 3752 nihil
1530 3715 1588 3752 ess‘e
1621 3717 1748 3754 idolum
1768 3742 1781 3761 ‚
1811 3722 1845 3753 &
1880 3730 2045 3755 noverunt,
2075 3721 2187 3753 omnia-

1260 3768 1312 3806 iila
1346 3767 1539 3805 Gentilium
1571 3779 1650 3804 vana
1683 3766 1745 3804 effe
1767 3792 1782 3812 ,
1813 3771 1933 3805 vivunt
1961 3793 1975 3813 ‚
2008 3772 2043 3805 ἃς
2078 3778 2184 3802 tamen

1806 3830 1839 3853 Η
2051 3828 2129 3852 cuin

1250 1877 1368 1911 oeulos
1393 1890 1484 1913 meos
1521 1884 1578 1927 qui
1614 1879 1742 1917 habitas
1776 1883 1809 1916 in
1836 1879 1946 1917 caelo.
1979 1881 2036 1919 Ad
2070 1895 2186 1919 manus
2206 1860 2378 1930 liss138.0·

2230 2057 2302 2097 Vers-
2312 2069 2342 2098 3·
