<?xml version="1.0" encoding="UTF-8"?>
<!DOCTYPE html PUBLIC "-//W3C//DTD XHTML 1.0 Transitional//EN"
    "http://www.w3.org/TR/xhtml1/DTD/xhtml1-transitional.dtd">
<html xmlns="http://www.w3.org/1999/xhtml" xml:lang="en" lang="en">
 <head>
  <title>
</title>
<meta http-equiv="Content-Type" content="text/html;charset=utf-8" />
  <meta name='ocr-system' content='tesseract 3.04.00' />
  <meta name='ocr-capabilities' content='ocr_page ocr_carea ocr_par ocr_line ocrx_word'/>
</head>
<body>
  <div class='ocr_page' id='page_1' title='image "./sanctiprosperiaq00prosuoft_0777.png"; bbox 0 0 2652 4126; ppageno 0'>
   <div class='ocr_carea' id='block_1_1' title="bbox 534 213 1918 275">
    <p class='ocr_par' dir='ltr' id='par_1_1' title="bbox 534 213 1918 275">
     <span class='ocr_line' id='line_1_1' title="bbox 534 213 1918 275; baseline -0.001 -3"><span class='ocrx_word' id='word_1_1' title='bbox 534 227 615 272; x_wconf 75' lang='grc' dir='ltr'>ΕΤ</span> <span class='ocrx_word' id='word_1_2' title='bbox 657 213 921 274; x_wconf 77' lang='lat' dir='ltr'>HisToR.</span> <span class='ocrx_word' id='word_1_3' title='bbox 961 213 1247 273; x_wconf 58' lang='lat' dir='ltr'>Samium„</span> <span class='ocrx_word' id='word_1_4' title='bbox 1288 228 1506 274; x_wconf 68' lang='lat' dir='ltr'>Lucem</span> <span class='ocrx_word' id='word_1_5' title='bbox 1552 229 1918 275; x_wconf 73' lang='lat' dir='ltr'>AFFERUNT.</span> 
     </span>
    </p>
   </div>
   <div class='ocr_carea' id='block_1_2' title="bbox 87 304 1216 707">
    <p class='ocr_par' dir='ltr' id='par_1_2' title="bbox 290 304 1213 468">
     <span class='ocr_line' id='line_1_2' title="bbox 291 304 1212 355; baseline 0.004 -13"><span class='ocrx_word' id='word_1_6' title='bbox 291 307 321 342; x_wconf 88' lang='lat' dir='ltr'>ti</span> <span class='ocrx_word' id='word_1_7' title='bbox 345 304 581 346; x_wconf 69' lang='lat' dir='ltr'>inobedientia</span> <span class='ocrx_word' id='word_1_8' title='bbox 603 307 714 346; x_wconf 77' lang='lat' dir='ltr'>debita</span> <span class='ocrx_word' id='word_1_9' title='bbox 739 310 915 355; x_wconf 75' lang='lat' dir='ltr'>redditur,</span> <span class='ocrx_word' id='word_1_10' title='bbox 939 313 975 347; x_wconf 88' lang='lat' dir='ltr'>in</span> <span class='ocrx_word' id='word_1_11' title='bbox 993 309 1212 347; x_wconf 75' lang='lat' dir='ltr'>similitudine</span> 
     </span>
     <span class='ocr_line' id='line_1_3' title="bbox 290 359 1211 398; baseline 0.004 -6"><span class='ocrx_word' id='word_1_12' title='bbox 290 366 403 393; x_wconf 88' lang='lat' dir='ltr'>autem</span> <span class='ocrx_word' id='word_1_13' title='bbox 428 360 538 395; x_wconf 75' lang='lat' dir='ltr'>carnis</span> <span class='ocrx_word' id='word_1_14' title='bbox 634 363 699 396; x_wconf 79' lang='lat' dir='ltr'>eati</span> <span class='ocrx_word' id='word_1_15' title='bbox 726 359 928 398; x_wconf 68' lang='lat' dir='ltr'>obedientie</span> <span class='ocrx_word' id='word_1_16' title='bbox 962 360 1137 398; x_wconf 74' lang='lat' dir='ltr'>voluntate</span> <span class='ocrx_word' id='word_1_17' title='bbox 1163 360 1211 396; x_wconf 88' lang='lat' dir='ltr'>su-</span> 
     </span>
     <span class='ocr_line' id='line_1_4' title="bbox 290 404 1213 468; baseline 0.004 -27"><span class='ocrx_word' id='word_1_18' title='bbox 290 404 401 455; x_wconf 69' lang='lat' dir='ltr'>scepta</span> <span class='ocrx_word' id='word_1_19' title='bbox 424 406 492 444; x_wconf 82' lang='lat' dir='ltr'>est.</span> <span class='ocrx_word' id='word_1_20' title='bbox 517 411 551 447; x_wconf 75' lang='lat' dir='ltr'>A</span> <span class='ocrx_word' id='word_1_21' title='bbox 600 421 675 446; x_wconf 88' lang='lat' dir='ltr'>eam</span> <span class='ocrx_word' id='word_1_22' title='bbox 700 413 828 460; x_wconf 85' lang='lat' dir='ltr'>quippe</span> <span class='ocrx_word' id='word_1_23' title='bbox 851 414 959 447; x_wconf 85' lang='lat' dir='ltr'>iturus</span> <span class='ocrx_word' id='word_1_24' title='bbox 983 423 1125 460; x_wconf 58' lang='lat' dir='ltr'>amque</span> <span class='ocrx_word' id='word_1_25' title='bbox 1145 409 1213 468; x_wconf 68' lang='lat' dir='ltr'>pail</span> 
     </span>
    </p>

    <p class='ocr_par' dir='ltr' id='par_1_3' title="bbox 87 455 1216 707">
     <span class='ocr_line' id='line_1_5' title="bbox 87 455 1216 508; baseline 0.009 -21"><span class='ocrx_word' id='word_1_26' title='bbox 87 457 273 498; x_wconf 60' lang='lat' dir='ltr'>memo·</span> <span class='ocrx_word' id='word_1_27' title='bbox 288 455 383 493; x_wconf 82' lang='lat' dir='ltr'>surus</span> <span class='ocrx_word' id='word_1_28' title='bbox 407 455 479 494; x_wconf 86' lang='lat' dir='ltr'>hoe</span> <span class='ocrx_word' id='word_1_29' title='bbox 501 461 576 494; x_wconf 85' lang='lat' dir='ltr'>ait:</span> <span class='ocrx_word' id='word_1_30' title='bbox 599 463 681 496; x_wconf 75' lang='lat' dir='ltr'>Ecce</span> <span class='ocrx_word' id='word_1_31' title='bbox 705 465 798 497; x_wconf 76' lang='lat' dir='ltr'>venit</span> <span class='ocrx_word' id='word_1_32' title='bbox 812 463 955 506; x_wconf 81' lang='lat' dir='ltr'>princeps</span> <span class='ocrx_word' id='word_1_33' title='bbox 975 463 1084 498; x_wconf 81' lang='lat' dir='ltr'>mundi</span> <span class='ocrx_word' id='word_1_34' title='bbox 1102 462 1216 508; x_wconf 78' lang='lat' dir='ltr'>hujus,</span> 
     </span>
     <span class='ocr_line' id='line_1_6' title="bbox 288 506 1215 557; baseline 0.004 -14"><span class='ocrx_word' id='word_1_35' title='bbox 288 506 334 544; x_wconf 57' lang='grc' dir='ltr'>(θ’</span> <span class='ocrx_word' id='word_1_36' title='bbox 356 509 388 543; x_wconf 84' lang='lat' dir='ltr'>in</span> <span class='ocrx_word' id='word_1_37' title='bbox 412 519 461 544; x_wconf 86' lang='lat' dir='ltr'>me</span> <span class='ocrx_word' id='word_1_38' title='bbox 483 506 560 543; x_wconf 79' lang='lat' dir='ltr'>nibil</span> <span class='ocrx_word' id='word_1_39' title='bbox 582 510 726 547; x_wconf 78' lang='lat' dir='ltr'>inveniet</span> <span class='ocrx_word' id='word_1_40' title='bbox 744 524 754 546; x_wconf 73' lang='lat' dir='ltr'><em>z</em></span> <span class='ocrx_word' id='word_1_41' title='bbox 774 510 830 554; x_wconf 82' lang='lat' dir='ltr'>sed</span> <span class='ocrx_word' id='word_1_42' title='bbox 845 519 884 547; x_wconf 76' lang='lat' dir='ltr'>ut</span> <span class='ocrx_word' id='word_1_43' title='bbox 903 509 1007 554; x_wconf 82' lang='lat' dir='ltr'>sciant</span> <span class='ocrx_word' id='word_1_44' title='bbox 1030 523 1132 548; x_wconf 85' lang='lat' dir='ltr'>omnes</span> <span class='ocrx_word' id='word_1_45' title='bbox 1141 514 1215 557; x_wconf 76' lang='lat' dir='ltr'>quia</span> 
     </span>
     <span class='ocr_line' id='line_1_7' title="bbox 288 556 1212 604; baseline 0.004 -12"><span class='ocrx_word' id='word_1_46' title='bbox 288 556 492 594; x_wconf 78' lang='lat' dir='ltr'>voluntatem</span> <span class='ocrx_word' id='word_1_47' title='bbox 509 559 622 594; x_wconf 78' lang='lat' dir='ltr'>Patris</span> <span class='ocrx_word' id='word_1_48' title='bbox 639 562 701 596; x_wconf 84' lang='lat' dir='ltr'>mei</span> <span class='ocrx_word' id='word_1_49' title='bbox 717 559 826 604; x_wconf 81' lang='lat' dir='ltr'>facio,</span> <span class='ocrx_word' id='word_1_50' title='bbox 843 559 985 604; x_wconf 72' lang='lat' dir='ltr'>surgite,</span> <span class='ocrx_word' id='word_1_51' title='bbox 1011 573 1115 598; x_wconf 84' lang='lat' dir='ltr'>eamus</span> <span class='ocrx_word' id='word_1_52' title='bbox 1124 562 1212 598; x_wconf 82' lang='lat' dir='ltr'>hine.</span> 
     </span>
     <span class='ocr_line' id='line_1_8' title="bbox 288 606 1213 654; baseline 0.006 -12"><span class='ocrx_word' id='word_1_53' title='bbox 288 607 356 643; x_wconf 87' lang='lat' dir='ltr'>His</span> <span class='ocrx_word' id='word_1_54' title='bbox 379 606 479 649; x_wconf 68' lang='lat' dir='ltr'>diffie</span> <span class='ocrx_word' id='word_1_55' title='bbox 504 611 657 654; x_wconf 87' lang='lat' dir='ltr'>perrexit</span> <span class='ocrx_word' id='word_1_56' title='bbox 682 607 724 644; x_wconf 93' lang='lat' dir='ltr'>ad</span> <span class='ocrx_word' id='word_1_57' title='bbox 750 608 935 646; x_wconf 85' lang='lat' dir='ltr'>indebitam</span> <span class='ocrx_word' id='word_1_58' title='bbox 960 621 1110 648; x_wconf 86' lang='lat' dir='ltr'>mortem</span> <span class='ocrx_word' id='word_1_59' title='bbox 1130 636 1144 654; x_wconf 90' lang='lat'>,</span> <span class='ocrx_word' id='word_1_60' title='bbox 1168 611 1213 648; x_wconf 84' lang='lat' dir='ltr'>fa·</span> 
     </span>
     <span class='ocr_line' id='line_1_9' title="bbox 288 655 938 707; baseline 0.003 -14"><span class='ocrx_word' id='word_1_61' title='bbox 288 657 364 694; x_wconf 69' lang='lat' dir='ltr'>etus</span> <span class='ocrx_word' id='word_1_62' title='bbox 387 655 550 695; x_wconf 77' lang='lat' dir='ltr'>obediens</span> <span class='ocrx_word' id='word_1_63' title='bbox 573 656 677 707; x_wconf 82' lang='lat' dir='ltr'>usque</span> <span class='ocrx_word' id='word_1_64' title='bbox 702 657 744 697; x_wconf 81' lang='lat' dir='ltr'>ad</span> <span class='ocrx_word' id='word_1_65' title='bbox 769 670 938 697; x_wconf 87' lang='lat' dir='ltr'>mortem.</span> 
     </span>
    </p>
   </div>
   <div class='ocr_carea' id='block_1_3' title="bbox 92 860 1217 1008">
    <p class='ocr_par' dir='ltr' id='par_1_4' title="bbox 92 860 1217 1008">
     <span class='ocr_line' id='line_1_10' title="bbox 97 860 1217 912; baseline 0.003 -15"><span class='ocrx_word' id='word_1_66' title='bbox 97 867 275 912; x_wconf 60' lang='lat' dir='ltr'>ram-saw·</span> <span class='ocrx_word' id='word_1_67' title='bbox 289 862 345 900; x_wconf 73' lang='lat' dir='ltr'>Bx</span> <span class='ocrx_word' id='word_1_68' title='bbox 381 860 559 906; x_wconf 72' lang='lat' dir='ltr'>fragmento</span> <span class='ocrx_word' id='word_1_69' title='bbox 586 861 738 907; x_wconf 70' lang='lat' dir='ltr'>sermonis</span> <span class='ocrx_word' id='word_1_70' title='bbox 771 872 880 900; x_wconf 82' lang='lat' dir='ltr'>contra</span> <span class='ocrx_word' id='word_1_71' title='bbox 912 863 1104 907; x_wconf 82' lang='lat' dir='ltr'>‘Pelagianos</span> <span class='ocrx_word' id='word_1_72' title='bbox 1131 888 1144 906; x_wconf 91' lang='lat'>,</span> <span class='ocrx_word' id='word_1_73' title='bbox 1185 866 1217 900; x_wconf 74' lang='lat' dir='ltr'>in</span> 
     </span>
     <span class='ocr_line' id='line_1_11' title="bbox 92 904 1216 1008; baseline 0.007 -67"><span class='ocrx_word' id='word_1_74' title='bbox 92 904 277 987; x_wconf 39' lang='lat' dir='ltr'>{eff-525⁸&amp;</span> <span class='ocrx_word' id='word_1_75' title='bbox 339 913 472 1008; x_wconf 49' lang='lat' dir='ltr'>Zugypii</span> <span class='ocrx_word' id='word_1_76' title='bbox 502 917 601 950; x_wconf 85' lang='lat' dir='ltr'>Tomo</span> <span class='ocrx_word' id='word_1_77' title='bbox 627 925 658 949; x_wconf 82' lang='lat'>2.</span> <span class='ocrx_word' id='word_1_78' title='bbox 683 923 752 960; x_wconf 81' lang='lat' dir='ltr'>cap.</span> <span class='ocrx_word' id='word_1_79' title='bbox 779 916 860 960; x_wconf 83' lang='lat'>287.</span> <span class='ocrx_word' id='word_1_80' title='bbox 884 922 943 950; x_wconf 82' lang='lat' dir='ltr'>aut</span> <span class='ocrx_word' id='word_1_81' title='bbox 970 914 1048 948; x_wconf 82' lang='lat'>288.</span> <span class='ocrx_word' id='word_1_82' title='bbox 1075 926 1158 951; x_wconf 83' lang='lat' dir='ltr'>num.</span> <span class='ocrx_word' id='word_1_83' title='bbox 1183 925 1216 962; x_wconf 85' lang='lat'>4.</span> 
     </span>
    </p>
   </div>
   <div class='ocr_carea' id='block_1_4' title="bbox 95 1056 1222 1185">
    <p class='ocr_par' dir='ltr' id='par_1_5' title="bbox 95 1056 1222 1185">
     <span class='ocr_line' id='line_1_12' title="bbox 111 1056 1221 1114; baseline 0.002 -15"><span class='ocrx_word' id='word_1_84' title='bbox 111 1067 276 1114; x_wconf 34' lang='lat' dir='ltr'>‘Pmeepto</span> <span class='ocrx_word' id='word_1_85' title='bbox 375 1056 483 1110; x_wconf 75' lang='lat' dir='ltr'>RgO,</span> <span class='ocrx_word' id='word_1_86' title='bbox 506 1063 646 1106; x_wconf 85' lang='lat' dir='ltr'>fratres,</span> <span class='ocrx_word' id='word_1_87' title='bbox 670 1064 809 1112; x_wconf 86' lang='lat' dir='ltr'>quando</span> <span class='ocrx_word' id='word_1_88' title='bbox 833 1067 1047 1112; x_wconf 72' lang='lat' dir='ltr'>praecipitur,</span> <span class='ocrx_word' id='word_1_89' title='bbox 1071 1063 1221 1112; x_wconf 87' lang='lat' dir='ltr'>agnosci-</span> 
     </span>
     <span class='ocr_line' id='line_1_13' title="bbox 95 1107 1222 1185; baseline 0.001 -36"><span class='ocrx_word' id='word_1_90' title='bbox 95 1107 277 1185; x_wconf 48' lang='grc' dir='ltr'>ξιξῖὶῐὲιῐέἕ·</span> <span class='ocrx_word' id='word_1_91' title='bbox 399 1121 433 1148; x_wconf 91' lang='lat' dir='ltr'>te</span> <span class='ocrx_word' id='word_1_92' title='bbox 470 1112 655 1150; x_wconf 86' lang='lat' dir='ltr'>voluntatis</span> <span class='ocrx_word' id='word_1_93' title='bbox 683 1113 865 1151; x_wconf 80' lang='lat' dir='ltr'>arbitrium</span> <span class='ocrx_word' id='word_1_94' title='bbox 896 1127 906 1149; x_wconf 73' lang='grc' dir='ltr'><strong>ε</strong></span> <span class='ocrx_word' id='word_1_95' title='bbox 940 1113 1077 1162; x_wconf 88' lang='lat' dir='ltr'>quando</span> <span class='ocrx_word' id='word_1_96' title='bbox 1105 1125 1222 1151; x_wconf 84' lang='lat' dir='ltr'>oratur</span> 
     </span>
    </p>
   </div>
   <div class='ocr_carea' id='block_1_5' title="bbox 94 1160 1237 3906">
    <p class='ocr_par' dir='ltr' id='par_1_6' title="bbox 94 1160 1236 3656">
     <span class='ocr_line' id='line_1_14' title="bbox 95 1160 1223 1220; baseline 0.003 -23"><span class='ocrx_word' id='word_1_97' title='bbox 95 1188 212 1219; x_wconf 79' lang='lat' dir='ltr'>ratione</span> <span class='ocrx_word' id='word_1_98' title='bbox 226 1199 276 1220; x_wconf 80' lang='lat' dir='ltr'>au·</span> <span class='ocrx_word' id='word_1_99' title='bbox 292 1160 387 1209; x_wconf 88' lang='lat' dir='ltr'>quod</span> <span class='ocrx_word' id='word_1_100' title='bbox 411 1165 632 1211; x_wconf 70' lang='lat' dir='ltr'>praecipitur,</span> <span class='ocrx_word' id='word_1_101' title='bbox 658 1163 825 1211; x_wconf 84' lang='lat' dir='ltr'>agnoscite</span> <span class='ocrx_word' id='word_1_102' title='bbox 850 1165 964 1212; x_wconf 84' lang='lat' dir='ltr'>gratiae</span> <span class='ocrx_word' id='word_1_103' title='bbox 989 1162 1193 1200; x_wconf 81' lang='lat' dir='ltr'>beneficium</span> <span class='ocrx_word' id='word_1_104' title='bbox 1215 1191 1223 1200; x_wconf 87' lang='lat'><strong>.</strong></span> 
     </span>
     <span class='ocr_line' id='line_1_15' title="bbox 94 1214 1226 1300; baseline 0.001 -1"><span class='ocrx_word' id='word_1_105' title='bbox 94 1228 276 1300; x_wconf 49' lang='lat' dir='ltr'>aaa</span> <span class='ocrx_word' id='word_1_106' title='bbox 293 1214 605 1300; x_wconf 49' lang='lat' dir='ltr'>‘ituraea</span> <span class='ocrx_word' id='word_1_107' title='bbox 688 1227 991 1300; x_wconf 53' lang='grc' dir='ltr'><em>Μ</em></span> <span class='ocrx_word' id='word_1_108' title='bbox 1018 1227 1028 1249; x_wconf 69' lang='lat'>²</span> <span class='ocrx_word' id='word_1_109' title='bbox 1054 1217 1226 1300; x_wconf 47' lang='lat' dir='ltr'>aar*</span> 
     </span>
     <span class='ocr_line' id='line_1_16' title="bbox 94 1274 1225 1379; baseline 0.003 -31"><span class='ocrx_word' id='word_1_110' title='bbox 94 1278 261 1379; x_wconf 52' lang='grc' dir='ltr'><strong>ξῐῖῐὲἱὸεὲ</strong></span> <span class='ocrx_word' id='word_1_111' title='bbox 292 1274 367 1349; x_wconf 57' lang='grc' dir='ltr'>ξω.</span> <span class='ocrx_word' id='word_1_112' title='bbox 395 1311 520 1350; x_wconf 90' lang='lat' dir='ltr'>Videte</span> <span class='ocrx_word' id='word_1_113' title='bbox 543 1276 640 1361; x_wconf 60' lang='lat' dir='ltr'>quoii</span> <span class='ocrx_word' id='word_1_114' title='bbox 662 1357 666 1362; x_wconf 12' lang='grc' dir='ltr'>δ</span> <span class='ocrx_word' id='word_1_115' title='bbox 690 1317 746 1350; x_wconf 92' lang='lat' dir='ltr'>ico</span> <span class='ocrx_word' id='word_1_116' title='bbox 767 1339 776 1350; x_wconf 92' lang='lat'><strong>.</strong></span> <span class='ocrx_word' id='word_1_117' title='bbox 793 1276 1022 1362; x_wconf 51' lang='lat' dir='ltr'>PPraeitlipitui?</span> <span class='ocrx_word' id='word_1_118' title='bbox 1037 1324 1076 1350; x_wconf 91' lang='lat' dir='ltr'>ut</span> <span class='ocrx_word' id='word_1_119' title='bbox 1102 1277 1225 1351; x_wconf 55' lang='lat' dir='ltr'>ingili-</span> 
     </span>
     <span class='ocr_line' id='line_1_17' title="bbox 95 1357 1226 1459; baseline 0.004 -12"><span class='ocrx_word' id='word_1_120' title='bbox 95 1357 232 1430; x_wconf 46' lang='lat' dir='ltr'>&#39;’ffir-</span> <span class='ocrx_word' id='word_1_121' title='bbox 245 1401 264 1428; x_wconf 83' lang='lat'>⁹</span> <span class='ocrx_word' id='word_1_122' title='bbox 292 1374 410 1457; x_wconf 63' lang='grc' dir='ltr'>ξὶἷῖἶέἶ</span> <span class='ocrx_word' id='word_1_123' title='bbox 430 1362 1226 1459; x_wconf 38' lang='lat' dir='ltr'>&#39;effPJ‘ZZffZuE&#39;ssPss‘sschussaff{iiii-{2¹52</span> 
     </span>
     <span class='ocr_line' id='line_1_18' title="bbox 291 1461 1223 1512; baseline 0.003 -15"><span class='ocrx_word' id='word_1_124' title='bbox 291 1461 451 1499; x_wconf 66' lang='lat' dir='ltr'>tellectum</span> <span class='ocrx_word' id='word_1_125' title='bbox 469 1490 477 1498; x_wconf 90' lang='lat'><em>.</em></span> <span class='ocrx_word' id='word_1_126' title='bbox 513 1462 649 1500; x_wconf 87' lang='lat' dir='ltr'>Audisti</span> <span class='ocrx_word' id='word_1_127' title='bbox 699 1466 754 1499; x_wconf 86' lang='lat' dir='ltr'>uia</span> <span class='ocrx_word' id='word_1_128' title='bbox 782 1462 897 1505; x_wconf 75' lang='lat' dir='ltr'>iussum</span> <span class='ocrx_word' id='word_1_129' title='bbox 923 1462 1004 1499; x_wconf 74' lang='lat' dir='ltr'>este</span> <span class='ocrx_word' id='word_1_130' title='bbox 1042 1475 1119 1512; x_wconf 87' lang='lat' dir='ltr'>pete</span> <span class='ocrx_word' id='word_1_131' title='bbox 1137 1489 1151 1507; x_wconf 91' lang='lat'>‚</span> <span class='ocrx_word' id='word_1_132' title='bbox 1185 1470 1223 1502; x_wconf 78' lang='lat' dir='ltr'>u&#39;t</span> 
     </span>
     <span class='ocr_line' id='line_1_19' title="bbox 263 1475 1223 1561; baseline 0.002 -13"><span class='ocrx_word' id='word_1_133' title='bbox 263 1531 266 1535; x_wconf 91' lang='lat'>·</span> <span class='ocrx_word' id='word_1_134' title='bbox 292 1513 394 1560; x_wconf 82' lang='lat' dir='ltr'>postis</span> <span class='ocrx_word' id='word_1_135' title='bbox 421 1511 564 1561; x_wconf 89' lang='lat' dir='ltr'>implere</span> <span class='ocrx_word' id='word_1_136' title='bbox 599 1475 698 1560; x_wconf 65' lang='lat' dir='ltr'>quod</span> <span class='ocrx_word' id='word_1_137' title='bbox 721 1511 837 1558; x_wconf 75' lang='lat' dir='ltr'>jussum</span> <span class='ocrx_word' id='word_1_138' title='bbox 872 1512 921 1550; x_wconf 86' lang='lat' dir='ltr'>est</span> <span class='ocrx_word' id='word_1_139' title='bbox 940 1541 950 1550; x_wconf 88' lang='lat'><em>.</em></span> <span class='ocrx_word' id='word_1_140' title='bbox 987 1514 1182 1560; x_wconf 87' lang='lat' dir='ltr'>Quomodo</span> <span class='ocrx_word' id='word_1_141' title='bbox 1211 1541 1223 1558; x_wconf 92' lang='lat'>,</span> 
     </span>
     <span class='ocr_line' id='line_1_20' title="bbox 291 1563 1223 1611; baseline 0.003 -13"><span class='ocrx_word' id='word_1_142' title='bbox 291 1565 426 1611; x_wconf 86' lang='lat' dir='ltr'>inquis,</span> <span class='ocrx_word' id='word_1_143' title='bbox 454 1565 556 1611; x_wconf 84' lang='lat' dir='ltr'>peto?</span> <span class='ocrx_word' id='word_1_144' title='bbox 581 1563 673 1600; x_wconf 85' lang='lat' dir='ltr'>Audi</span> <span class='ocrx_word' id='word_1_145' title='bbox 699 1566 928 1611; x_wconf 80' lang='lat' dir='ltr'>Scripturam.</span> <span class='ocrx_word' id='word_1_146' title='bbox 957 1564 1054 1610; x_wconf 88' lang='lat' dir='ltr'>Quid</span> <span class='ocrx_word' id='word_1_147' title='bbox 1079 1564 1142 1601; x_wconf 88' lang='lat' dir='ltr'>tibi</span> <span class='ocrx_word' id='word_1_148' title='bbox 1163 1564 1223 1611; x_wconf 87' lang='lat' dir='ltr'>jus—</span> 
     </span>
     <span class='ocr_line' id='line_1_21' title="bbox 293 1610 1223 1660; baseline 0.006 -14"><span class='ocrx_word' id='word_1_149' title='bbox 293 1610 365 1649; x_wconf 92' lang='lat' dir='ltr'>sum</span> <span class='ocrx_word' id='word_1_150' title='bbox 391 1610 464 1648; x_wconf 83' lang='lat' dir='ltr'>est?</span> <span class='ocrx_word' id='word_1_151' title='bbox 490 1613 609 1658; x_wconf 68' lang='lat' dir='ltr'>‘Nolite</span> <span class='ocrx_word' id='word_1_152' title='bbox 633 1611 688 1659; x_wconf 79' lang='lat' dir='ltr'>effi.-</span> <span class='ocrx_word' id='word_1_153' title='bbox 709 1613 791 1659; x_wconf 79' lang='lat' dir='ltr'>sicut</span> <span class='ocrx_word' id='word_1_154' title='bbox 815 1623 913 1660; x_wconf 82' lang='lat' dir='ltr'>equus</span> <span class='ocrx_word' id='word_1_155' title='bbox 939 1615 982 1651; x_wconf 79' lang='lat'><em>&amp;</em></span> <span class='ocrx_word' id='word_1_156' title='bbox 1006 1615 1110 1651; x_wconf 85' lang='lat' dir='ltr'>mulus</span> <span class='ocrx_word' id='word_1_157' title='bbox 1129 1640 1140 1659; x_wconf 91' lang='lat'>‚</span> <span class='ocrx_word' id='word_1_158' title='bbox 1165 1624 1223 1652; x_wconf 71' lang='lat' dir='ltr'>no‘n</span> 
     </span>
     <span class='ocr_line' id='line_1_22' title="bbox 290 1660 1221 1712; baseline 0.004 -15"><span class='ocrx_word' id='word_1_159' title='bbox 290 1660 439 1700; x_wconf 79' lang='lat' dir='ltr'>babentes</span> <span class='ocrx_word' id='word_1_160' title='bbox 461 1661 675 1700; x_wconf 61' lang='lat' dir='ltr'>intellectum.</span> <span class='ocrx_word' id='word_1_161' title='bbox 702 1666 793 1709; x_wconf 86' lang='lat' dir='ltr'>Quia</span> <span class='ocrx_word' id='word_1_162' title='bbox 810 1662 936 1711; x_wconf 16' lang='lat' dir='ltr'>rjuffum</span> <span class='ocrx_word' id='word_1_163' title='bbox 957 1663 1029 1707; x_wconf 88' lang='lat' dir='ltr'>est,</span> <span class='ocrx_word' id='word_1_164' title='bbox 1054 1665 1221 1712; x_wconf 82' lang='lat' dir='ltr'>agnovisti</span> 
     </span>
     <span class='ocr_line' id='line_1_23' title="bbox 291 1712 1222 1763; baseline 0.004 -15"><span class='ocrx_word' id='word_1_165' title='bbox 291 1712 534 1749; x_wconf 86' lang='lat' dir='ltr'>voluntatem:</span> <span class='ocrx_word' id='word_1_166' title='bbox 559 1713 638 1749; x_wconf 91' lang='lat' dir='ltr'>audi</span> <span class='ocrx_word' id='word_1_167' title='bbox 665 1717 743 1761; x_wconf 89' lang='lat' dir='ltr'>quia</span> <span class='ocrx_word' id='word_1_168' title='bbox 756 1723 895 1758; x_wconf 82' lang='lat' dir='ltr'>oratur,</span> <span class='ocrx_word' id='word_1_169' title='bbox 921 1725 959 1751; x_wconf 92' lang='lat' dir='ltr'>ut</span> <span class='ocrx_word' id='word_1_170' title='bbox 984 1713 1139 1762; x_wconf 84' lang='lat' dir='ltr'>agnoscas</span> <span class='ocrx_word' id='word_1_171' title='bbox 1149 1722 1222 1763; x_wconf 79' lang='lat' dir='ltr'>gra-</span> 
     </span>
     <span class='ocr_line' id='line_1_24' title="bbox 96 1762 1222 1808; baseline 0.004 -11"><span class='ocrx_word' id='word_1_172' title='bbox 96 1767 272 1806; x_wconf 56' lang='lat' dir='ltr'>Pfiusqz.</span> <span class='ocrx_word' id='word_1_173' title='bbox 290 1764 395 1799; x_wconf 87' lang='lat' dir='ltr'>tiam.</span> <span class='ocrx_word' id='word_1_174' title='bbox 422 1768 476 1799; x_wconf 80' lang='lat' dir='ltr'>1&gt;ae</span> <span class='ocrx_word' id='word_1_175' title='bbox 501 1762 583 1800; x_wconf 83' lang='lat' dir='ltr'>mihi</span> <span class='ocrx_word' id='word_1_176' title='bbox 608 1763 798 1800; x_wconf 59' lang='lat' dir='ltr'>intelleffnm</span> <span class='ocrx_word' id='word_1_177' title='bbox 815 1789 828 1807; x_wconf 93' lang='lat'>,</span> <span class='ocrx_word' id='word_1_178' title='bbox 861 1774 900 1801; x_wconf 78' lang='lat' dir='ltr'>ut</span> <span class='ocrx_word' id='word_1_179' title='bbox 924 1764 1041 1808; x_wconf 81' lang='lat' dir='ltr'><em>discam</em></span> <span class='ocrx_word' id='word_1_180' title='bbox 1067 1767 1222 1802; x_wconf 84' lang='lat' dir='ltr'>mandata</span> 
     </span>
     <span class='ocr_line' id='line_1_25' title="bbox 289 1810 1222 1864; baseline 0.003 -16"><span class='ocrx_word' id='word_1_181' title='bbox 289 1820 368 1849; x_wconf 84' lang='lat' dir='ltr'>tua.</span> <span class='ocrx_word' id='word_1_182' title='bbox 392 1810 519 1854; x_wconf 74' lang='lat' dir='ltr'>Iulium</span> <span class='ocrx_word' id='word_1_183' title='bbox 545 1811 595 1850; x_wconf 88' lang='lat' dir='ltr'>est</span> <span class='ocrx_word' id='word_1_184' title='bbox 620 1825 658 1851; x_wconf 92' lang='lat' dir='ltr'>ut</span> <span class='ocrx_word' id='word_1_185' title='bbox 678 1811 863 1852; x_wconf 85' lang='lat' dir='ltr'>habeamus</span> <span class='ocrx_word' id='word_1_186' title='bbox 887 1813 1084 1864; x_wconf 83' lang='lat' dir='ltr'>sapientiam</span> <span class='ocrx_word' id='word_1_187' title='bbox 1103 1811 1116 1850; x_wconf 75' lang='lat' dir='ltr'>&#39;z</span> <span class='ocrx_word' id='word_1_188' title='bbox 1142 1818 1222 1862; x_wconf 91' lang='lat' dir='ltr'>quia</span> 
     </span>
     <span class='ocr_line' id='line_1_26' title="bbox 291 1860 1223 1914; baseline 0.003 -16"><span class='ocrx_word' id='word_1_189' title='bbox 291 1860 408 1907; x_wconf 74' lang='lat' dir='ltr'>jussum</span> <span class='ocrx_word' id='word_1_190' title='bbox 432 1861 481 1899; x_wconf 91' lang='lat' dir='ltr'>est</span> <span class='ocrx_word' id='word_1_191' title='bbox 506 1862 580 1910; x_wconf 83' lang='lat' dir='ltr'>lege</span> <span class='ocrx_word' id='word_1_192' title='bbox 599 1889 608 1900; x_wconf 83' lang='lat'><strong>.</strong></span> <span class='ocrx_word' id='word_1_193' title='bbox 642 1862 714 1900; x_wconf 87' lang='lat' dir='ltr'>Ubi</span> <span class='ocrx_word' id='word_1_194' title='bbox 741 1865 824 1912; x_wconf 88' lang='lat' dir='ltr'>legis</span> <span class='ocrx_word' id='word_1_195' title='bbox 842 1890 855 1908; x_wconf 97' lang='lat'>,</span> <span class='ocrx_word' id='word_1_196' title='bbox 889 1868 1000 1914; x_wconf 88' lang='lat' dir='ltr'>inquit</span> <span class='ocrx_word' id='word_1_197' title='bbox 1021 1868 1034 1901; x_wconf 85' lang='lat'>?</span> <span class='ocrx_word' id='word_1_198' title='bbox 1058 1862 1223 1902; x_wconf 65' lang='lat' dir='ltr'>Audite22</span> 
     </span>
     <span class='ocr_line' id='line_1_27' title="bbox 289 1911 1224 1963; baseline 0.005 -16"><span class='ocrx_word' id='word_1_199' title='bbox 289 1916 357 1963; x_wconf 76' lang='lat' dir='ltr'>Qi</span> <span class='ocrx_word' id='word_1_200' title='bbox 379 1911 556 1957; x_wconf 76' lang='lat' dir='ltr'><em>insipientes</em></span> <span class='ocrx_word' id='word_1_201' title='bbox 579 1911 650 1955; x_wconf 71' lang='lat' dir='ltr'>estis</span> <span class='ocrx_word' id='word_1_202' title='bbox 673 1918 707 1950; x_wconf 78' lang='lat' dir='ltr'>in</span> <span class='ocrx_word' id='word_1_203' title='bbox 727 1915 841 1960; x_wconf 78' lang='lat' dir='ltr'>populo</span> <span class='ocrx_word' id='word_1_204' title='bbox 859 1916 911 1952; x_wconf 64' lang='grc' dir='ltr'>Θ·</span> <span class='ocrx_word' id='word_1_205' title='bbox 934 1914 1023 1958; x_wconf 76' lang='lat' dir='ltr'>stulti</span> <span class='ocrx_word' id='word_1_206' title='bbox 1043 1939 1056 1957; x_wconf 93' lang='lat'>,</span> <span class='ocrx_word' id='word_1_207' title='bbox 1081 1915 1224 1960; x_wconf 74' lang='lat' dir='ltr'>aliquan-</span> 
     </span>
     <span class='ocr_line' id='line_1_28' title="bbox 287 1961 1223 2012; baseline 0.001 -12"><span class='ocrx_word' id='word_1_208' title='bbox 287 1964 327 2000; x_wconf 83' lang='lat' dir='ltr'>do</span> <span class='ocrx_word' id='word_1_209' title='bbox 348 1961 469 2007; x_wconf 81' lang='lat' dir='ltr'>sapite.</span> <span class='ocrx_word' id='word_1_210' title='bbox 494 1964 568 2004; x_wconf 85' lang='lat' dir='ltr'>Jam</span> <span class='ocrx_word' id='word_1_211' title='bbox 594 1962 654 2000; x_wconf 88' lang='lat' dir='ltr'>ille</span> <span class='ocrx_word' id='word_1_212' title='bbox 678 1964 763 2012; x_wconf 90' lang='lat' dir='ltr'>quid</span> <span class='ocrx_word' id='word_1_213' title='bbox 780 1964 888 2001; x_wconf 87' lang='lat' dir='ltr'>dicit?</span> <span class='ocrx_word' id='word_1_214' title='bbox 903 1964 1017 2003; x_wconf 66' lang='lat' dir='ltr'>‘Vides</span> <span class='ocrx_word' id='word_1_215' title='bbox 1040 1965 1223 2012; x_wconf 86' lang='lat' dir='ltr'>quomodo</span> 
     </span>
     <span class='ocr_line' id='line_1_29' title="bbox 287 2010 1225 2064; baseline 0.003 -16"><span class='ocrx_word' id='word_1_216' title='bbox 287 2010 389 2048; x_wconf 86' lang='lat' dir='ltr'>nobis</span> <span class='ocrx_word' id='word_1_217' title='bbox 413 2016 575 2061; x_wconf 85' lang='lat' dir='ltr'>praecepit</span> <span class='ocrx_word' id='word_1_218' title='bbox 601 2015 696 2050; x_wconf 83' lang='lat' dir='ltr'>Deus</span> <span class='ocrx_word' id='word_1_219' title='bbox 723 2025 762 2051; x_wconf 90' lang='lat' dir='ltr'>ut</span> <span class='ocrx_word' id='word_1_220' title='bbox 787 2013 970 2063; x_wconf 84' lang='lat' dir='ltr'>sapiamus.</span> <span class='ocrx_word' id='word_1_221' title='bbox 995 2018 1074 2063; x_wconf 87' lang='lat' dir='ltr'>Ego</span> <span class='ocrx_word' id='word_1_222' title='bbox 1099 2015 1225 2064; x_wconf 67' lang='lat' dir='ltr'>stipien-</span> 
     </span>
     <span class='ocr_line' id='line_1_30' title="bbox 289 2061 1225 2113; baseline 0.005 -15"><span class='ocrx_word' id='word_1_223' title='bbox 289 2065 336 2099; x_wconf 88' lang='lat' dir='ltr'>tia</span> <span class='ocrx_word' id='word_1_224' title='bbox 363 2065 398 2098; x_wconf 90' lang='lat' dir='ltr'>in</span> <span class='ocrx_word' id='word_1_225' title='bbox 424 2061 539 2099; x_wconf 87' lang='lat' dir='ltr'>nostra</span> <span class='ocrx_word' id='word_1_226' title='bbox 563 2062 613 2100; x_wconf 88' lang='lat' dir='ltr'>est</span> <span class='ocrx_word' id='word_1_227' title='bbox 638 2063 838 2112; x_wconf 84' lang='lat' dir='ltr'>potestate?</span> <span class='ocrx_word' id='word_1_228' title='bbox 863 2068 936 2107; x_wconf 82' lang='lat' dir='ltr'>Jam</span> <span class='ocrx_word' id='word_1_229' title='bbox 963 2065 1067 2109; x_wconf 79' lang='lat' dir='ltr'>dixi,</span> <span class='ocrx_word' id='word_1_230' title='bbox 1103 2075 1225 2113; x_wconf 82' lang='lat' dir='ltr'>praece-</span> 
     </span>
     <span class='ocr_line' id='line_1_31' title="bbox 287 2112 1226 2161; baseline 0.007 -15"><span class='ocrx_word' id='word_1_231' title='bbox 287 2122 388 2158; x_wconf 88' lang='lat' dir='ltr'>ptum</span> <span class='ocrx_word' id='word_1_232' title='bbox 414 2112 528 2148; x_wconf 88' lang='lat' dir='ltr'>audivi</span> <span class='ocrx_word' id='word_1_233' title='bbox 547 2134 562 2152; x_wconf 92' lang='lat'>,</span> <span class='ocrx_word' id='word_1_234' title='bbox 587 2113 803 2150; x_wconf 86' lang='lat' dir='ltr'>voluntatem</span> <span class='ocrx_word' id='word_1_235' title='bbox 829 2119 982 2161; x_wconf 80' lang='lat' dir='ltr'>cognovi</span> <span class='ocrx_word' id='word_1_236' title='bbox 999 2131 1013 2152; x_wconf 80' lang='lat'>.-</span> <span class='ocrx_word' id='word_1_237' title='bbox 1045 2116 1124 2152; x_wconf 85' lang='lat' dir='ltr'>audi</span> <span class='ocrx_word' id='word_1_238' title='bbox 1150 2124 1226 2152; x_wconf 85' lang='lat' dir='ltr'>ora&#39;-</span> 
     </span>
     <span class='ocr_line' id='line_1_32' title="bbox 286 2161 1225 2207; baseline 0.005 -11"><span class='ocrx_word' id='word_1_239' title='bbox 286 2164 421 2198; x_wconf 86' lang='lat' dir='ltr'>tionem</span> <span class='ocrx_word' id='word_1_240' title='bbox 439 2183 451 2200; x_wconf 91' lang='lat'>,</span> <span class='ocrx_word' id='word_1_241' title='bbox 486 2168 525 2194; x_wconf 92' lang='lat' dir='ltr'>ut</span> <span class='ocrx_word' id='word_1_242' title='bbox 550 2162 694 2205; x_wconf 80' lang='lat' dir='ltr'>gratiam</span> <span class='ocrx_word' id='word_1_243' title='bbox 719 2170 757 2194; x_wconf 90' lang='lat' dir='ltr'>tu</span> <span class='ocrx_word' id='word_1_244' title='bbox 792 2164 894 2206; x_wconf 71' lang='lat' dir='ltr'>ponis</span> <span class='ocrx_word' id='word_1_245' title='bbox 921 2164 1102 2207; x_wconf 69' lang='lat' dir='ltr'>agnoscere</span> <span class='ocrx_word' id='word_1_246' title='bbox 1123 2192 1131 2199; x_wconf 94' lang='lat'>.</span> <span class='ocrx_word' id='word_1_247' title='bbox 1168 2161 1225 2201; x_wconf 80' lang='lat' dir='ltr'>De</span> 
     </span>
     <span class='ocr_line' id='line_1_33' title="bbox 287 2205 1226 2258; baseline -0.002 -10"><span class='ocrx_word' id='word_1_248' title='bbox 287 2207 447 2258; x_wconf 79' lang='lat' dir='ltr'>sapientia</span> <span class='ocrx_word' id='word_1_249' title='bbox 471 2210 600 2256; x_wconf 87' lang='lat' dir='ltr'>igitur,</span> <span class='ocrx_word' id='word_1_250' title='bbox 626 2220 701 2256; x_wconf 81' lang='lat' dir='ltr'>quae</span> <span class='ocrx_word' id='word_1_251' title='bbox 726 2205 803 2253; x_wconf 75' lang='lat' dir='ltr'>juss&#39;a</span> <span class='ocrx_word' id='word_1_252' title='bbox 827 2207 878 2244; x_wconf 88' lang='lat' dir='ltr'>est</span> <span class='ocrx_word' id='word_1_253' title='bbox 903 2207 1026 2251; x_wconf 85' lang='lat' dir='ltr'>nobis,</span> <span class='ocrx_word' id='word_1_254' title='bbox 1051 2212 1226 2246; x_wconf 84' lang='lat' dir='ltr'>audiamus</span> 
     </span>
     <span class='ocr_line' id='line_1_34' title="bbox 316 2256 1227 2306; baseline -0.001 -11"><span class='ocrx_word' id='word_1_255' title='bbox 316 2259 375 2296; x_wconf 85' lang='lat' dir='ltr'>uid</span> <span class='ocrx_word' id='word_1_256' title='bbox 399 2258 490 2295; x_wconf 90' lang='lat' dir='ltr'>dicat</span> <span class='ocrx_word' id='word_1_257' title='bbox 507 2257 683 2306; x_wconf 87' lang='lat' dir='ltr'>apostolus</span> <span class='ocrx_word' id='word_1_258' title='bbox 709 2256 877 2299; x_wconf 78' lang='lat' dir='ltr'>Iacobus:</span> <span class='ocrx_word' id='word_1_259' title='bbox 901 2261 937 2295; x_wconf 83' lang='lat' dir='ltr'>Si</span> <span class='ocrx_word' id='word_1_260' title='bbox 961 2261 1032 2304; x_wconf 82' lang='lat' dir='ltr'>quis</span> <span class='ocrx_word' id='word_1_261' title='bbox 1049 2267 1159 2294; x_wconf 85' lang='lat' dir='ltr'>autem</span> <span class='ocrx_word' id='word_1_262' title='bbox 1169 2270 1227 2295; x_wconf 82' lang='lat' dir='ltr'>ve-</span> 
     </span>
     <span class='ocr_line' id='line_1_35' title="bbox 318 2306 1228 2354; baseline 0.001 -11"><span class='ocrx_word' id='word_1_263' title='bbox 318 2319 387 2343; x_wconf 80' lang='lat' dir='ltr'>rum</span> <span class='ocrx_word' id='word_1_264' title='bbox 420 2308 539 2351; x_wconf 60' lang='lat' dir='ltr'>indiget</span> <span class='ocrx_word' id='word_1_265' title='bbox 567 2306 724 2352; x_wconf 75' lang='lat' dir='ltr'>sapientia</span> <span class='ocrx_word' id='word_1_266' title='bbox 756 2307 889 2352; x_wconf 73' lang='lat' dir='ltr'>postulet</span> <span class='ocrx_word' id='word_1_267' title='bbox 911 2307 933 2344; x_wconf 83' lang='lat' dir='ltr'>a</span> <span class='ocrx_word' id='word_1_268' title='bbox 958 2314 1023 2345; x_wconf 83' lang='lat' dir='ltr'>Deo</span> <span class='ocrx_word' id='word_1_269' title='bbox 1043 2332 1056 2351; x_wconf 88' lang='lat'>‚</span> <span class='ocrx_word' id='word_1_270' title='bbox 1089 2311 1146 2354; x_wconf 80' lang='lat' dir='ltr'>qui</span> <span class='ocrx_word' id='word_1_271' title='bbox 1169 2310 1228 2345; x_wconf 83' lang='lat' dir='ltr'>dat</span> 
     </span>
     <span class='ocr_line' id='line_1_36' title="bbox 293 2353 1226 2402; baseline -0.001 -7"><span class='ocrx_word' id='word_1_272' title='bbox 293 2355 434 2395; x_wconf 71' lang='lat' dir='ltr'>omnibus</span> <span class='ocrx_word' id='word_1_273' title='bbox 457 2353 645 2402; x_wconf 76' lang='lat' dir='ltr'>affluenter.</span> <span class='ocrx_word' id='word_1_274' title='bbox 681 2355 824 2398; x_wconf 85' lang='lat' dir='ltr'>Jubetur</span> <span class='ocrx_word' id='word_1_275' title='bbox 847 2356 946 2394; x_wconf 86' lang='lat' dir='ltr'>nobis</span> <span class='ocrx_word' id='word_1_276' title='bbox 980 2361 1192 2394; x_wconf 87' lang='lat' dir='ltr'>continentia</span> <span class='ocrx_word' id='word_1_277' title='bbox 1218 2386 1226 2394; x_wconf 91' lang='lat'><strong>.</strong></span> 
     </span>
     <span class='ocr_line' id='line_1_37' title="bbox 96 2405 1225 2459; baseline -0.002 -13"><span class='ocrx_word' id='word_1_278' title='bbox 96 2416 278 2459; x_wconf 51' lang='lat' dir='ltr'>lirim-5³²5·</span> <span class='ocrx_word' id='word_1_279' title='bbox 293 2406 367 2444; x_wconf 84' lang='lat' dir='ltr'>Ubi</span> <span class='ocrx_word' id='word_1_280' title='bbox 394 2405 559 2449; x_wconf 80' lang='lat' dir='ltr'>iubetur?</span> <span class='ocrx_word' id='word_1_281' title='bbox 586 2405 776 2455; x_wconf 83' lang='lat' dir='ltr'>Apostolus</span> <span class='ocrx_word' id='word_1_282' title='bbox 801 2407 844 2444; x_wconf 90' lang='lat' dir='ltr'>ad</span> <span class='ocrx_word' id='word_1_283' title='bbox 870 2406 1126 2450; x_wconf 82' lang='lat' dir='ltr'>Timotheum,</span> <span class='ocrx_word' id='word_1_284' title='bbox 1152 2414 1225 2444; x_wconf 82' lang='lat' dir='ltr'>Con-</span> 
     </span>
     <span class='ocr_line' id='line_1_38' title="bbox 114 2453 1229 2505; baseline -0.002 -12"><span class='ocrx_word' id='word_1_285' title='bbox 114 2453 277 2486; x_wconf 72' lang='lat' dir='ltr'>Plorusibt-</span> <span class='ocrx_word' id='word_1_286' title='bbox 294 2458 360 2493; x_wconf 75' lang='lat' dir='ltr'>tine</span> <span class='ocrx_word' id='word_1_287' title='bbox 384 2456 515 2501; x_wconf 79' lang='lat' dir='ltr'>teipsum</span> <span class='ocrx_word' id='word_1_288' title='bbox 532 2483 541 2492; x_wconf 89' lang='lat'><em>.</em></span> <span class='ocrx_word' id='word_1_289' title='bbox 568 2457 673 2498; x_wconf 81' lang='lat' dir='ltr'>Iuffio</span> <span class='ocrx_word' id='word_1_290' title='bbox 696 2457 768 2499; x_wconf 83' lang='lat' dir='ltr'>est,</span> <span class='ocrx_word' id='word_1_291' title='bbox 793 2461 981 2505; x_wconf 77' lang='lat' dir='ltr'>praeceptio</span> <span class='ocrx_word' id='word_1_292' title='bbox 999 2457 1070 2494; x_wconf 83' lang='lat' dir='ltr'>est;</span> <span class='ocrx_word' id='word_1_293' title='bbox 1094 2456 1229 2492; x_wconf 90' lang='lat' dir='ltr'>audien—</span> 
     </span>
     <span class='ocr_line' id='line_1_39' title="bbox 99 2496 1230 2548; baseline -0.003 -5"><span class='ocrx_word' id='word_1_294' title='bbox 99 2496 181 2527; x_wconf 61' lang='lat' dir='ltr'>d&#39;m·</span> <span class='ocrx_word' id='word_1_295' title='bbox 295 2504 380 2543; x_wconf 89' lang='lat' dir='ltr'>dum</span> <span class='ocrx_word' id='word_1_296' title='bbox 405 2503 455 2542; x_wconf 89' lang='lat' dir='ltr'>est</span> <span class='ocrx_word' id='word_1_297' title='bbox 474 2529 487 2548; x_wconf 89' lang='lat'>‚</span> <span class='ocrx_word' id='word_1_298' title='bbox 520 2503 709 2542; x_wconf 84' lang='lat' dir='ltr'>faciendum</span> <span class='ocrx_word' id='word_1_299' title='bbox 747 2505 798 2542; x_wconf 88' lang='lat' dir='ltr'>est</span> <span class='ocrx_word' id='word_1_300' title='bbox 823 2519 833 2540; x_wconf 71' lang='grc' dir='ltr'><strong>ε</strong></span> <span class='ocrx_word' id='word_1_301' title='bbox 867 2506 922 2543; x_wconf 89' lang='lat' dir='ltr'>sed</span> <span class='ocrx_word' id='word_1_302' title='bbox 948 2506 1008 2541; x_wconf 86' lang='lat' dir='ltr'>nifi</span> <span class='ocrx_word' id='word_1_303' title='bbox 1044 2509 1140 2542; x_wconf 86' lang='lat' dir='ltr'>Deus</span> <span class='ocrx_word' id='word_1_304' title='bbox 1174 2504 1230 2541; x_wconf 88' lang='lat' dir='ltr'>ad-</span> 
     </span>
     <span class='ocr_line' id='line_1_40' title="bbox 295 2554 1229 2604; baseline -0.004 -10"><span class='ocrx_word' id='word_1_305' title='bbox 295 2557 391 2604; x_wconf 84' lang='lat' dir='ltr'>juvet</span> <span class='ocrx_word' id='word_1_306' title='bbox 409 2579 423 2598; x_wconf 89' lang='lat'>‚</span> <span class='ocrx_word' id='word_1_307' title='bbox 457 2565 669 2591; x_wconf 83' lang='lat' dir='ltr'>remanemus</span> <span class='ocrx_word' id='word_1_308' title='bbox 688 2581 696 2590; x_wconf 86' lang='lat'>.</span> <span class='ocrx_word' id='word_1_309' title='bbox 732 2559 912 2593; x_wconf 87' lang='lat' dir='ltr'>Conamur</span> <span class='ocrx_word' id='word_1_310' title='bbox 944 2554 1085 2603; x_wconf 86' lang='lat' dir='ltr'>quidem</span> <span class='ocrx_word' id='word_1_311' title='bbox 1119 2554 1229 2590; x_wconf 80' lang='lat' dir='ltr'>facere</span> 
     </span>
     <span class='ocr_line' id='line_1_41' title="bbox 297 2604 1231 2652; baseline -0.004 -8"><span class='ocrx_word' id='word_1_312' title='bbox 297 2607 474 2644; x_wconf 76' lang='lat' dir='ltr'>voluntate</span> <span class='ocrx_word' id='word_1_313' title='bbox 502 2629 515 2648; x_wconf 91' lang='lat'>,</span> <span class='ocrx_word' id='word_1_314' title='bbox 551 2609 586 2642; x_wconf 70' lang='grc' dir='ltr'>ἃ</span> <span class='ocrx_word' id='word_1_315' title='bbox 613 2607 735 2641; x_wconf 87' lang='lat' dir='ltr'>nititur</span> <span class='ocrx_word' id='word_1_316' title='bbox 769 2604 902 2652; x_wconf 90' lang='lat' dir='ltr'>aliquid</span> <span class='ocrx_word' id='word_1_317' title='bbox 936 2604 1123 2641; x_wconf 87' lang='lat' dir='ltr'>voluntas:</span> <span class='ocrx_word' id='word_1_318' title='bbox 1159 2617 1231 2640; x_wconf 87' lang='lat' dir='ltr'>non</span> 
     </span>
     <span class='ocr_line' id='line_1_42' title="bbox 299 2653 1230 2707; baseline -0.002 -13"><span class='ocrx_word' id='word_1_319' title='bbox 299 2655 476 2707; x_wconf 80' lang='lat' dir='ltr'>praesumat</span> <span class='ocrx_word' id='word_1_320' title='bbox 502 2653 648 2704; x_wconf 85' lang='lat' dir='ltr'>potestas</span> <span class='ocrx_word' id='word_1_321' title='bbox 668 2680 680 2698; x_wconf 93' lang='lat'>,</span> <span class='ocrx_word' id='word_1_322' title='bbox 717 2653 779 2691; x_wconf 74' lang='lat' dir='ltr'>nisi</span> <span class='ocrx_word' id='word_1_323' title='bbox 803 2654 980 2701; x_wconf 85' lang='lat' dir='ltr'>adjuvetur</span> <span class='ocrx_word' id='word_1_324' title='bbox 1015 2654 1194 2691; x_wconf 75' lang='lat' dir='ltr'>infirmitas</span> <span class='ocrx_word' id='word_1_325' title='bbox 1221 2683 1230 2692; x_wconf 94' lang='lat'>.</span> 
     </span>
     <span class='ocr_line' id='line_1_43' title="bbox 298 2702 1233 2753; baseline -0.004 -8"><span class='ocrx_word' id='word_1_326' title='bbox 298 2710 404 2745; x_wconf 86' lang='lat' dir='ltr'>Certe</span> <span class='ocrx_word' id='word_1_327' title='bbox 429 2709 521 2742; x_wconf 86' lang='lat' dir='ltr'>enim</span> <span class='ocrx_word' id='word_1_328' title='bbox 547 2702 665 2753; x_wconf 73' lang='lat' dir='ltr'>jussum</span> <span class='ocrx_word' id='word_1_329' title='bbox 691 2703 739 2741; x_wconf 88' lang='lat' dir='ltr'>est</span> <span class='ocrx_word' id='word_1_330' title='bbox 759 2719 768 2740; x_wconf 75' lang='grc' dir='ltr'><strong>ε</strong></span> <span class='ocrx_word' id='word_1_331' title='bbox 794 2707 921 2742; x_wconf 79' lang='lat' dir='ltr'>contine</span> <span class='ocrx_word' id='word_1_332' title='bbox 945 2705 1079 2751; x_wconf 81' lang='lat' dir='ltr'>teipsum</span> <span class='ocrx_word' id='word_1_333' title='bbox 1103 2732 1111 2741; x_wconf 94' lang='lat'>.</span> <span class='ocrx_word' id='word_1_334' title='bbox 1139 2705 1233 2743; x_wconf 86' lang='lat' dir='ltr'>Audi</span> 
     </span>
     <span class='ocr_line' id='line_1_44' title="bbox 297 2755 1236 2804; baseline -0.004 -9"><span class='ocrx_word' id='word_1_335' title='bbox 297 2757 405 2795; x_wconf 87' lang='lat' dir='ltr'>alium</span> <span class='ocrx_word' id='word_1_336' title='bbox 430 2756 547 2793; x_wconf 91' lang='lat' dir='ltr'>locum</span> <span class='ocrx_word' id='word_1_337' title='bbox 573 2759 756 2804; x_wconf 84' lang='lat' dir='ltr'>Scripturae</span> <span class='ocrx_word' id='word_1_338' title='bbox 783 2769 793 2790; x_wconf 71' lang='grc' dir='ltr'><strong>ε</strong></span> <span class='ocrx_word' id='word_1_339' title='bbox 828 2760 874 2792; x_wconf 79' lang='lat' dir='ltr'>Et</span> <span class='ocrx_word' id='word_1_340' title='bbox 897 2766 970 2799; x_wconf 81' lang='lat' dir='ltr'>cum</span> <span class='ocrx_word' id='word_1_341' title='bbox 1003 2755 1119 2799; x_wconf 86' lang='lat' dir='ltr'>scirem</span> <span class='ocrx_word' id='word_1_342' title='bbox 1138 2781 1150 2798; x_wconf 92' lang='lat'>‚</span> <span class='ocrx_word' id='word_1_343' title='bbox 1187 2758 1236 2791; x_wconf 89' lang='lat' dir='ltr'>in-</span> 
     </span>
     <span class='ocr_line' id='line_1_45' title="bbox 298 2802 1234 2856; baseline -0.003 -11"><span class='ocrx_word' id='word_1_344' title='bbox 298 2810 376 2856; x_wconf 85' lang='lat' dir='ltr'>quit</span> <span class='ocrx_word' id='word_1_345' title='bbox 394 2831 408 2851; x_wconf 90' lang='lat'>,</span> <span class='ocrx_word' id='word_1_346' title='bbox 440 2809 517 2852; x_wconf 82' lang='lat' dir='ltr'>quia</span> <span class='ocrx_word' id='word_1_347' title='bbox 541 2817 629 2844; x_wconf 85' lang='lat' dir='ltr'>nemo</span> <span class='ocrx_word' id='word_1_348' title='bbox 652 2802 707 2851; x_wconf 77' lang='lat' dir='ltr'>effe</span> <span class='ocrx_word' id='word_1_349' title='bbox 729 2803 828 2851; x_wconf 66' lang='lat' dir='ltr'>potest</span> <span class='ocrx_word' id='word_1_350' title='bbox 851 2808 1006 2842; x_wconf 80' lang='lat' dir='ltr'>continens</span> <span class='ocrx_word' id='word_1_351' title='bbox 1024 2829 1037 2848; x_wconf 89' lang='lat'>,</span> <span class='ocrx_word' id='word_1_352' title='bbox 1069 2805 1124 2851; x_wconf 74' lang='lat' dir='ltr'>mfi</span> <span class='ocrx_word' id='word_1_353' title='bbox 1147 2813 1234 2843; x_wconf 85' lang='lat' dir='ltr'>Deus</span> 
     </span>
     <span class='ocr_line' id='line_1_46' title="bbox 298 2854 1236 2903; baseline -0.001 -9"><span class='ocrx_word' id='word_1_354' title='bbox 298 2859 374 2901; x_wconf 83' lang='lat' dir='ltr'>det,</span> <span class='ocrx_word' id='word_1_355' title='bbox 399 2858 442 2896; x_wconf 60' lang='grc' dir='ltr'>ά·</span> <span class='ocrx_word' id='word_1_356' title='bbox 467 2856 524 2893; x_wconf 82' lang='lat' dir='ltr'>hoc</span> <span class='ocrx_word' id='word_1_357' title='bbox 547 2855 649 2903; x_wconf 80' lang='lat' dir='ltr'>ipsum</span> <span class='ocrx_word' id='word_1_358' title='bbox 673 2863 744 2892; x_wconf 81' lang='lat' dir='ltr'>erat</span> <span class='ocrx_word' id='word_1_359' title='bbox 765 2854 949 2901; x_wconf 64' lang='lat' dir='ltr'>sapientiae,</span> <span class='ocrx_word' id='word_1_360' title='bbox 970 2854 1051 2899; x_wconf 79' lang='lat' dir='ltr'>scire</span> <span class='ocrx_word' id='word_1_361' title='bbox 1074 2855 1166 2903; x_wconf 75' lang='lat' dir='ltr'>cujus</span> <span class='ocrx_word' id='word_1_362' title='bbox 1188 2855 1236 2900; x_wconf 75' lang='lat' dir='ltr'>efi</span> 
     </span>
     <span class='ocr_line' id='line_1_47' title="bbox 121 2903 1233 2957; baseline -0.002 -12"><span class='ocrx_word' id='word_1_363' title='bbox 121 2913 283 2957; x_wconf 54' lang='grc' dir='ltr'>ἕψεαι.</span> <span class='ocrx_word' id='word_1_364' title='bbox 293 2907 347 2952; x_wconf 83' lang='lat' dir='ltr'>set</span> <span class='ocrx_word' id='word_1_365' title='bbox 370 2908 426 2944; x_wconf 88' lang='lat' dir='ltr'>hoc</span> <span class='ocrx_word' id='word_1_366' title='bbox 450 2908 581 2943; x_wconf 83' lang='lat' dir='ltr'>donum.</span> <span class='ocrx_word' id='word_1_367' title='bbox 607 2907 653 2942; x_wconf 83' lang='lat' dir='ltr'>Et</span> <span class='ocrx_word' id='word_1_368' title='bbox 677 2903 782 2953; x_wconf 85' lang='lat' dir='ltr'>quid,</span> <span class='ocrx_word' id='word_1_369' title='bbox 806 2908 941 2953; x_wconf 89' lang='lat' dir='ltr'>inquit,</span> <span class='ocrx_word' id='word_1_370' title='bbox 966 2905 1055 2942; x_wconf 85' lang='lat' dir='ltr'>feci?</span> <span class='ocrx_word' id='word_1_371' title='bbox 1077 2907 1233 2944; x_wconf 69' lang='grc' dir='ltr'><strong><em>.ΑᾶἰίΒο-</em></strong></span> 
     </span>
     <span class='ocr_line' id='line_1_48' title="bbox 299 2954 1233 3004; baseline -0.003 -9"><span class='ocrx_word' id='word_1_372' title='bbox 299 2961 440 3000; x_wconf 79' lang='lat' dir='ltr'>minum,</span> <span class='ocrx_word' id='word_1_373' title='bbox 465 2957 509 2994; x_wconf 67' lang='grc' dir='ltr'>ό·</span> <span class='ocrx_word' id='word_1_374' title='bbox 532 2958 716 3002; x_wconf 76' lang='lat' dir='ltr'>deprecatus</span> <span class='ocrx_word' id='word_1_375' title='bbox 735 2954 827 2999; x_wconf 80' lang='lat' dir='ltr'>sum.</span> <span class='ocrx_word' id='word_1_376' title='bbox 853 2955 950 3001; x_wconf 88' lang='lat' dir='ltr'>Quid</span> <span class='ocrx_word' id='word_1_377' title='bbox 975 2969 1063 3004; x_wconf 89' lang='lat' dir='ltr'>opus</span> <span class='ocrx_word' id='word_1_378' title='bbox 1087 2954 1138 2992; x_wconf 89' lang='lat' dir='ltr'>est</span> <span class='ocrx_word' id='word_1_379' title='bbox 1148 2956 1233 2993; x_wconf 89' lang='lat' dir='ltr'>mul-</span> 
     </span>
     <span class='ocr_line' id='line_1_49' title="bbox 301 3005 1233 3056; baseline -0.003 -10"><span class='ocrx_word' id='word_1_380' title='bbox 301 3019 336 3046; x_wconf 79' lang='lat' dir='ltr'>ta</span> <span class='ocrx_word' id='word_1_381' title='bbox 357 3010 530 3056; x_wconf 83' lang='lat' dir='ltr'>requirere</span> <span class='ocrx_word' id='word_1_382' title='bbox 543 3031 556 3049; x_wconf 91' lang='lat'>,</span> <span class='ocrx_word' id='word_1_383' title='bbox 580 3008 713 3043; x_wconf 80' lang='lat' dir='ltr'>Fratres</span> <span class='ocrx_word' id='word_1_384' title='bbox 732 3008 799 3041; x_wconf 93' lang='lat' dir='ltr'>mei</span> <span class='ocrx_word' id='word_1_385' title='bbox 818 3006 832 3040; x_wconf 76' lang='grc' dir='ltr'><strong><em>ἓ</em></strong></span> <span class='ocrx_word' id='word_1_386' title='bbox 858 3005 1040 3054; x_wconf 90' lang='lat' dir='ltr'>Quidquid</span> <span class='ocrx_word' id='word_1_387' title='bbox 1067 3005 1165 3043; x_wconf 88' lang='lat' dir='ltr'>nobis</span> <span class='ocrx_word' id='word_1_388' title='bbox 1186 3007 1233 3049; x_wconf 80' lang='lat' dir='ltr'>iu—</span> 
     </span>
     <span class='ocr_line' id='line_1_50' title="bbox 301 3054 1233 3104; baseline -0.004 -8"><span class='ocrx_word' id='word_1_389' title='bbox 301 3056 426 3100; x_wconf 81' lang='lat' dir='ltr'>betur,</span> <span class='ocrx_word' id='word_1_390' title='bbox 450 3055 617 3094; x_wconf 91' lang='lat' dir='ltr'>orandum</span> <span class='ocrx_word' id='word_1_391' title='bbox 637 3055 685 3092; x_wconf 86' lang='lat' dir='ltr'>est</span> <span class='ocrx_word' id='word_1_392' title='bbox 710 3066 749 3092; x_wconf 79' lang='lat' dir='ltr'>ut</span> <span class='ocrx_word' id='word_1_393' title='bbox 769 3054 951 3104; x_wconf 84' lang='lat' dir='ltr'>impleatur</span> <span class='ocrx_word' id='word_1_394' title='bbox 970 3070 980 3092; x_wconf 69' lang='grc' dir='ltr'><strong><em>ε</em></strong></span> <span class='ocrx_word' id='word_1_395' title='bbox 1007 3055 1061 3092; x_wconf 90' lang='lat' dir='ltr'>sed</span> <span class='ocrx_word' id='word_1_396' title='bbox 1085 3069 1155 3092; x_wconf 89' lang='lat' dir='ltr'>non</span> <span class='ocrx_word' id='word_1_397' title='bbox 1167 3055 1233 3100; x_wconf 83' lang='lat' dir='ltr'>fic,</span> 
     </span>
     <span class='ocr_line' id='line_1_51' title="bbox 305 3107 1233 3155; baseline -0.001 -11"><span class='ocrx_word' id='word_1_398' title='bbox 305 3118 344 3144; x_wconf 87' lang='lat' dir='ltr'>ut</span> <span class='ocrx_word' id='word_1_399' title='bbox 368 3108 580 3144; x_wconf 84' lang='lat' dir='ltr'>dimittamus</span> <span class='ocrx_word' id='word_1_400' title='bbox 604 3118 667 3143; x_wconf 88' lang='lat' dir='ltr'>nos</span> <span class='ocrx_word' id='word_1_401' title='bbox 687 3131 700 3149; x_wconf 87' lang='lat'>‚</span> <span class='ocrx_word' id='word_1_402' title='bbox 732 3109 767 3143; x_wconf 84' lang='lat'>&amp;</span> <span class='ocrx_word' id='word_1_403' title='bbox 802 3107 985 3153; x_wconf 89' lang='lat' dir='ltr'>quomodo</span> <span class='ocrx_word' id='word_1_404' title='bbox 1018 3110 1097 3155; x_wconf 85' lang='lat' dir='ltr'>aegri</span> <span class='ocrx_word' id='word_1_405' title='bbox 1132 3108 1233 3152; x_wconf 84' lang='lat' dir='ltr'>jacea-</span> 
     </span>
     <span class='ocr_line' id='line_1_52' title="bbox 304 3154 1232 3205; baseline 0 -11"><span class='ocrx_word' id='word_1_406' title='bbox 304 3169 382 3194; x_wconf 86' lang='lat' dir='ltr'>mus</span> <span class='ocrx_word' id='word_1_407' title='bbox 407 3154 515 3205; x_wconf 84' lang='lat' dir='ltr'>supini</span> <span class='ocrx_word' id='word_1_408' title='bbox 535 3182 548 3200; x_wconf 91' lang='lat'>,</span> <span class='ocrx_word' id='word_1_409' title='bbox 572 3160 606 3194; x_wconf 82' lang='lat'>&amp;</span> <span class='ocrx_word' id='word_1_410' title='bbox 629 3156 802 3199; x_wconf 88' lang='lat' dir='ltr'>dieamus,</span> <span class='ocrx_word' id='word_1_411' title='bbox 827 3156 924 3194; x_wconf 80' lang='lat' dir='ltr'>Pluat</span> <span class='ocrx_word' id='word_1_412' title='bbox 950 3159 1045 3194; x_wconf 87' lang='lat' dir='ltr'>Deus</span> <span class='ocrx_word' id='word_1_413' title='bbox 1070 3157 1156 3194; x_wconf 85' lang='lat' dir='ltr'>escas</span> <span class='ocrx_word' id='word_1_414' title='bbox 1183 3156 1232 3194; x_wconf 91' lang='lat' dir='ltr'>su-</span> 
     </span>
     <span class='ocr_line' id='line_1_53' title="bbox 307 3205 1232 3257; baseline 0 -14"><span class='ocrx_word' id='word_1_415' title='bbox 307 3219 370 3257; x_wconf 90' lang='lat' dir='ltr'>per</span> <span class='ocrx_word' id='word_1_416' title='bbox 393 3207 491 3244; x_wconf 87' lang='lat' dir='ltr'>facies</span> <span class='ocrx_word' id='word_1_417' title='bbox 516 3205 644 3243; x_wconf 88' lang='lat' dir='ltr'>nostras</span> <span class='ocrx_word' id='word_1_418' title='bbox 662 3219 676 3246; x_wconf 74' lang='lat'><em>5</em></span> <span class='ocrx_word' id='word_1_419' title='bbox 707 3216 746 3243; x_wconf 88' lang='lat' dir='ltr'>ut</span> <span class='ocrx_word' id='word_1_420' title='bbox 773 3205 907 3254; x_wconf 88' lang='lat' dir='ltr'>prorsus</span> <span class='ocrx_word' id='word_1_421' title='bbox 932 3220 994 3244; x_wconf 91' lang='lat' dir='ltr'>nos</span> <span class='ocrx_word' id='word_1_422' title='bbox 1019 3205 1109 3244; x_wconf 87' lang='lat' dir='ltr'>nihil</span> <span class='ocrx_word' id='word_1_423' title='bbox 1135 3219 1232 3254; x_wconf 83' lang='lat' dir='ltr'>agere</span> 
     </span>
     <span class='ocr_line' id='line_1_54' title="bbox 308 3255 1232 3306; baseline -0.002 -11"><span class='ocrx_word' id='word_1_424' title='bbox 308 3256 484 3295; x_wconf 69' lang='lat' dir='ltr'>velimust</span> <span class='ocrx_word' id='word_1_425' title='bbox 518 3260 554 3293; x_wconf 74' lang='grc' dir='ltr'>δι</span> <span class='ocrx_word' id='word_1_426' title='bbox 579 3269 658 3293; x_wconf 88' lang='lat' dir='ltr'>cum</span> <span class='ocrx_word' id='word_1_427' title='bbox 682 3255 752 3293; x_wconf 88' lang='lat' dir='ltr'>esca</span> <span class='ocrx_word' id='word_1_428' title='bbox 785 3258 962 3306; x_wconf 88' lang='lat' dir='ltr'>compluta</span> <span class='ocrx_word' id='word_1_429' title='bbox 995 3257 1100 3294; x_wconf 87' lang='lat' dir='ltr'>fuerit</span> <span class='ocrx_word' id='word_1_430' title='bbox 1135 3258 1232 3306; x_wconf 88' lang='lat' dir='ltr'>super</span> 
     </span>
     <span class='ocr_line' id='line_1_55' title="bbox 307 3305 1234 3356; baseline -0.001 -11"><span class='ocrx_word' id='word_1_431' title='bbox 307 3320 348 3345; x_wconf 83' lang='lat' dir='ltr'>os</span> <span class='ocrx_word' id='word_1_432' title='bbox 373 3305 529 3345; x_wconf 84' lang='lat' dir='ltr'>nostrum</span> <span class='ocrx_word' id='word_1_433' title='bbox 550 3331 564 3349; x_wconf 90' lang='lat'>,</span> <span class='ocrx_word' id='word_1_434' title='bbox 595 3305 745 3343; x_wconf 85' lang='lat' dir='ltr'>dicamus</span> <span class='ocrx_word' id='word_1_435' title='bbox 770 3310 872 3344; x_wconf 86' lang='lat' dir='ltr'>etiam</span> <span class='ocrx_word' id='word_1_436' title='bbox 891 3334 902 3351; x_wconf 95' lang='lat'>,</span> <span class='ocrx_word' id='word_1_437' title='bbox 928 3310 1024 3344; x_wconf 87' lang='lat' dir='ltr'>Deus</span> <span class='ocrx_word' id='word_1_438' title='bbox 1047 3308 1168 3356; x_wconf 81' lang='lat' dir='ltr'>glutiat</span> <span class='ocrx_word' id='word_1_439' title='bbox 1193 3307 1234 3344; x_wconf 90' lang='lat' dir='ltr'>de</span> 
     </span>
     <span class='ocr_line' id='line_1_56' title="bbox 308 3354 1233 3404; baseline -0.001 -9"><span class='ocrx_word' id='word_1_440' title='bbox 308 3355 427 3395; x_wconf 84' lang='lat' dir='ltr'>nobis.</span> <span class='ocrx_word' id='word_1_441' title='bbox 455 3355 600 3404; x_wconf 77' lang='lat' dir='ltr'>Aliquid</span> <span class='ocrx_word' id='word_1_442' title='bbox 622 3360 658 3393; x_wconf 75' lang='grc' dir='ltr'>δε</span> <span class='ocrx_word' id='word_1_443' title='bbox 683 3369 746 3393; x_wconf 87' lang='lat' dir='ltr'>nos</span> <span class='ocrx_word' id='word_1_444' title='bbox 769 3370 866 3404; x_wconf 79' lang='lat' dir='ltr'>agere</span> <span class='ocrx_word' id='word_1_445' title='bbox 891 3354 1075 3402; x_wconf 79' lang='lat' dir='ltr'>debemus,</span> <span class='ocrx_word' id='word_1_446' title='bbox 1101 3357 1233 3395; x_wconf 85' lang='lat' dir='ltr'>studere</span> 
     </span>
     <span class='ocr_line' id='line_1_57' title="bbox 309 3405 1234 3456; baseline 0 -12"><span class='ocrx_word' id='word_1_447' title='bbox 309 3405 472 3444; x_wconf 87' lang='lat' dir='ltr'>debemus</span> <span class='ocrx_word' id='word_1_448' title='bbox 490 3431 503 3450; x_wconf 89' lang='lat'>,</span> <span class='ocrx_word' id='word_1_449' title='bbox 535 3410 652 3443; x_wconf 83' lang='lat' dir='ltr'>conari</span> <span class='ocrx_word' id='word_1_450' title='bbox 677 3406 837 3444; x_wconf 87' lang='lat' dir='ltr'>debemus</span> <span class='ocrx_word' id='word_1_451' title='bbox 854 3433 867 3452; x_wconf 95' lang='lat'>,</span> <span class='ocrx_word' id='word_1_452' title='bbox 903 3413 937 3445; x_wconf 90' lang='lat'>&amp;</span> <span class='ocrx_word' id='word_1_453' title='bbox 964 3412 999 3444; x_wconf 90' lang='lat' dir='ltr'>in</span> <span class='ocrx_word' id='word_1_454' title='bbox 1032 3421 1076 3454; x_wconf 88' lang='lat' dir='ltr'>eo</span> <span class='ocrx_word' id='word_1_455' title='bbox 1112 3411 1234 3456; x_wconf 71' lang='lat' dir='ltr'>gratias</span> 
     </span>
     <span class='ocr_line' id='line_1_58' title="bbox 311 3458 1234 3507; baseline 0 -14"><span class='ocrx_word' id='word_1_456' title='bbox 311 3469 410 3505; x_wconf 87' lang='lat' dir='ltr'>agere</span> <span class='ocrx_word' id='word_1_457' title='bbox 427 3481 439 3499; x_wconf 91' lang='lat'>‚</span> <span class='ocrx_word' id='word_1_458' title='bbox 473 3459 508 3492; x_wconf 92' lang='lat' dir='ltr'>in</span> <span class='ocrx_word' id='word_1_459' title='bbox 532 3469 604 3505; x_wconf 93' lang='lat' dir='ltr'>quo</span> <span class='ocrx_word' id='word_1_460' title='bbox 630 3461 839 3505; x_wconf 87' lang='lat' dir='ltr'>potuerimus</span> <span class='ocrx_word' id='word_1_461' title='bbox 857 3484 871 3501; x_wconf 92' lang='lat'>,</span> <span class='ocrx_word' id='word_1_462' title='bbox 906 3463 940 3495; x_wconf 90' lang='lat' dir='ltr'>in</span> <span class='ocrx_word' id='word_1_463' title='bbox 966 3471 1009 3495; x_wconf 87' lang='lat' dir='ltr'>eo</span> <span class='ocrx_word' id='word_1_464' title='bbox 1044 3458 1138 3507; x_wconf 89' lang='lat' dir='ltr'>quod</span> <span class='ocrx_word' id='word_1_465' title='bbox 1164 3471 1234 3494; x_wconf 92' lang='lat' dir='ltr'>non</span> 
     </span>
     <span class='ocr_line' id='line_1_59' title="bbox 314 3508 1236 3557; baseline 0.001 -14"><span class='ocrx_word' id='word_1_466' title='bbox 314 3509 526 3556; x_wconf 84' lang='lat' dir='ltr'>potuerimus</span> <span class='ocrx_word' id='word_1_467' title='bbox 544 3531 556 3550; x_wconf 94' lang='lat'>,</span> <span class='ocrx_word' id='word_1_468' title='bbox 581 3520 678 3543; x_wconf 87' lang='lat' dir='ltr'>orare</span> <span class='ocrx_word' id='word_1_469' title='bbox 696 3533 706 3543; x_wconf 88' lang='lat'>.</span> <span class='ocrx_word' id='word_1_470' title='bbox 742 3508 892 3554; x_wconf 88' lang='lat' dir='ltr'>Quando</span> <span class='ocrx_word' id='word_1_471' title='bbox 916 3513 1036 3557; x_wconf 80' lang='lat' dir='ltr'>gratias</span> <span class='ocrx_word' id='word_1_472' title='bbox 1062 3512 1130 3557; x_wconf 86' lang='lat' dir='ltr'>agis</span> <span class='ocrx_word' id='word_1_473' title='bbox 1150 3534 1161 3550; x_wconf 87' lang='lat'>‚</span> <span class='ocrx_word' id='word_1_474' title='bbox 1185 3521 1236 3544; x_wconf 88' lang='lat' dir='ltr'>ca-</span> 
     </span>
     <span class='ocr_line' id='line_1_60' title="bbox 314 3555 1236 3607; baseline -0.001 -13"><span class='ocrx_word' id='word_1_475' title='bbox 314 3570 373 3594; x_wconf 87' lang='lat' dir='ltr'>ves</span> <span class='ocrx_word' id='word_1_476' title='bbox 398 3569 439 3593; x_wconf 86' lang='lat' dir='ltr'>ne</span> <span class='ocrx_word' id='word_1_477' title='bbox 464 3555 632 3594; x_wconf 87' lang='lat' dir='ltr'>damneris</span> <span class='ocrx_word' id='word_1_478' title='bbox 649 3560 823 3604; x_wconf 83' lang='lat' dir='ltr'>ingratus:</span> <span class='ocrx_word' id='word_1_479' title='bbox 847 3559 984 3607; x_wconf 89' lang='lat' dir='ltr'>quando</span> <span class='ocrx_word' id='word_1_480' title='bbox 1009 3570 1119 3596; x_wconf 85' lang='lat' dir='ltr'>autem</span> <span class='ocrx_word' id='word_1_481' title='bbox 1141 3557 1236 3606; x_wconf 87' lang='lat' dir='ltr'>quod</span> 
     </span>
     <span class='ocr_line' id='line_1_61' title="bbox 314 3605 1236 3656; baseline -0.001 -11"><span class='ocrx_word' id='word_1_482' title='bbox 314 3606 468 3645; x_wconf 88' lang='lat' dir='ltr'>nondum</span> <span class='ocrx_word' id='word_1_483' title='bbox 487 3605 590 3644; x_wconf 87' lang='lat' dir='ltr'>habes</span> <span class='ocrx_word' id='word_1_484' title='bbox 611 3610 715 3656; x_wconf 84' lang='lat' dir='ltr'>petis,</span> <span class='ocrx_word' id='word_1_485' title='bbox 741 3620 838 3645; x_wconf 88' lang='lat' dir='ltr'>caves</span> <span class='ocrx_word' id='word_1_486' title='bbox 856 3621 898 3645; x_wconf 88' lang='lat' dir='ltr'>ne</span> <span class='ocrx_word' id='word_1_487' title='bbox 915 3621 1083 3646; x_wconf 86' lang='lat' dir='ltr'>remaneas</span> <span class='ocrx_word' id='word_1_488' title='bbox 1110 3612 1236 3651; x_wconf 85' lang='lat' dir='ltr'>inanis,</span> 
     </span>
    </p>

    <p class='ocr_par' dir='ltr' id='par_1_7' title="bbox 314 3656 611 3707">
     <span class='ocr_line' id='line_1_62' title="bbox 314 3656 611 3707; baseline -0.007 -12"><span class='ocrx_word' id='word_1_489' title='bbox 314 3661 392 3707; x_wconf 89' lang='lat' dir='ltr'>quia</span> <span class='ocrx_word' id='word_1_490' title='bbox 419 3656 611 3705; x_wconf 86' lang='lat' dir='ltr'>impediris.</span> 
     </span>
    </p>

    <p class='ocr_par' dir='ltr' id='par_1_8' title="bbox 125 3707 1237 3858">
     <span class='ocr_line' id='line_1_63' title="bbox 160 3707 1236 3759; baseline 0.001 -16"><span class='ocrx_word' id='word_1_491' title='bbox 160 3723 299 3759; x_wconf 49' lang='lat' dir='ltr'>Obice-50</span> <span class='ocrx_word' id='word_1_492' title='bbox 366 3711 527 3754; x_wconf 86' lang='lat' dir='ltr'>Cogitate</span> <span class='ocrx_word' id='word_1_493' title='bbox 560 3720 644 3755; x_wconf 88' lang='lat' dir='ltr'>ergo</span> <span class='ocrx_word' id='word_1_494' title='bbox 669 3707 730 3746; x_wconf 85' lang='lat' dir='ltr'>ista</span> <span class='ocrx_word' id='word_1_495' title='bbox 750 3733 764 3751; x_wconf 93' lang='lat'>,</span> <span class='ocrx_word' id='word_1_496' title='bbox 796 3711 928 3744; x_wconf 83' lang='lat' dir='ltr'>Fratres</span> <span class='ocrx_word' id='word_1_497' title='bbox 953 3712 1020 3745; x_wconf 90' lang='lat' dir='ltr'>mei</span> <span class='ocrx_word' id='word_1_498' title='bbox 1043 3736 1055 3753; x_wconf 89' lang='lat'>,</span> <span class='ocrx_word' id='word_1_499' title='bbox 1089 3708 1236 3756; x_wconf 86' lang='lat' dir='ltr'>quisquis</span> 
     </span>
     <span class='ocr_line' id='line_1_64' title="bbox 125 3755 1237 3806; baseline -0.001 -11"><span class='ocrx_word' id='word_1_500' title='bbox 125 3763 293 3806; x_wconf 81' lang='lat' dir='ltr'>Pelagiano—</span> <span class='ocrx_word' id='word_1_501' title='bbox 317 3758 360 3796; x_wconf 87' lang='lat' dir='ltr'>ad</span> <span class='ocrx_word' id='word_1_502' title='bbox 384 3770 447 3794; x_wconf 90' lang='lat' dir='ltr'>vos</span> <span class='ocrx_word' id='word_1_503' title='bbox 471 3755 659 3801; x_wconf 88' lang='lat' dir='ltr'>accesserit,</span> <span class='ocrx_word' id='word_1_504' title='bbox 683 3763 717 3795; x_wconf 75' lang='grc' dir='ltr'>δι</span> <span class='ocrx_word' id='word_1_505' title='bbox 737 3757 863 3794; x_wconf 82' lang='lat' dir='ltr'>dixerit</span> <span class='ocrx_word' id='word_1_506' title='bbox 889 3757 1009 3802; x_wconf 89' lang='lat' dir='ltr'>vobis,</span> <span class='ocrx_word' id='word_1_507' title='bbox 1034 3759 1129 3806; x_wconf 90' lang='lat' dir='ltr'>Quid</span> <span class='ocrx_word' id='word_1_508' title='bbox 1154 3771 1237 3806; x_wconf 87' lang='lat' dir='ltr'>ergo</span> 
     </span>
     <span class='ocr_line' id='line_1_65' title="bbox 127 3806 1237 3858; baseline 0.001 -13"><span class='ocrx_word' id='word_1_509' title='bbox 127 3813 206 3835; x_wconf 73' lang='lat'>‘⁰¹¹²-</span> <span class='ocrx_word' id='word_1_510' title='bbox 320 3821 382 3845; x_wconf 87' lang='lat' dir='ltr'>nos</span> <span class='ocrx_word' id='word_1_511' title='bbox 415 3807 553 3844; x_wconf 86' lang='lat' dir='ltr'>facimus</span> <span class='ocrx_word' id='word_1_512' title='bbox 571 3833 584 3851; x_wconf 89' lang='lat'>,</span> <span class='ocrx_word' id='word_1_513' title='bbox 618 3807 642 3844; x_wconf 87' lang='lat' dir='ltr'><strong>fi</strong></span> <span class='ocrx_word' id='word_1_514' title='bbox 666 3806 757 3847; x_wconf 87' lang='lat' dir='ltr'>nihil</span> <span class='ocrx_word' id='word_1_515' title='bbox 779 3806 943 3853; x_wconf 80' lang='lat' dir='ltr'>habemus</span> <span class='ocrx_word' id='word_1_516' title='bbox 975 3814 1009 3846; x_wconf 89' lang='lat' dir='ltr'>in</span> <span class='ocrx_word' id='word_1_517' title='bbox 1036 3808 1198 3858; x_wconf 83' lang='lat' dir='ltr'>potestate</span> <span class='ocrx_word' id='word_1_518' title='bbox 1224 3834 1237 3854; x_wconf 92' lang='lat'>,</span> 
     </span>
    </p>

    <p class='ocr_par' dir='ltr' id='par_1_9' title="bbox 418 3858 628 3906">
     <span class='ocr_line' id='line_1_66' title="bbox 418 3858 628 3906; baseline -0.01 -9"><span class='ocrx_word' id='word_1_519' title='bbox 418 3864 449 3897; x_wconf 86' lang='lat' dir='ltr'>S.</span> <span class='ocrx_word' id='word_1_520' title='bbox 475 3858 628 3906; x_wconf 77' lang='lat' dir='ltr'>Prosperi-</span> 
     </span>
    </p>
   </div>
   <div class='ocr_carea' id='block_1_6' title="bbox 93 1921 252 1964">
    <p class='ocr_par' dir='ltr' id='par_1_10' title="bbox 93 1921 252 1964">
     <span class='ocr_line' id='line_1_67' title="bbox 93 1921 252 1964; baseline 0 -3"><span class='ocrx_word' id='word_1_521' title='bbox 93 1921 252 1964; x_wconf 64' lang='lat' dir='ltr'>Psoi-93³.</span> 
     </span>
    </p>
   </div>
   <div class='ocr_carea' id='block_1_7' title="bbox 107 2287 275 2330">
    <p class='ocr_par' dir='ltr' id='par_1_11' title="bbox 107 2287 275 2330">
     <span class='ocr_line' id='line_1_68' title="bbox 107 2287 275 2330; baseline 0.018 -12"><span class='ocrx_word' id='word_1_522' title='bbox 107 2287 208 2330; x_wconf 73' lang='lat' dir='ltr'>Jacob.</span> <span class='ocrx_word' id='word_1_523' title='bbox 218 2292 261 2321; x_wconf 71' lang='lat'>105</span> <span class='ocrx_word' id='word_1_524' title='bbox 266 2303 275 2313; x_wconf 90' lang='lat'><strong>·</strong></span> 
     </span>
    </p>
   </div>
   <div class='ocr_carea' id='block_1_8' title="bbox 2086 225 2183 276">
    <p class='ocr_par' dir='ltr' id='par_1_12' title="bbox 2086 225 2183 276">
     <span class='ocr_line' id='line_1_69' title="bbox 2086 225 2183 276; baseline -0.01 0"><span class='ocrx_word' id='word_1_525' title='bbox 2086 225 2183 276; x_wconf 80' lang='lat'>181</span> 
     </span>
    </p>
   </div>
   <div class='ocr_carea' id='block_1_9' title="bbox 1271 310 2197 661">
    <p class='ocr_par' dir='ltr' id='par_1_13' title="bbox 1271 310 2197 661">
     <span class='ocr_line' id='line_1_70' title="bbox 1272 310 2191 359; baseline 0.003 -13"><span class='ocrx_word' id='word_1_526' title='bbox 1272 310 1331 347; x_wconf 87' lang='lat' dir='ltr'>nifi</span> <span class='ocrx_word' id='word_1_527' title='bbox 1355 314 1450 350; x_wconf 86' lang='lat' dir='ltr'>Deus</span> <span class='ocrx_word' id='word_1_528' title='bbox 1474 312 1532 349; x_wconf 91' lang='lat' dir='ltr'>det</span> <span class='ocrx_word' id='word_1_529' title='bbox 1556 314 1694 348; x_wconf 85' lang='lat' dir='ltr'>omnia?</span> <span class='ocrx_word' id='word_1_530' title='bbox 1719 313 1815 359; x_wconf 86' lang='lat' dir='ltr'>Ergo</span> <span class='ocrx_word' id='word_1_531' title='bbox 1840 323 1912 347; x_wconf 88' lang='lat' dir='ltr'>non</span> <span class='ocrx_word' id='word_1_532' title='bbox 1936 323 1998 347; x_wconf 85' lang='lat' dir='ltr'>nos</span> <span class='ocrx_word' id='word_1_533' title='bbox 2015 314 2191 350; x_wconf 83' lang='lat' dir='ltr'>coronabit</span> 
     </span>
     <span class='ocr_line' id='line_1_71' title="bbox 1272 361 2193 410; baseline 0.002 -13"><span class='ocrx_word' id='word_1_534' title='bbox 1272 363 1365 398; x_wconf 88' lang='lat' dir='ltr'>Deus</span> <span class='ocrx_word' id='word_1_535' title='bbox 1383 388 1396 406; x_wconf 92' lang='lat'>,</span> <span class='ocrx_word' id='word_1_536' title='bbox 1430 362 1486 399; x_wconf 87' lang='lat' dir='ltr'>sed</span> <span class='ocrx_word' id='word_1_537' title='bbox 1520 361 1551 399; x_wconf 89' lang='lat' dir='ltr'>se</span> <span class='ocrx_word' id='word_1_538' title='bbox 1585 361 1764 398; x_wconf 88' lang='lat' dir='ltr'>coronabit</span> <span class='ocrx_word' id='word_1_539' title='bbox 1783 390 1790 398; x_wconf 96' lang='lat'>.</span> <span class='ocrx_word' id='word_1_540' title='bbox 1824 363 1897 403; x_wconf 79' lang='lat' dir='ltr'>Iam</span> <span class='ocrx_word' id='word_1_541' title='bbox 1931 361 2083 404; x_wconf 81' lang='lat' dir='ltr'>videtis,</span> <span class='ocrx_word' id='word_1_542' title='bbox 2115 367 2193 410; x_wconf 88' lang='lat' dir='ltr'>quia</span> 
     </span>
     <span class='ocr_line' id='line_1_72' title="bbox 1272 411 2193 455; baseline 0.002 -9"><span class='ocrx_word' id='word_1_543' title='bbox 1272 411 1313 446; x_wconf 87' lang='lat' dir='ltr'>de</span> <span class='ocrx_word' id='word_1_544' title='bbox 1348 412 1406 449; x_wconf 85' lang='lat' dir='ltr'>illa</span> <span class='ocrx_word' id='word_1_545' title='bbox 1442 425 1526 448; x_wconf 86' lang='lat' dir='ltr'>vena</span> <span class='ocrx_word' id='word_1_546' title='bbox 1561 417 1681 449; x_wconf 85' lang='lat' dir='ltr'>venit:</span> <span class='ocrx_word' id='word_1_547' title='bbox 1708 425 1793 449; x_wconf 88' lang='lat' dir='ltr'>vena</span> <span class='ocrx_word' id='word_1_548' title='bbox 1825 411 1905 455; x_wconf 88' lang='lat' dir='ltr'>est,</span> <span class='ocrx_word' id='word_1_549' title='bbox 1937 412 1994 448; x_wconf 86' lang='lat' dir='ltr'>sed</span> <span class='ocrx_word' id='word_1_550' title='bbox 2026 423 2193 448; x_wconf 86' lang='lat' dir='ltr'>venenum</span> 
     </span>
     <span class='ocr_line' id='line_1_73' title="bbox 1274 460 2193 510; baseline -0.002 -13"><span class='ocrx_word' id='word_1_551' title='bbox 1274 460 1398 504; x_wconf 80' lang='lat' dir='ltr'>habet,</span> <span class='ocrx_word' id='word_1_552' title='bbox 1422 460 1569 510; x_wconf 77' lang='lat' dir='ltr'>percussa</span> <span class='ocrx_word' id='word_1_553' title='bbox 1594 462 1642 499; x_wconf 78' lang='lat' dir='ltr'>est&#39;</span> <span class='ocrx_word' id='word_1_554' title='bbox 1668 467 1759 499; x_wconf 90' lang='lat' dir='ltr'>enim</span> <span class='ocrx_word' id='word_1_555' title='bbox 1783 475 1802 499; x_wconf 85' lang='lat' dir='ltr'>a</span> <span class='ocrx_word' id='word_1_556' title='bbox 1827 461 2000 510; x_wconf 83' lang='lat' dir='ltr'>serpente,</span> <span class='ocrx_word' id='word_1_557' title='bbox 2024 460 2098 497; x_wconf 76' lang='lat' dir='ltr'>sana</span> <span class='ocrx_word' id='word_1_558' title='bbox 2122 473 2193 496; x_wconf 89' lang='lat' dir='ltr'>non</span> 
     </span>
     <span class='ocr_line' id='line_1_74' title="bbox 1274 510 2196 560; baseline -0.002 -13"><span class='ocrx_word' id='word_1_559' title='bbox 1274 511 1322 548; x_wconf 85' lang='lat' dir='ltr'>est</span> <span class='ocrx_word' id='word_1_560' title='bbox 1341 536 1350 546; x_wconf 90' lang='lat'><strong>.</strong></span> <span class='ocrx_word' id='word_1_561' title='bbox 1384 514 1466 549; x_wconf 81' lang='lat' dir='ltr'>Hoc</span> <span class='ocrx_word' id='word_1_562' title='bbox 1491 517 1583 548; x_wconf 89' lang='lat' dir='ltr'>enim</span> <span class='ocrx_word' id='word_1_563' title='bbox 1607 517 1676 559; x_wconf 83' lang='lat' dir='ltr'>agit</span> <span class='ocrx_word' id='word_1_564' title='bbox 1701 512 1809 550; x_wconf 90' lang='lat' dir='ltr'>hodie</span> <span class='ocrx_word' id='word_1_565' title='bbox 1835 512 1957 550; x_wconf 73' lang='lat' dir='ltr'>satanas</span> <span class='ocrx_word' id='word_1_566' title='bbox 1977 537 1990 555; x_wconf 92' lang='lat'>,</span> <span class='ocrx_word' id='word_1_567' title='bbox 2014 510 2196 560; x_wconf 90' lang='lat' dir='ltr'>quomodo</span> 
     </span>
     <span class='ocr_line' id='line_1_75' title="bbox 1271 558 2197 610; baseline -0.003 -12"><span class='ocrx_word' id='word_1_568' title='bbox 1271 565 1331 610; x_wconf 75' lang='lat' dir='ltr'>p‘er</span> <span class='ocrx_word' id='word_1_569' title='bbox 1356 574 1484 599; x_wconf 86' lang='lat' dir='ltr'>venena</span> <span class='ocrx_word' id='word_1_570' title='bbox 1509 561 1749 600; x_wconf 84' lang='lat' dir='ltr'>haereticorum</span> <span class='ocrx_word' id='word_1_571' title='bbox 1767 565 1879 606; x_wconf 83' lang='lat' dir='ltr'>ejiciat</span> <span class='ocrx_word' id='word_1_572' title='bbox 1901 563 1943 599; x_wconf 90' lang='lat' dir='ltr'>ad</span> <span class='ocrx_word' id='word_1_573' title='bbox 1969 561 2135 603; x_wconf 75' lang='lat' dir='ltr'>Ecclesia,</span> <span class='ocrx_word' id='word_1_574' title='bbox 2159 558 2197 595; x_wconf 87' lang='lat' dir='ltr'>fi·</span> 
     </span>
     <span class='ocr_line' id='line_1_76' title="bbox 1272 612 2197 661; baseline -0.002 -14"><span class='ocrx_word' id='word_1_575' title='bbox 1272 623 1329 648; x_wconf 92' lang='lat' dir='ltr'>cut</span> <span class='ocrx_word' id='word_1_576' title='bbox 1353 622 1436 649; x_wconf 88' lang='lat' dir='ltr'>tunc</span> <span class='ocrx_word' id='word_1_577' title='bbox 1462 624 1522 660; x_wconf 84' lang='lat' dir='ltr'>per</span> <span class='ocrx_word' id='word_1_578' title='bbox 1558 625 1685 648; x_wconf 88' lang='lat' dir='ltr'>venena</span> <span class='ocrx_word' id='word_1_579' title='bbox 1711 613 1871 661; x_wconf 71' lang='lat' dir='ltr'>serpentis</span> <span class='ocrx_word' id='word_1_580' title='bbox 1896 615 1994 659; x_wconf 87' lang='lat' dir='ltr'>ejecit</span> <span class='ocrx_word' id='word_1_581' title='bbox 2026 612 2068 649; x_wconf 88' lang='lat' dir='ltr'>de</span> <span class='ocrx_word' id='word_1_582' title='bbox 2104 622 2197 659; x_wconf 85' lang='lat' dir='ltr'>para-</span> 
     </span>
    </p>
   </div>
   <div class='ocr_carea' id='block_1_10' title="bbox 1272 657 2375 738">
    <p class='ocr_par' dir='ltr' id='par_1_14' title="bbox 1272 657 2375 738">
     <span class='ocr_line' id='line_1_77' title="bbox 1272 657 2375 738; baseline 0 -40"><span class='ocrx_word' id='word_1_583' title='bbox 1272 662 1345 698; x_wconf 86' lang='lat' dir='ltr'>diso</span> <span class='ocrx_word' id='word_1_584' title='bbox 1369 690 1377 699; x_wconf 90' lang='lat'><strong>.</strong></span> <span class='ocrx_word' id='word_1_585' title='bbox 1411 663 1518 699; x_wconf 87' lang='lat' dir='ltr'>Illum</span> <span class='ocrx_word' id='word_1_586' title='bbox 1543 666 1558 706; x_wconf 87' lang='grc'>&lt;</span> <span class='ocrx_word' id='word_1_587' title='bbox 1581 663 1747 707; x_wconf 74' lang='lat' dir='ltr'>Pelagium</span> <span class='ocrx_word' id='word_1_588' title='bbox 1770 663 1786 702; x_wconf 90' lang='lat'>)</span> <span class='ocrx_word' id='word_1_589' title='bbox 1811 675 1913 699; x_wconf 91' lang='lat' dir='ltr'>nemo</span> <span class='ocrx_word' id='word_1_590' title='bbox 1946 663 2034 699; x_wconf 90' lang='lat' dir='ltr'>dicat</span> <span class='ocrx_word' id='word_1_591' title='bbox 2061 658 2195 698; x_wconf 66' lang='lat' dir='ltr'>&#39;absolu-</span> <span class='ocrx_word' id='word_1_592' title='bbox 2212 657 2375 738; x_wconf 52' lang='lat' dir='ltr'>qssffigss‘</span> 
     </span>
    </p>
   </div>
   <div class='ocr_carea' id='block_1_11' title="bbox 1273 710 2375 771">
    <p class='ocr_par' dir='ltr' id='par_1_15' title="bbox 1273 710 2375 771">
     <span class='ocr_line' id='line_1_78' title="bbox 1273 710 2375 771; baseline 0.004 -24"><span class='ocrx_word' id='word_1_593' title='bbox 1273 722 1347 748; x_wconf 87' lang='lat' dir='ltr'>tum</span> <span class='ocrx_word' id='word_1_594' title='bbox 1373 710 1435 749; x_wconf 86' lang='lat' dir='ltr'>esse</span> <span class='ocrx_word' id='word_1_595' title='bbox 1460 711 1502 748; x_wconf 93' lang='lat' dir='ltr'>ab</span> <span class='ocrx_word' id='word_1_596' title='bbox 1526 711 1692 761; x_wconf 81' lang='lat' dir='ltr'>episcopis</span> <span class='ocrx_word' id='word_1_597' title='bbox 1719 727 1728 748; x_wconf 74' lang='grc' dir='ltr'><strong><em>ε</em></strong></span> <span class='ocrx_word' id='word_1_598' title='bbox 1754 711 1904 749; x_wconf 87' lang='lat' dir='ltr'>absoluta</span> <span class='ocrx_word' id='word_1_599' title='bbox 1929 712 1978 749; x_wconf 88' lang='lat' dir='ltr'>est</span> <span class='ocrx_word' id='word_1_600' title='bbox 1997 738 2009 756; x_wconf 87' lang='lat'>‚</span> <span class='ocrx_word' id='word_1_601' title='bbox 2036 712 2091 749; x_wconf 89' lang='lat' dir='ltr'>sed</span> <span class='ocrx_word' id='word_1_602' title='bbox 2115 724 2197 747; x_wconf 90' lang='lat' dir='ltr'>con·</span> <span class='ocrx_word' id='word_1_603' title='bbox 2213 738 2375 771; x_wconf 78' lang='lat' dir='ltr'>absolutus.</span> 
     </span>
    </p>
   </div>
   <div class='ocr_carea' id='block_1_12' title="bbox 1273 761 2205 1213">
    <p class='ocr_par' dir='ltr' id='par_1_16' title="bbox 1273 761 2205 1213">
     <span class='ocr_line' id='line_1_79' title="bbox 1273 761 2197 811; baseline 0.001 -14"><span class='ocrx_word' id='word_1_604' title='bbox 1273 761 1367 798; x_wconf 82' lang='lat' dir='ltr'>feffio</span> <span class='ocrx_word' id='word_1_605' title='bbox 1385 788 1397 806; x_wconf 94' lang='lat'>,</span> <span class='ocrx_word' id='word_1_606' title='bbox 1422 761 1512 811; x_wconf 82' lang='lat' dir='ltr'>quafi</span> <span class='ocrx_word' id='word_1_607' title='bbox 1537 765 1709 799; x_wconf 72' lang='lat' dir='ltr'>correctio</span> <span class='ocrx_word' id='word_1_608' title='bbox 1736 762 1803 811; x_wconf 61' lang='grc' dir='ltr'>ἐρῶ</span> <span class='ocrx_word' id='word_1_609' title='bbox 1829 762 1878 799; x_wconf 89' lang='lat' dir='ltr'>est</span> <span class='ocrx_word' id='word_1_610' title='bbox 1902 762 2052 800; x_wconf 85' lang='lat' dir='ltr'>absoluta</span> <span class='ocrx_word' id='word_1_611' title='bbox 2071 790 2079 798; x_wconf 92' lang='lat'><strong>.</strong></span> <span class='ocrx_word' id='word_1_612' title='bbox 2104 764 2197 807; x_wconf 82' lang='lat' dir='ltr'>Quia</span> 
     </span>
     <span class='ocr_line' id='line_1_80' title="bbox 1274 812 2198 861; baseline -0.001 -14"><span class='ocrx_word' id='word_1_613' title='bbox 1274 825 1311 848; x_wconf 86' lang='lat' dir='ltr'>ea</span> <span class='ocrx_word' id='word_1_614' title='bbox 1337 825 1410 860; x_wconf 83' lang='lat' dir='ltr'>quae</span> <span class='ocrx_word' id='word_1_615' title='bbox 1428 814 1518 850; x_wconf 86' lang='lat' dir='ltr'>dixit</span> <span class='ocrx_word' id='word_1_616' title='bbox 1535 822 1610 848; x_wconf 85' lang='lat' dir='ltr'>ante</span> <span class='ocrx_word' id='word_1_617' title='bbox 1636 812 1836 861; x_wconf 86' lang='lat' dir='ltr'>episcopos,</span> <span class='ocrx_word' id='word_1_618' title='bbox 1862 812 2030 850; x_wconf 87' lang='lat' dir='ltr'>catholica</span> <span class='ocrx_word' id='word_1_619' title='bbox 2042 812 2198 850; x_wconf 87' lang='lat' dir='ltr'>videban-</span> 
     </span>
     <span class='ocr_line' id='line_1_81' title="bbox 1277 861 2198 911; baseline 0 -14"><span class='ocrx_word' id='word_1_620' title='bbox 1277 873 1361 898; x_wconf 80' lang='lat' dir='ltr'>tur:</span> <span class='ocrx_word' id='word_1_621' title='bbox 1387 875 1463 910; x_wconf 81' lang='lat' dir='ltr'>quae</span> <span class='ocrx_word' id='word_1_622' title='bbox 1487 872 1598 898; x_wconf 88' lang='lat' dir='ltr'>autem</span> <span class='ocrx_word' id='word_1_623' title='bbox 1624 861 1751 911; x_wconf 78' lang='lat' dir='ltr'>scripfit</span> <span class='ocrx_word' id='word_1_624' title='bbox 1777 867 1810 899; x_wconf 93' lang='lat' dir='ltr'>in</span> <span class='ocrx_word' id='word_1_625' title='bbox 1837 862 1932 900; x_wconf 86' lang='lat' dir='ltr'>libris</span> <span class='ocrx_word' id='word_1_626' title='bbox 1956 864 2019 900; x_wconf 87' lang='lat' dir='ltr'>suis</span> <span class='ocrx_word' id='word_1_627' title='bbox 2036 888 2048 905; x_wconf 87' lang='lat'>‚</span> <span class='ocrx_word' id='word_1_628' title='bbox 2073 861 2198 911; x_wconf 83' lang='lat' dir='ltr'>episco—</span> 
     </span>
     <span class='ocr_line' id='line_1_82' title="bbox 1277 911 2201 960; baseline 0 -13"><span class='ocrx_word' id='word_1_629' title='bbox 1277 915 1312 960; x_wconf 90' lang='lat' dir='ltr'>pi</span> <span class='ocrx_word' id='word_1_630' title='bbox 1338 915 1396 958; x_wconf 89' lang='lat' dir='ltr'>qui</span> <span class='ocrx_word' id='word_1_631' title='bbox 1423 911 1662 954; x_wconf 90' lang='lat' dir='ltr'>absolverunt,</span> <span class='ocrx_word' id='word_1_632' title='bbox 1688 912 1897 953; x_wconf 82' lang='lat' dir='ltr'>nescierunt3</span> <span class='ocrx_word' id='word_1_633' title='bbox 1925 919 1958 950; x_wconf 92' lang='lat'><strong>&amp;</strong></span> <span class='ocrx_word' id='word_1_634' title='bbox 1978 913 2114 950; x_wconf 85' lang='lat' dir='ltr'>forsitan</span> <span class='ocrx_word' id='word_1_635' title='bbox 2125 924 2201 948; x_wconf 92' lang='lat' dir='ltr'>cor-</span> 
     </span>
     <span class='ocr_line' id='line_1_83' title="bbox 1276 960 2201 1009; baseline 0 -12"><span class='ocrx_word' id='word_1_636' title='bbox 1276 961 1388 998; x_wconf 58' lang='lat' dir='ltr'>ressus</span> <span class='ocrx_word' id='word_1_637' title='bbox 1413 961 1480 997; x_wconf 87' lang='lat' dir='ltr'>est.</span> <span class='ocrx_word' id='word_1_638' title='bbox 1507 960 1695 1009; x_wconf 85' lang='lat' dir='ltr'>Desperare</span> <span class='ocrx_word' id='word_1_639' title='bbox 1722 966 1813 998; x_wconf 86' lang='lat' dir='ltr'>enim</span> <span class='ocrx_word' id='word_1_640' title='bbox 1832 962 1874 999; x_wconf 90' lang='lat' dir='ltr'>de</span> <span class='ocrx_word' id='word_1_641' title='bbox 1898 962 2040 1000; x_wconf 87' lang='lat' dir='ltr'>homine</span> <span class='ocrx_word' id='word_1_642' title='bbox 2065 962 2201 1000; x_wconf 81' lang='lat' dir='ltr'>nonde-</span> 
     </span>
     <span class='ocr_line' id='line_1_84' title="bbox 1276 1009 2203 1062; baseline -0.001 -14"><span class='ocrx_word' id='word_1_643' title='bbox 1276 1010 1419 1054; x_wconf 84' lang='lat' dir='ltr'>bemus,</span> <span class='ocrx_word' id='word_1_644' title='bbox 1445 1013 1504 1060; x_wconf 89' lang='lat' dir='ltr'>qui</span> <span class='ocrx_word' id='word_1_645' title='bbox 1522 1009 1610 1047; x_wconf 89' lang='lat' dir='ltr'>forte</span> <span class='ocrx_word' id='word_1_646' title='bbox 1621 1010 1699 1047; x_wconf 86' lang='lat' dir='ltr'>fidei</span> <span class='ocrx_word' id='word_1_647' title='bbox 1719 1010 1911 1049; x_wconf 73' lang='lat' dir='ltr'>Catholicae</span> <span class='ocrx_word' id='word_1_648' title='bbox 1935 1014 2070 1062; x_wconf 82' lang='lat' dir='ltr'>adjungi</span> <span class='ocrx_word' id='word_1_649' title='bbox 2095 1014 2126 1049; x_wconf 89' lang='lat' dir='ltr'>se</span> <span class='ocrx_word' id='word_1_650' title='bbox 2136 1024 2203 1048; x_wconf 87' lang='lat' dir='ltr'>ma-</span> 
     </span>
     <span class='ocr_line' id='line_1_85' title="bbox 1280 1060 2205 1111; baseline 0.004 -13"><span class='ocrx_word' id='word_1_651' title='bbox 1280 1061 1367 1104; x_wconf 91' lang='lat' dir='ltr'>luit,</span> <span class='ocrx_word' id='word_1_652' title='bbox 1392 1065 1426 1098; x_wconf 82' lang='lat'>&amp;</span> <span class='ocrx_word' id='word_1_653' title='bbox 1451 1060 1492 1098; x_wconf 86' lang='lat' dir='ltr'>ad</span> <span class='ocrx_word' id='word_1_654' title='bbox 1517 1061 1586 1105; x_wconf 84' lang='lat' dir='ltr'>ejus</span> <span class='ocrx_word' id='word_1_655' title='bbox 1610 1064 1752 1109; x_wconf 85' lang='lat' dir='ltr'>gratiam</span> <span class='ocrx_word' id='word_1_656' title='bbox 1771 1064 2002 1111; x_wconf 87' lang='lat' dir='ltr'>auxiliumque</span> <span class='ocrx_word' id='word_1_657' title='bbox 2028 1064 2205 1111; x_wconf 72' lang='lat' dir='ltr'>confligit,</span> 
     </span>
     <span class='ocr_line' id='line_1_86' title="bbox 1281 1109 2203 1150; baseline -0.002 -2"><span class='ocrx_word' id='word_1_658' title='bbox 1281 1111 1373 1148; x_wconf 87' lang='lat' dir='ltr'>forte</span> <span class='ocrx_word' id='word_1_659' title='bbox 1405 1109 1476 1148; x_wconf 88' lang='lat' dir='ltr'>hoc</span> <span class='ocrx_word' id='word_1_660' title='bbox 1500 1109 1626 1147; x_wconf 67' lang='lat' dir='ltr'>factum</span> <span class='ocrx_word' id='word_1_661' title='bbox 1652 1110 1717 1146; x_wconf 87' lang='lat' dir='ltr'>fit:</span> <span class='ocrx_word' id='word_1_662' title='bbox 1752 1122 1864 1148; x_wconf 89' lang='lat' dir='ltr'>tamen</span> <span class='ocrx_word' id='word_1_663' title='bbox 1899 1126 1968 1150; x_wconf 90' lang='lat' dir='ltr'>non</span> <span class='ocrx_word' id='word_1_664' title='bbox 2002 1112 2132 1150; x_wconf 81' lang='lat' dir='ltr'>haerefis</span> <span class='ocrx_word' id='word_1_665' title='bbox 2156 1109 2203 1149; x_wconf 87' lang='lat' dir='ltr'>est</span> 
     </span>
     <span class='ocr_line' id='line_1_87' title="bbox 1282 1158 2014 1213; baseline 0.001 -14"><span class='ocrx_word' id='word_1_666' title='bbox 1282 1161 1456 1206; x_wconf 88' lang='lat' dir='ltr'>absoluta,</span> <span class='ocrx_word' id='word_1_667' title='bbox 1481 1158 1537 1197; x_wconf 86' lang='lat' dir='ltr'>sed</span> <span class='ocrx_word' id='word_1_668' title='bbox 1560 1160 1673 1198; x_wconf 90' lang='lat' dir='ltr'>homo</span> <span class='ocrx_word' id='word_1_669' title='bbox 1697 1159 1849 1200; x_wconf 84' lang='lat' dir='ltr'>haerefim</span> <span class='ocrx_word' id='word_1_670' title='bbox 1873 1176 2014 1213; x_wconf 87' lang='lat' dir='ltr'>negans.</span> 
     </span>
    </p>
   </div>
   <div class='ocr_carea' id='block_1_13' title="bbox 1310 1295 1530 1304">
    <p class='ocr_par' dir='ltr' id='par_1_17' title="bbox 1310 1295 1530 1304">
     <span class='ocr_line' id='line_1_88' title="bbox 1310 1295 1530 1304; baseline 0 0"><span class='ocrx_word' id='word_1_671' title='bbox 1310 1295 1530 1304; x_wconf 95' lang='lat' dir='ltr'> </span> 
     </span>
    </p>
   </div>
   <div class='ocr_carea' id='block_1_14' title="bbox 1962 1299 2205 1308">
    <p class='ocr_par' dir='ltr' id='par_1_18' title="bbox 1962 1299 2205 1308">
     <span class='ocr_line' id='line_1_89' title="bbox 1962 1299 2205 1308; baseline 0 2818"><span class='ocrx_word' id='word_1_672' title='bbox 1962 1299 2205 1308; x_wconf 95' lang='lat' dir='ltr'> </span> 
     </span>
    </p>
   </div>
   <div class='ocr_carea' id='block_1_15' title="bbox 1307 1383 2198 1484">
    <p class='ocr_par' dir='ltr' id='par_1_19' title="bbox 1307 1383 2198 1484">
     <span class='ocr_line' id='line_1_90' title="bbox 1307 1383 2198 1435; baseline 0.003 -12"><span class='ocrx_word' id='word_1_673' title='bbox 1307 1391 1361 1424; x_wconf 83' lang='lat' dir='ltr'>Ex</span> <span class='ocrx_word' id='word_1_674' title='bbox 1382 1383 1461 1423; x_wconf 81' lang='lat' dir='ltr'>libro</span> <span class='ocrx_word' id='word_1_675' title='bbox 1484 1384 1619 1432; x_wconf 72' lang='lat' dir='ltr'>ejusdem</span> <span class='ocrx_word' id='word_1_676' title='bbox 1643 1388 1685 1423; x_wconf 81' lang='lat' dir='ltr'>ad</span> <span class='ocrx_word' id='word_1_677' title='bbox 1701 1387 1919 1426; x_wconf 85' lang='lat' dir='ltr'>Marcellinum</span> <span class='ocrx_word' id='word_1_678' title='bbox 1943 1391 1981 1426; x_wconf 84' lang='lat' dir='ltr'>de</span> <span class='ocrx_word' id='word_1_679' title='bbox 2005 1391 2124 1435; x_wconf 83' lang='lat' dir='ltr'>Spiritu</span> <span class='ocrx_word' id='word_1_680' title='bbox 2141 1390 2198 1434; x_wconf 51' lang='lat'>&amp;2</span> 
     </span>
     <span class='ocr_line' id='line_1_91' title="bbox 1538 1439 1962 1484; baseline 0.007 -12"><span class='ocrx_word' id='word_1_681' title='bbox 1538 1439 1682 1473; x_wconf 80' lang='lat' dir='ltr'>Littera.</span> <span class='ocrx_word' id='word_1_682' title='bbox 1708 1448 1776 1484; x_wconf 81' lang='lat' dir='ltr'>cap.</span> <span class='ocrx_word' id='word_1_683' title='bbox 1798 1450 1851 1474; x_wconf 88' lang='lat'>10.</span> <span class='ocrx_word' id='word_1_684' title='bbox 1862 1452 1892 1476; x_wconf 86' lang='lat' dir='ltr'>n.</span> <span class='ocrx_word' id='word_1_685' title='bbox 1908 1451 1962 1484; x_wconf 74' lang='lat'>17,</span> 
     </span>
    </p>
   </div>
   <div class='ocr_carea' id='block_1_16' title="bbox 1277 1555 2410 2592">
    <p class='ocr_par' dir='ltr' id='par_1_20' title="bbox 1277 1555 2410 2592">
     <span class='ocr_line' id='line_1_92' title="bbox 1335 1555 2403 1610; baseline 0.003 -12"><span class='ocrx_word' id='word_1_686' title='bbox 1335 1564 1440 1599; x_wconf 89' lang='lat' dir='ltr'>DEO</span> <span class='ocrx_word' id='word_1_687' title='bbox 1465 1561 1546 1598; x_wconf 84' lang='lat' dir='ltr'>dicit</span> <span class='ocrx_word' id='word_1_688' title='bbox 1565 1587 1578 1604; x_wconf 88' lang='lat'>‚</span> <span class='ocrx_word' id='word_1_689' title='bbox 1613 1562 1682 1600; x_wconf 81' lang='lat' dir='ltr'>vbi</span> <span class='ocrx_word' id='word_1_690' title='bbox 1705 1562 1746 1606; x_wconf 72' lang='lat' dir='ltr'>eli</span> <span class='ocrx_word' id='word_1_691' title='bbox 1770 1576 1839 1609; x_wconf 86' lang='lat' dir='ltr'>ergo</span> <span class='ocrx_word' id='word_1_692' title='bbox 1859 1565 2007 1610; x_wconf 84' lang='lat' dir='ltr'>gloriatio</span> <span class='ocrx_word' id='word_1_693' title='bbox 2032 1566 2122 1602; x_wconf 84' lang='lat' dir='ltr'>tua?</span> <span class='ocrx_word' id='word_1_694' title='bbox 2145 1568 2212 1600; x_wconf 81' lang='lat' dir='ltr'>Ex·</span> <span class='ocrx_word' id='word_1_695' title='bbox 2229 1555 2403 1591; x_wconf 74' lang='lat' dir='ltr'><strong><em>R⁰m‘³⁴²⁷·</em></strong></span> 
     </span>
     <span class='ocr_line' id='line_1_93' title="bbox 1357 1611 2211 1661; baseline 0.002 -13"><span class='ocrx_word' id='word_1_696' title='bbox 1357 1611 1442 1656; x_wconf 76' lang='lat' dir='ltr'>clusa</span> <span class='ocrx_word' id='word_1_697' title='bbox 1464 1611 1524 1656; x_wconf 69' lang='lat' dir='ltr'>esi.</span> <span class='ocrx_word' id='word_1_698' title='bbox 1551 1618 1618 1648; x_wconf 75' lang='lat' dir='ltr'>Per</span> <span class='ocrx_word' id='word_1_699' title='bbox 1641 1625 1738 1659; x_wconf 82' lang='lat' dir='ltr'>quam</span> <span class='ocrx_word' id='word_1_700' title='bbox 1762 1614 1883 1659; x_wconf 84' lang='lat' dir='ltr'>legem?</span> <span class='ocrx_word' id='word_1_701' title='bbox 1901 1615 2086 1661; x_wconf 63' lang='lat' dir='ltr'>fafforum?</span> <span class='ocrx_word' id='word_1_702' title='bbox 2109 1618 2211 1659; x_wconf 71' lang='lat' dir='ltr'>Non,</span> 
     </span>
     <span class='ocr_line' id='line_1_94' title="bbox 1277 1659 2211 1711; baseline 0.002 -15"><span class='ocrx_word' id='word_1_703' title='bbox 1277 1662 1333 1707; x_wconf 84' lang='lat' dir='ltr'>sed</span> <span class='ocrx_word' id='word_1_704' title='bbox 1354 1672 1411 1707; x_wconf 85' lang='lat' dir='ltr'>per</span> <span class='ocrx_word' id='word_1_705' title='bbox 1433 1662 1531 1706; x_wconf 80' lang='lat' dir='ltr'>legem</span> <span class='ocrx_word' id='word_1_706' title='bbox 1560 1659 1634 1704; x_wconf 72' lang='lat' dir='ltr'>fidei</span> <span class='ocrx_word' id='word_1_707' title='bbox 1651 1690 1659 1699; x_wconf 90' lang='lat'>.</span> <span class='ocrx_word' id='word_1_708' title='bbox 1697 1666 1775 1700; x_wconf 86' lang='lat' dir='ltr'>Sive</span> <span class='ocrx_word' id='word_1_709' title='bbox 1809 1663 2050 1711; x_wconf 83' lang='lat' dir='ltr'>gloriationem</span> <span class='ocrx_word' id='word_1_710' title='bbox 2083 1663 2211 1700; x_wconf 86' lang='lat' dir='ltr'>dixerit</span> 
     </span>
     <span class='ocr_line' id='line_1_95' title="bbox 1281 1710 2210 1761; baseline 0.002 -14"><span class='ocrx_word' id='word_1_711' title='bbox 1281 1710 1485 1748; x_wconf 88' lang='lat' dir='ltr'>laudabilem</span> <span class='ocrx_word' id='word_1_712' title='bbox 1507 1737 1518 1753; x_wconf 94' lang='lat'>,</span> <span class='ocrx_word' id='word_1_713' title='bbox 1543 1725 1617 1759; x_wconf 83' lang='lat' dir='ltr'>quae</span> <span class='ocrx_word' id='word_1_714' title='bbox 1643 1716 1678 1749; x_wconf 92' lang='lat' dir='ltr'>in</span> <span class='ocrx_word' id='word_1_715' title='bbox 1704 1715 1865 1750; x_wconf 88' lang='lat' dir='ltr'>Domino</span> <span class='ocrx_word' id='word_1_716' title='bbox 1890 1715 1962 1758; x_wconf 92' lang='lat' dir='ltr'>est,</span> <span class='ocrx_word' id='word_1_717' title='bbox 1987 1724 2127 1761; x_wconf 86' lang='lat' dir='ltr'>eamque</span> <span class='ocrx_word' id='word_1_718' title='bbox 2153 1726 2210 1749; x_wconf 87' lang='lat' dir='ltr'>ex-</span> 
     </span>
     <span class='ocr_line' id='line_1_96' title="bbox 1280 1760 2214 1812; baseline 0 -14"><span class='ocrx_word' id='word_1_719' title='bbox 1280 1760 1406 1798; x_wconf 90' lang='lat' dir='ltr'>clusam</span> <span class='ocrx_word' id='word_1_720' title='bbox 1426 1786 1438 1804; x_wconf 90' lang='lat'>,</span> <span class='ocrx_word' id='word_1_721' title='bbox 1473 1761 1508 1796; x_wconf 86' lang='lat' dir='ltr'>id</span> <span class='ocrx_word' id='word_1_722' title='bbox 1533 1761 1581 1797; x_wconf 91' lang='lat' dir='ltr'>est</span> <span class='ocrx_word' id='word_1_723' title='bbox 1601 1787 1613 1805; x_wconf 93' lang='lat'>,</span> <span class='ocrx_word' id='word_1_724' title='bbox 1645 1775 1730 1798; x_wconf 70' lang='lat' dir='ltr'>nonv</span> <span class='ocrx_word' id='word_1_725' title='bbox 1750 1772 1788 1799; x_wconf 90' lang='lat' dir='ltr'>ut</span> <span class='ocrx_word' id='word_1_726' title='bbox 1821 1763 2013 1801; x_wconf 83' lang='lat' dir='ltr'>abscederet</span> <span class='ocrx_word' id='word_1_727' title='bbox 2047 1763 2174 1812; x_wconf 73' lang='lat' dir='ltr'>pulsam</span> <span class='ocrx_word' id='word_1_728' title='bbox 2200 1786 2214 1804; x_wconf 90' lang='lat'>‚</span> 
     </span>
     <span class='ocr_line' id='line_1_97' title="bbox 1281 1809 2215 1860; baseline -0.002 -12"><span class='ocrx_word' id='word_1_729' title='bbox 1281 1811 1335 1848; x_wconf 90' lang='lat' dir='ltr'>sed</span> <span class='ocrx_word' id='word_1_730' title='bbox 1362 1821 1400 1848; x_wconf 91' lang='lat' dir='ltr'>ut</span> <span class='ocrx_word' id='word_1_731' title='bbox 1425 1813 1590 1847; x_wconf 86' lang='lat' dir='ltr'>emineret</span> <span class='ocrx_word' id='word_1_732' title='bbox 1617 1809 1803 1860; x_wconf 78' lang='lat' dir='ltr'>expressam</span> <span class='ocrx_word' id='word_1_733' title='bbox 1822 1840 1830 1848; x_wconf 91' lang='lat'><strong>.</strong></span> <span class='ocrx_word' id='word_1_734' title='bbox 1865 1813 1966 1851; x_wconf 91' lang='lat' dir='ltr'>Unde</span> <span class='ocrx_word' id='word_1_735' title='bbox 2002 1819 2036 1851; x_wconf 91' lang='lat'><strong>&amp;</strong></span> <span class='ocrx_word' id='word_1_736' title='bbox 2062 1810 2215 1850; x_wconf 83' lang='lat' dir='ltr'>excluso-</span> 
     </span>
     <span class='ocr_line' id='line_1_98' title="bbox 1282 1860 2403 1913; baseline -0.001 -14"><span class='ocrx_word' id='word_1_737' title='bbox 1282 1874 1335 1899; x_wconf 88' lang='lat' dir='ltr'>res</span> <span class='ocrx_word' id='word_1_738' title='bbox 1360 1861 1521 1897; x_wconf 87' lang='lat' dir='ltr'>dicuntur</span> <span class='ocrx_word' id='word_1_739' title='bbox 1546 1861 1685 1909; x_wconf 90' lang='lat' dir='ltr'>quidam</span> <span class='ocrx_word' id='word_1_740' title='bbox 1710 1862 1855 1899; x_wconf 85' lang='lat' dir='ltr'>artifices</span> <span class='ocrx_word' id='word_1_741' title='bbox 1879 1866 2083 1913; x_wconf 87' lang='lat' dir='ltr'>argentarii.</span> <span class='ocrx_word' id='word_1_742' title='bbox 2118 1860 2214 1899; x_wconf 78' lang='lat' dir='ltr'>Hinc</span> <span class='ocrx_word' id='word_1_743' title='bbox 2231 1873 2403 1907; x_wconf 66' lang='lat' dir='ltr'>exclusores</span> 
     </span>
     <span class='ocr_line' id='line_1_99' title="bbox 1282 1910 2398 1959; baseline 0.004 -12"><span class='ocrx_word' id='word_1_744' title='bbox 1282 1910 1332 1947; x_wconf 89' lang='lat' dir='ltr'>est</span> <span class='ocrx_word' id='word_1_745' title='bbox 1356 1910 1445 1947; x_wconf 89' lang='lat' dir='ltr'>illud</span> <span class='ocrx_word' id='word_1_746' title='bbox 1470 1913 1504 1947; x_wconf 88' lang='lat' dir='ltr'>in</span> <span class='ocrx_word' id='word_1_747' title='bbox 1529 1910 1666 1948; x_wconf 88' lang='lat' dir='ltr'>Psalmis</span> <span class='ocrx_word' id='word_1_748' title='bbox 1685 1925 1694 1947; x_wconf 88' lang='lat'>=</span> <span class='ocrx_word' id='word_1_749' title='bbox 1719 1917 1773 1949; x_wconf 82' lang='lat' dir='ltr'>vt</span> <span class='ocrx_word' id='word_1_750' title='bbox 1789 1913 1999 1951; x_wconf 85' lang='lat' dir='ltr'>excludantur</span> <span class='ocrx_word' id='word_1_751' title='bbox 2023 1911 2047 1950; x_wconf 76' lang='lat' dir='ltr'>ii</span> <span class='ocrx_word' id='word_1_752' title='bbox 2070 1915 2126 1959; x_wconf 82' lang='lat' dir='ltr'>qui</span> <span class='ocrx_word' id='word_1_753' title='bbox 2147 1921 2216 1958; x_wconf 79' lang='lat' dir='ltr'>pro-</span> <span class='ocrx_word' id='word_1_754' title='bbox 2232 1916 2398 1954; x_wconf 51' lang='lat' dir='ltr'>Pla-⁶⁷3¹</span> 
     </span>
     <span class='ocr_line' id='line_1_100' title="bbox 1283 1959 2214 2008; baseline -0.002 -10"><span class='ocrx_word' id='word_1_755' title='bbox 1283 1961 1353 1999; x_wconf 83' lang='lat' dir='ltr'>bati</span> <span class='ocrx_word' id='word_1_756' title='bbox 1374 1960 1450 2005; x_wconf 80' lang='lat' dir='ltr'>sunt</span> <span class='ocrx_word' id='word_1_757' title='bbox 1475 1969 1603 2005; x_wconf 82' lang='lat' dir='ltr'>argento</span> <span class='ocrx_word' id='word_1_758' title='bbox 1623 1988 1635 2005; x_wconf 91' lang='lat'>,</span> <span class='ocrx_word' id='word_1_759' title='bbox 1669 1959 1739 1997; x_wconf 86' lang='lat' dir='ltr'>hoc</span> <span class='ocrx_word' id='word_1_760' title='bbox 1772 1961 1820 1997; x_wconf 95' lang='lat' dir='ltr'>est</span> <span class='ocrx_word' id='word_1_761' title='bbox 1841 1988 1853 2004; x_wconf 93' lang='lat'>‚</span> <span class='ocrx_word' id='word_1_762' title='bbox 1886 1970 1925 2000; x_wconf 88' lang='lat' dir='ltr'>ut</span> <span class='ocrx_word' id='word_1_763' title='bbox 1959 1963 2133 1999; x_wconf 75' lang='lat' dir='ltr'>emineant</span> <span class='ocrx_word' id='word_1_764' title='bbox 2154 1963 2214 2008; x_wconf 89' lang='lat' dir='ltr'>qui</span> 
     </span>
     <span class='ocr_line' id='line_1_101' title="bbox 1285 2009 2216 2060; baseline -0.002 -13"><span class='ocrx_word' id='word_1_765' title='bbox 1285 2010 1422 2060; x_wconf 88' lang='lat' dir='ltr'>probati</span> <span class='ocrx_word' id='word_1_766' title='bbox 1448 2009 1522 2047; x_wconf 87' lang='lat' dir='ltr'>sunt</span> <span class='ocrx_word' id='word_1_767' title='bbox 1557 2010 1700 2058; x_wconf 85' lang='lat' dir='ltr'>eloquio</span> <span class='ocrx_word' id='word_1_768' title='bbox 1725 2012 1902 2048; x_wconf 81' lang='lat' dir='ltr'>Domini.</span> <span class='ocrx_word' id='word_1_769' title='bbox 1939 2014 2030 2049; x_wconf 89' lang='lat' dir='ltr'>Nam</span> <span class='ocrx_word' id='word_1_770' title='bbox 2053 2016 2100 2049; x_wconf 82' lang='lat'>·&amp;</span> <span class='ocrx_word' id='word_1_771' title='bbox 2135 2009 2216 2047; x_wconf 87' lang='lat' dir='ltr'>alibi</span> 
     </span>
     <span class='ocr_line' id='line_1_102' title="bbox 1285 2059 2410 2114; baseline 0 -16"><span class='ocrx_word' id='word_1_772' title='bbox 1285 2061 1412 2098; x_wconf 88' lang='lat' dir='ltr'>dicitur</span> <span class='ocrx_word' id='word_1_773' title='bbox 1438 2074 1447 2096; x_wconf 73' lang='grc' dir='ltr'><strong>ε</strong></span> <span class='ocrx_word' id='word_1_774' title='bbox 1483 2061 1615 2105; x_wconf 81' lang='lat' dir='ltr'>Eloquia</span> <span class='ocrx_word' id='word_1_775' title='bbox 1650 2063 1778 2097; x_wconf 81' lang='lat' dir='ltr'>&#39;Domini</span> <span class='ocrx_word' id='word_1_776' title='bbox 1811 2060 1929 2107; x_wconf 82' lang='lat' dir='ltr'>eloquia</span> <span class='ocrx_word' id='word_1_777' title='bbox 1955 2062 2039 2106; x_wconf 71' lang='lat' dir='ltr'>casia</span> <span class='ocrx_word' id='word_1_778' title='bbox 2063 2088 2075 2106; x_wconf 91' lang='lat'>‚</span> <span class='ocrx_word' id='word_1_779' title='bbox 2109 2059 2218 2105; x_wconf 68' lang='lat' dir='ltr'>argen&#39;-</span> <span class='ocrx_word' id='word_1_780' title='bbox 2233 2073 2410 2114; x_wconf 50' lang='lat' dir='ltr'>psfflnff,</span> 
     </span>
     <span class='ocr_line' id='line_1_103' title="bbox 1288 2110 2218 2159; baseline -0.002 -11"><span class='ocrx_word' id='word_1_781' title='bbox 1288 2121 1358 2148; x_wconf 81' lang='lat' dir='ltr'>tum</span> <span class='ocrx_word' id='word_1_782' title='bbox 1393 2115 1462 2156; x_wconf 79' lang='lat' dir='ltr'>igne</span> <span class='ocrx_word' id='word_1_783' title='bbox 1495 2113 1715 2147; x_wconf 81' lang='lat' dir='ltr'>examinatum</span> <span class='ocrx_word' id='word_1_784' title='bbox 1736 2137 1744 2146; x_wconf 89' lang='lat'><strong>.</strong></span> <span class='ocrx_word' id='word_1_785' title='bbox 1780 2113 1856 2147; x_wconf 90' lang='lat' dir='ltr'>Sive</span> <span class='ocrx_word' id='word_1_786' title='bbox 1891 2111 2133 2159; x_wconf 86' lang='lat' dir='ltr'>gloriationem</span> <span class='ocrx_word' id='word_1_787' title='bbox 2169 2110 2218 2146; x_wconf 59' lang='lat' dir='ltr'>vi-</span> 
     </span>
     <span class='ocr_line' id='line_1_104' title="bbox 1290 2159 2219 2208; baseline -0.002 -11"><span class='ocrx_word' id='word_1_788' title='bbox 1290 2161 1409 2197; x_wconf 90' lang='lat' dir='ltr'>tiosam</span> <span class='ocrx_word' id='word_1_789' title='bbox 1453 2159 1496 2197; x_wconf 85' lang='lat' dir='ltr'>de</span> <span class='ocrx_word' id='word_1_790' title='bbox 1531 2159 1683 2208; x_wconf 89' lang='lat' dir='ltr'>superbia</span> <span class='ocrx_word' id='word_1_791' title='bbox 1718 2165 1911 2202; x_wconf 86' lang='lat' dir='ltr'>venientem</span> <span class='ocrx_word' id='word_1_792' title='bbox 1945 2169 2219 2200; x_wconf 87' lang='lat' dir='ltr'>commemorare</span> 
     </span>
     <span class='ocr_line' id='line_1_105' title="bbox 1290 2208 2222 2259; baseline 0.004 -16"><span class='ocrx_word' id='word_1_793' title='bbox 1290 2210 1442 2244; x_wconf 87' lang='lat' dir='ltr'>voluerit</span> <span class='ocrx_word' id='word_1_794' title='bbox 1461 2233 1473 2249; x_wconf 91' lang='lat'>,</span> <span class='ocrx_word' id='word_1_795' title='bbox 1497 2222 1619 2244; x_wconf 88' lang='lat' dir='ltr'>eorum</span> <span class='ocrx_word' id='word_1_796' title='bbox 1645 2209 1772 2246; x_wconf 87' lang='lat' dir='ltr'>scilicet</span> <span class='ocrx_word' id='word_1_797' title='bbox 1791 2237 1803 2254; x_wconf 88' lang='lat'>,</span> <span class='ocrx_word' id='word_1_798' title='bbox 1835 2215 1895 2259; x_wconf 92' lang='lat' dir='ltr'>qui</span> <span class='ocrx_word' id='word_1_799' title='bbox 1927 2225 2008 2249; x_wconf 87' lang='lat' dir='ltr'>cum</span> <span class='ocrx_word' id='word_1_800' title='bbox 2042 2213 2101 2250; x_wconf 84' lang='lat' dir='ltr'>fibi</span> <span class='ocrx_word' id='word_1_801' title='bbox 2135 2208 2222 2258; x_wconf 79' lang='lat' dir='ltr'>juste</span> 
     </span>
     <span class='ocr_line' id='line_1_106' title="bbox 1289 2256 2222 2309; baseline 0.01 -20"><span class='ocrx_word' id='word_1_802' title='bbox 1289 2256 1450 2290; x_wconf 88' lang='lat' dir='ltr'>videntur</span> <span class='ocrx_word' id='word_1_803' title='bbox 1475 2259 1592 2291; x_wconf 88' lang='lat' dir='ltr'>vivere</span> <span class='ocrx_word' id='word_1_804' title='bbox 1610 2280 1624 2297; x_wconf 84' lang='lat'>‚</span> <span class='ocrx_word' id='word_1_805' title='bbox 1649 2260 1695 2292; x_wconf 84' lang='lat' dir='ltr'>ita</span> <span class='ocrx_word' id='word_1_806' title='bbox 1719 2259 1935 2304; x_wconf 87' lang='lat' dir='ltr'>gloriantur,</span> <span class='ocrx_word' id='word_1_807' title='bbox 1959 2262 2050 2309; x_wconf 83' lang='lat' dir='ltr'>quafi</span> <span class='ocrx_word' id='word_1_808' title='bbox 2067 2260 2144 2298; x_wconf 59' lang='lat' dir='ltr'>&#39;non</span> <span class='ocrx_word' id='word_1_809' title='bbox 2169 2272 2222 2297; x_wconf 81' lang='lat' dir='ltr'>ac·</span> 
     </span>
     <span class='ocr_line' id='line_1_107' title="bbox 1288 2307 2221 2356; baseline 0.008 -16"><span class='ocrx_word' id='word_1_810' title='bbox 1288 2307 1441 2353; x_wconf 85' lang='lat' dir='ltr'>ceperint</span> <span class='ocrx_word' id='word_1_811' title='bbox 1468 2318 1478 2340; x_wconf 83' lang='lat'><strong>:</strong></span> <span class='ocrx_word' id='word_1_812' title='bbox 1516 2317 1659 2352; x_wconf 90' lang='lat' dir='ltr'>eamque</span> <span class='ocrx_word' id='word_1_813' title='bbox 1685 2319 1754 2343; x_wconf 89' lang='lat' dir='ltr'>non</span> <span class='ocrx_word' id='word_1_814' title='bbox 1782 2320 1843 2355; x_wconf 88' lang='lat' dir='ltr'>per</span> <span class='ocrx_word' id='word_1_815' title='bbox 1868 2308 1977 2356; x_wconf 84' lang='lat' dir='ltr'>legem</span> <span class='ocrx_word' id='word_1_816' title='bbox 2012 2308 2182 2349; x_wconf 62' lang='lat' dir='ltr'>fastorum</span> <span class='ocrx_word' id='word_1_817' title='bbox 2207 2334 2221 2353; x_wconf 90' lang='lat'>,</span> 
     </span>
     <span class='ocr_line' id='line_1_108' title="bbox 1289 2354 2221 2404; baseline 0.01 -14"><span class='ocrx_word' id='word_1_818' title='bbox 1289 2354 1345 2391; x_wconf 76' lang='lat' dir='ltr'>led</span> <span class='ocrx_word' id='word_1_819' title='bbox 1371 2367 1433 2403; x_wconf 89' lang='lat' dir='ltr'>per</span> <span class='ocrx_word' id='word_1_820' title='bbox 1466 2354 1575 2402; x_wconf 82' lang='lat' dir='ltr'>legem</span> <span class='ocrx_word' id='word_1_821' title='bbox 1603 2355 1682 2392; x_wconf 88' lang='lat' dir='ltr'>fidei</span> <span class='ocrx_word' id='word_1_822' title='bbox 1716 2357 1802 2393; x_wconf 91' lang='lat' dir='ltr'>dicit</span> <span class='ocrx_word' id='word_1_823' title='bbox 1836 2358 2006 2397; x_wconf 83' lang='lat' dir='ltr'>exclusam</span> <span class='ocrx_word' id='word_1_824' title='bbox 2025 2386 2037 2404; x_wconf 88' lang='lat'>‚</span> <span class='ocrx_word' id='word_1_825' title='bbox 2072 2362 2109 2397; x_wconf 91' lang='lat' dir='ltr'>id</span> <span class='ocrx_word' id='word_1_826' title='bbox 2132 2357 2181 2395; x_wconf 86' lang='lat' dir='ltr'>est</span> <span class='ocrx_word' id='word_1_827' title='bbox 2205 2383 2221 2402; x_wconf 76' lang='lat'>‚</span> 
     </span>
     <span class='ocr_line' id='line_1_109' title="bbox 1288 2403 2221 2456; baseline 0.005 -18"><span class='ocrx_word' id='word_1_828' title='bbox 1288 2405 1428 2449; x_wconf 68' lang='lat' dir='ltr'>ejectam</span> <span class='ocrx_word' id='word_1_829' title='bbox 1447 2408 1482 2439; x_wconf 78' lang='grc' dir='ltr'>δι</span> <span class='ocrx_word' id='word_1_830' title='bbox 1498 2403 1684 2447; x_wconf 53' lang='lat' dir='ltr'>abja-&amp;am</span> <span class='ocrx_word' id='word_1_831' title='bbox 1710 2409 1788 2450; x_wconf 88' lang='lat' dir='ltr'>quia</span> <span class='ocrx_word' id='word_1_832' title='bbox 1814 2418 1876 2452; x_wconf 88' lang='lat' dir='ltr'>per</span> <span class='ocrx_word' id='word_1_833' title='bbox 1899 2406 2115 2452; x_wconf 51' lang='lat' dir='ltr'>legem‘fidei</span> <span class='ocrx_word' id='word_1_834' title='bbox 2134 2406 2221 2456; x_wconf 88' lang='lat' dir='ltr'>quis-</span> 
     </span>
     <span class='ocr_line' id='line_1_110' title="bbox 1288 2451 2219 2550; baseline 0.009 -13"><span class='ocrx_word' id='word_1_835' title='bbox 1288 2452 1556 2537; x_wconf 55' lang='lat' dir='ltr'>rehssursta</span> <span class='ocrx_word' id='word_1_836' title='bbox 1575 2451 2089 2550; x_wconf 49' lang='lat' dir='ltr'>affigatur-:¹55⁹</span> <span class='ocrx_word' id='word_1_837' title='bbox 2114 2460 2219 2544; x_wconf 43' lang='lat'>³¹3¹?</span> 
     </span>
     <span class='ocr_line' id='line_1_111' title="bbox 1484 2518 2217 2546; baseline 0.001 -4"><span class='ocrx_word' id='word_1_838' title='bbox 1484 2525 1496 2542; x_wconf 74' lang='lat'>²</span> <span class='ocrx_word' id='word_1_839' title='bbox 1858 2518 1868 2539; x_wconf 87' lang='lat'>1</span> <span class='ocrx_word' id='word_1_840' title='bbox 1944 2519 1987 2542; x_wconf 76' lang='lat' dir='ltr'>ie</span> <span class='ocrx_word' id='word_1_841' title='bbox 2026 2521 2103 2546; x_wconf 79' lang='lat' dir='ltr'>ione</span> <span class='ocrx_word' id='word_1_842' title='bbox 2189 2519 2217 2543; x_wconf 73' lang='grc' dir='ltr'>ι-</span> 
     </span>
     <span class='ocr_line' id='line_1_112' title="bbox 1290 2520 2157 2592; baseline 0.006 -5"><span class='ocrx_word' id='word_1_843' title='bbox 1290 2555 1368 2592; x_wconf 81' lang='lat' dir='ltr'>tiae,</span> <span class='ocrx_word' id='word_1_844' title='bbox 1393 2563 1463 2587; x_wconf 90' lang='lat' dir='ltr'>non</span> <span class='ocrx_word' id='word_1_845' title='bbox 1488 2549 1519 2585; x_wconf 87' lang='lat' dir='ltr'>se</span> <span class='ocrx_word' id='word_1_846' title='bbox 1543 2549 1636 2587; x_wconf 88' lang='lat' dir='ltr'>aliud</span> <span class='ocrx_word' id='word_1_847' title='bbox 1660 2552 1933 2591; x_wconf 86' lang='lat' dir='ltr'>consecutarum.</span> <span class='ocrx_word' id='word_1_848' title='bbox 2123 2520 2157 2557; x_wconf 58' lang='lat' dir='ltr'>&#39;u</span> 
     </span>
    </p>
   </div>
   <div class='ocr_carea' id='block_1_17' title="bbox 1335 2687 2203 2710">
    <p class='ocr_par' dir='ltr' id='par_1_21' title="bbox 1335 2687 2203 2710">
     <span class='ocr_line' id='line_1_113' title="bbox 1335 2687 2203 2710; baseline 0 1416"><span class='ocrx_word' id='word_1_849' title='bbox 1335 2687 2203 2710; x_wconf 95' lang='lat' dir='ltr'> </span> 
     </span>
    </p>
   </div>
   <div class='ocr_carea' id='block_1_18' title="bbox 1409 2779 2099 2834">
    <p class='ocr_par' dir='ltr' id='par_1_22' title="bbox 1409 2779 2099 2834">
     <span class='ocr_line' id='line_1_114' title="bbox 1409 2779 2099 2834; baseline 0.012 -19"><span class='ocrx_word' id='word_1_850' title='bbox 1409 2784 1463 2817; x_wconf 76' lang='lat' dir='ltr'>Ex</span> <span class='ocrx_word' id='word_1_851' title='bbox 1487 2781 1589 2816; x_wconf 84' lang='lat' dir='ltr'>eodem</span> <span class='ocrx_word' id='word_1_852' title='bbox 1613 2779 1712 2825; x_wconf 83' lang='lat' dir='ltr'>libro,</span> <span class='ocrx_word' id='word_1_853' title='bbox 1737 2783 1783 2820; x_wconf 58' lang='grc' dir='ltr'>θ’</span> <span class='ocrx_word' id='word_1_854' title='bbox 1807 2793 1876 2830; x_wconf 85' lang='lat' dir='ltr'>cap.</span> <span class='ocrx_word' id='word_1_855' title='bbox 1898 2787 1953 2821; x_wconf 88' lang='lat'>26.</span> <span class='ocrx_word' id='word_1_856' title='bbox 1973 2789 2017 2826; x_wconf 60' lang='grc' dir='ltr'>(θ’</span> <span class='ocrx_word' id='word_1_857' title='bbox 2032 2785 2099 2834; x_wconf 76' lang='lat' dir='ltr'>seq.</span> 
     </span>
    </p>
   </div>
   <div class='ocr_carea' id='block_1_19' title="bbox 1292 2903 2413 3156">
    <p class='ocr_par' dir='ltr' id='par_1_23' title="bbox 1401 2903 2281 2968">
     <span class='ocr_line' id='line_1_115' title="bbox 1401 2903 2281 2968; baseline 0.015 -28"><span class='ocrx_word' id='word_1_858' title='bbox 1401 2903 1571 2941; x_wconf 89' lang='lat' dir='ltr'>Idendum</span> <span class='ocrx_word' id='word_1_859' title='bbox 1603 2905 1652 2943; x_wconf 90' lang='lat' dir='ltr'>est</span> <span class='ocrx_word' id='word_1_860' title='bbox 1686 2916 1798 2943; x_wconf 89' lang='lat' dir='ltr'>autem</span> <span class='ocrx_word' id='word_1_861' title='bbox 1833 2911 2013 2957; x_wconf 88' lang='lat' dir='ltr'>quomodo</span> <span class='ocrx_word' id='word_1_862' title='bbox 2045 2913 2135 2950; x_wconf 89' lang='lat' dir='ltr'>dicat</span> <span class='ocrx_word' id='word_1_863' title='bbox 2171 2913 2219 2952; x_wconf 83' lang='lat' dir='ltr'>A&#39;-</span> <span class='ocrx_word' id='word_1_864' title='bbox 2253 2937 2281 2968; x_wconf 78' lang='lat' dir='ltr'>C</span> 
     </span>
    </p>

    <p class='ocr_par' dir='ltr' id='par_1_24' title="bbox 1292 2945 2413 3156">
     <span class='ocr_line' id='line_1_116' title="bbox 1426 2945 2393 3009; baseline 0.01 -19"><span class='ocrx_word' id='word_1_865' title='bbox 1426 2954 1581 3002; x_wconf 87' lang='lat' dir='ltr'>postolus</span> <span class='ocrx_word' id='word_1_866' title='bbox 1607 2981 1620 2998; x_wconf 90' lang='lat'>‚</span> <span class='ocrx_word' id='word_1_867' title='bbox 1652 2961 1731 2992; x_wconf 83' lang='lat' dir='ltr'>Cum</span> <span class='ocrx_word' id='word_1_868' title='bbox 1767 2961 1849 2994; x_wconf 90' lang='lat' dir='ltr'>enim</span> <span class='ocrx_word' id='word_1_869' title='bbox 1879 2970 1989 3003; x_wconf 86' lang='lat' dir='ltr'>gentes</span> <span class='ocrx_word' id='word_1_870' title='bbox 2021 2974 2088 3007; x_wconf 83' lang='lat' dir='ltr'>quae</span> <span class='ocrx_word' id='word_1_871' title='bbox 2120 2964 2218 3009; x_wconf 75' lang='lat' dir='ltr'>legem</span> <span class='ocrx_word' id='word_1_872' title='bbox 2253 2945 2393 3007; x_wconf 48' lang='lat' dir='ltr'>xipxi&#39;if</span> 
     </span>
     <span class='ocr_line' id='line_1_117' title="bbox 1292 3003 2412 3058; baseline 0.006 -16"><span class='ocrx_word' id='word_1_873' title='bbox 1292 3015 1350 3042; x_wconf 81' lang='lat' dir='ltr'>non</span> <span class='ocrx_word' id='word_1_874' title='bbox 1374 3003 1489 3041; x_wconf 82' lang='lat' dir='ltr'>habent</span> <span class='ocrx_word' id='word_1_875' title='bbox 1508 3030 1521 3047; x_wconf 91' lang='lat'>‚</span> <span class='ocrx_word' id='word_1_876' title='bbox 1556 3006 1745 3042; x_wconf 80' lang='lat' dir='ltr'>naturaliter</span> <span class='ocrx_word' id='word_1_877' title='bbox 1769 3019 1838 3052; x_wconf 85' lang='lat' dir='ltr'>quae</span> <span class='ocrx_word' id='word_1_878' title='bbox 1860 3009 1936 3054; x_wconf 75' lang='lat' dir='ltr'>legis</span> <span class='ocrx_word' id='word_1_879' title='bbox 1955 3009 2034 3054; x_wconf 82' lang='lat' dir='ltr'>sunt</span> <span class='ocrx_word' id='word_1_880' title='bbox 2050 3012 2180 3058; x_wconf 77' lang='lat' dir='ltr'>faciunt</span> <span class='ocrx_word' id='word_1_881' title='bbox 2204 3039 2217 3056; x_wconf 93' lang='lat'>,</span> <span class='ocrx_word' id='word_1_882' title='bbox 2233 3016 2364 3054; x_wconf 78' lang='lat' dir='ltr'>Quaestio</span> <span class='ocrx_word' id='word_1_883' title='bbox 2380 3017 2412 3044; x_wconf 85' lang='lat' dir='ltr'>in</span> 
     </span>
     <span class='ocr_line' id='line_1_118' title="bbox 1293 3054 2392 3109; baseline -0.006 -18"><span class='ocrx_word' id='word_1_884' title='bbox 1293 3055 1326 3091; x_wconf 82' lang='lat' dir='ltr'>hi</span> <span class='ocrx_word' id='word_1_885' title='bbox 1351 3055 1448 3099; x_wconf 84' lang='lat' dir='ltr'>legem</span> <span class='ocrx_word' id='word_1_886' title='bbox 1476 3067 1533 3092; x_wconf 85' lang='lat' dir='ltr'>non</span> <span class='ocrx_word' id='word_1_887' title='bbox 1558 3054 1704 3092; x_wconf 80' lang='lat' dir='ltr'>habentes</span> <span class='ocrx_word' id='word_1_888' title='bbox 1721 3081 1733 3098; x_wconf 91' lang='lat'>,</span> <span class='ocrx_word' id='word_1_889' title='bbox 1765 3057 1821 3103; x_wconf 78' lang='lat' dir='ltr'>ipsi</span> <span class='ocrx_word' id='word_1_890' title='bbox 1847 3058 1908 3104; x_wconf 76' lang='lat' dir='ltr'>fibi</span> <span class='ocrx_word' id='word_1_891' title='bbox 1934 3059 2010 3103; x_wconf 72' lang='lat' dir='ltr'>sunt</span> <span class='ocrx_word' id='word_1_892' title='bbox 2044 3063 2098 3099; x_wconf 63' lang='lat' dir='ltr'>lex</span> <span class='ocrx_word' id='word_1_893' title='bbox 2116 3088 2128 3105; x_wconf 56' lang='lat'>²</span> <span class='ocrx_word' id='word_1_894' title='bbox 2162 3067 2218 3109; x_wconf 71' lang='lat' dir='ltr'>qm·</span> <span class='ocrx_word' id='word_1_895' title='bbox 2235 3058 2336 3099; x_wconf 27' lang='lat' dir='ltr'>iocum.</span> <span class='ocrx_word' id='word_1_896' title='bbox 2351 3056 2392 3085; x_wconf 84' lang='lat' dir='ltr'>A·</span> 
     </span>
     <span class='ocr_line' id='line_1_119' title="bbox 1292 3094 2413 3156; baseline 0.008 -15"><span class='ocrx_word' id='word_1_897' title='bbox 1292 3103 1450 3148; x_wconf 73' lang='lat' dir='ltr'>ostendunt</span> <span class='ocrx_word' id='word_1_898' title='bbox 1473 3113 1549 3150; x_wconf 82' lang='lat' dir='ltr'>opus</span> <span class='ocrx_word' id='word_1_899' title='bbox 1566 3105 1642 3150; x_wconf 86' lang='lat' dir='ltr'>legis</span> <span class='ocrx_word' id='word_1_900' title='bbox 1661 3105 1816 3151; x_wconf 83' lang='lat' dir='ltr'>scriptum</span> <span class='ocrx_word' id='word_1_901' title='bbox 1841 3112 1873 3145; x_wconf 90' lang='lat' dir='ltr'>in</span> <span class='ocrx_word' id='word_1_902' title='bbox 1897 3109 2037 3147; x_wconf 58' lang='lat' dir='ltr'>coraibus</span> <span class='ocrx_word' id='word_1_903' title='bbox 2055 3112 2149 3156; x_wconf 85' lang='lat' dir='ltr'>suis:</span> <span class='ocrx_word' id='word_1_904' title='bbox 2174 3126 2216 3149; x_wconf 89' lang='lat' dir='ltr'>ne</span> <span class='ocrx_word' id='word_1_905' title='bbox 2235 3096 2355 3136; x_wconf 68' lang='lat' dir='ltr'>p⁰st⁰¹¹&#39;</span> <span class='ocrx_word' id='word_1_906' title='bbox 2376 3094 2413 3124; x_wconf 65' lang='lat' dir='ltr'>de</span> 
     </span>
    </p>
   </div>
   <div class='ocr_carea' id='block_1_20' title="bbox 1293 3135 2394 3216">
    <p class='ocr_par' dir='ltr' id='par_1_25' title="bbox 1293 3135 2394 3216">
     <span class='ocr_line' id='line_1_120' title="bbox 1319 3135 2391 3190; baseline 0.011 -39"><span class='ocrx_word' id='word_1_907' title='bbox 1319 3154 1351 3190; x_wconf 43' lang='lat' dir='ltr'>,d</span> <span class='ocrx_word' id='word_1_908' title='bbox 1787 3161 1793 3166; x_wconf 58' lang='grc'><em>,</em></span> <span class='ocrx_word' id='word_1_909' title='bbox 1886 3163 1892 3169; x_wconf 50' lang='grc'><em>,</em></span> <span class='ocrx_word' id='word_1_910' title='bbox 2014 3165 2021 3170; x_wconf 50' lang='lat'><strong><em>‚</em></strong></span> <span class='ocrx_word' id='word_1_911' title='bbox 2232 3135 2367 3176; x_wconf 75' lang='lat' dir='ltr'>gentibus</span> <span class='ocrx_word' id='word_1_912' title='bbox 2382 3153 2391 3168; x_wconf 92' lang='lat'>‚</span> 
     </span>
     <span class='ocr_line' id='line_1_121' title="bbox 1293 3153 2394 3216; baseline 0.005 -24"><span class='ocrx_word' id='word_1_913' title='bbox 1293 3168 1327 3192; x_wconf 82' lang='lat' dir='ltr'>vi</span> <span class='ocrx_word' id='word_1_914' title='bbox 1352 3165 1446 3191; x_wconf 88' lang='lat' dir='ltr'>eatur</span> <span class='ocrx_word' id='word_1_915' title='bbox 1470 3167 1540 3191; x_wconf 88' lang='lat' dir='ltr'>non</span> <span class='ocrx_word' id='word_1_916' title='bbox 1567 3153 1628 3191; x_wconf 80' lang='lat' dir='ltr'>effe</span> <span class='ocrx_word' id='word_1_917' title='bbox 1646 3166 1735 3192; x_wconf 86' lang='lat' dir='ltr'>certa</span> <span class='ocrx_word' id='word_1_918' title='bbox 1761 3156 1912 3196; x_wconf 79' lang='lat' dir='ltr'>distantia</span> <span class='ocrx_word' id='word_1_919' title='bbox 1939 3174 2020 3197; x_wconf 79' lang='lat' dir='ltr'>novi</span> <span class='ocrx_word' id='word_1_920' title='bbox 2041 3162 2215 3199; x_wconf 88' lang='lat' dir='ltr'>testamen·</span> <span class='ocrx_word' id='word_1_921' title='bbox 2231 3185 2292 3216; x_wconf 83' lang='lat' dir='ltr'>quae</span> <span class='ocrx_word' id='word_1_922' title='bbox 2309 3182 2394 3204; x_wconf 68' lang='lat' dir='ltr'>nam.</span> 
     </span>
    </p>
   </div>
   <div class='ocr_carea' id='block_1_21' title="bbox 1291 3204 2416 3861">
    <p class='ocr_par' dir='ltr' id='par_1_26' title="bbox 1291 3204 2416 3666">
     <span class='ocr_line' id='line_1_122' title="bbox 1291 3204 2394 3262; baseline 0.005 -22"><span class='ocrx_word' id='word_1_923' title='bbox 1291 3209 1350 3248; x_wconf 91' lang='lat' dir='ltr'>ti,</span> <span class='ocrx_word' id='word_1_924' title='bbox 1384 3204 1478 3252; x_wconf 89' lang='lat' dir='ltr'>quod</span> <span class='ocrx_word' id='word_1_925' title='bbox 1504 3204 1592 3252; x_wconf 81' lang='lat' dir='ltr'>leges</span> <span class='ocrx_word' id='word_1_926' title='bbox 1618 3206 1686 3243; x_wconf 88' lang='lat' dir='ltr'>suas</span> <span class='ocrx_word' id='word_1_927' title='bbox 1713 3209 1883 3246; x_wconf 88' lang='lat' dir='ltr'>Dominus</span> <span class='ocrx_word' id='word_1_928' title='bbox 1909 3214 1943 3247; x_wconf 89' lang='lat' dir='ltr'>in</span> <span class='ocrx_word' id='word_1_929' title='bbox 1969 3212 2128 3249; x_wconf 89' lang='lat' dir='ltr'>cordibus</span> <span class='ocrx_word' id='word_1_930' title='bbox 2153 3225 2214 3262; x_wconf 91' lang='lat' dir='ltr'>po·</span> <span class='ocrx_word' id='word_1_931' title='bbox 2231 3216 2329 3248; x_wconf 83' lang='lat' dir='ltr'>taliter</span> <span class='ocrx_word' id='word_1_932' title='bbox 2351 3214 2394 3243; x_wconf 79' lang='lat' dir='ltr'>sa-</span> 
     </span>
     <span class='ocr_line' id='line_1_123' title="bbox 1293 3253 2410 3311; baseline 0.013 -22"><span class='ocrx_word' id='word_1_933' title='bbox 1293 3254 1365 3303; x_wconf 88' lang='lat' dir='ltr'>puli</span> <span class='ocrx_word' id='word_1_934' title='bbox 1391 3254 1438 3290; x_wconf 90' lang='lat' dir='ltr'>sui</span> <span class='ocrx_word' id='word_1_935' title='bbox 1474 3253 1505 3290; x_wconf 69' lang='lat' dir='ltr'>ste</span> <span class='ocrx_word' id='word_1_936' title='bbox 1530 3255 1735 3305; x_wconf 86' lang='lat' dir='ltr'>scripturum</span> <span class='ocrx_word' id='word_1_937' title='bbox 1771 3256 1832 3294; x_wconf 81' lang='lat' dir='ltr'>effe</span> <span class='ocrx_word' id='word_1_938' title='bbox 1857 3261 2012 3309; x_wconf 83' lang='lat' dir='ltr'>promifit</span> <span class='ocrx_word' id='word_1_939' title='bbox 2032 3288 2044 3306; x_wconf 89' lang='lat'>,</span> <span class='ocrx_word' id='word_1_940' title='bbox 2078 3263 2215 3311; x_wconf 87' lang='lat' dir='ltr'>quando</span> <span class='ocrx_word' id='word_1_941' title='bbox 2232 3266 2293 3287; x_wconf 70' lang='lat'>⁶⁶¹⁶</span> <span class='ocrx_word' id='word_1_942' title='bbox 2302 3255 2410 3292; x_wconf 83' lang='lat' dir='ltr'>legem,</span> 
     </span>
     <span class='ocr_line' id='line_1_124' title="bbox 1293 3294 2412 3365; baseline 0.01 -24"><span class='ocrx_word' id='word_1_943' title='bbox 1293 3303 1432 3354; x_wconf 88' lang='lat' dir='ltr'>quidem</span> <span class='ocrx_word' id='word_1_944' title='bbox 1457 3302 1528 3340; x_wconf 86' lang='lat' dir='ltr'>hoc</span> <span class='ocrx_word' id='word_1_945' title='bbox 1560 3317 1674 3354; x_wconf 84' lang='lat' dir='ltr'>gentes</span> <span class='ocrx_word' id='word_1_946' title='bbox 1699 3310 1897 3347; x_wconf 89' lang='lat' dir='ltr'>naturaliter</span> <span class='ocrx_word' id='word_1_947' title='bbox 1929 3310 2075 3349; x_wconf 87' lang='lat' dir='ltr'>habeant</span> <span class='ocrx_word' id='word_1_948' title='bbox 2094 3338 2103 3347; x_wconf 90' lang='lat'><strong>.</strong></span> <span class='ocrx_word' id='word_1_949' title='bbox 2137 3317 2215 3351; x_wconf 76' lang='lat' dir='ltr'>Per·</span> <span class='ocrx_word' id='word_1_950' title='bbox 2232 3294 2412 3365; x_wconf 44' lang='lat' dir='ltr'>{amqsszriff&#39;</span> 
     </span>
     <span class='ocr_line' id='line_1_125' title="bbox 1291 3345 2374 3414; baseline 0.011 -24"><span class='ocrx_word' id='word_1_951' title='bbox 1291 3354 1463 3391; x_wconf 70' lang='lat' dir='ltr'>tractanda</span> <span class='ocrx_word' id='word_1_952' title='bbox 1497 3358 1598 3402; x_wconf 87' lang='lat' dir='ltr'>igitur</span> <span class='ocrx_word' id='word_1_953' title='bbox 1623 3357 1695 3394; x_wconf 81' lang='lat' dir='ltr'>haec</span> <span class='ocrx_word' id='word_1_954' title='bbox 1731 3359 1874 3406; x_wconf 82' lang='lat' dir='ltr'>quaestio</span> <span class='ocrx_word' id='word_1_955' title='bbox 1893 3386 1905 3403; x_wconf 95' lang='lat'>,</span> <span class='ocrx_word' id='word_1_956' title='bbox 1937 3375 2012 3411; x_wconf 86' lang='lat' dir='ltr'>quae</span> <span class='ocrx_word' id='word_1_957' title='bbox 2043 3375 2112 3399; x_wconf 91' lang='lat' dir='ltr'>non</span> <span class='ocrx_word' id='word_1_958' title='bbox 2148 3375 2216 3399; x_wconf 86' lang='lat' dir='ltr'>me·</span> <span class='ocrx_word' id='word_1_959' title='bbox 2233 3345 2315 3414; x_wconf 50' lang='lat' dir='ltr'>yffi„</span> <span class='ocrx_word' id='word_1_960' title='bbox 2344 3373 2374 3402; x_wconf 91' lang='lat' dir='ltr'>in</span> 
     </span>
     <span class='ocr_line' id='line_1_126' title="bbox 1295 3404 2416 3460; baseline 0.012 -20"><span class='ocrx_word' id='word_1_961' title='bbox 1295 3404 1420 3441; x_wconf 91' lang='lat' dir='ltr'>diocris</span> <span class='ocrx_word' id='word_1_962' title='bbox 1439 3416 1558 3442; x_wconf 86' lang='lat' dir='ltr'>exorta</span> <span class='ocrx_word' id='word_1_963' title='bbox 1575 3407 1623 3444; x_wconf 90' lang='lat' dir='ltr'>est</span> <span class='ocrx_word' id='word_1_964' title='bbox 1636 3437 1644 3444; x_wconf 95' lang='lat'><strong><em>.</em></strong></span> <span class='ocrx_word' id='word_1_965' title='bbox 1670 3411 1774 3444; x_wconf 91' lang='lat' dir='ltr'>Dicet</span> <span class='ocrx_word' id='word_1_966' title='bbox 1790 3413 1880 3446; x_wconf 87' lang='lat' dir='ltr'>enim</span> <span class='ocrx_word' id='word_1_967' title='bbox 1899 3412 2042 3460; x_wconf 87' lang='lat' dir='ltr'>aliquis,</span> <span class='ocrx_word' id='word_1_968' title='bbox 2067 3416 2099 3449; x_wconf 87' lang='lat' dir='ltr'>Si</span> <span class='ocrx_word' id='word_1_969' title='bbox 2120 3415 2214 3450; x_wconf 86' lang='lat' dir='ltr'>Deus</span> <span class='ocrx_word' id='word_1_970' title='bbox 2230 3412 2416 3446; x_wconf 72' lang='lat' dir='ltr'>cordibusdi-</span> 
     </span>
     <span class='ocr_line' id='line_1_127' title="bbox 1295 3453 2360 3507; baseline 0.011 -16"><span class='ocrx_word' id='word_1_971' title='bbox 1295 3453 1376 3492; x_wconf 90' lang='lat' dir='ltr'>hinc</span> <span class='ocrx_word' id='word_1_972' title='bbox 1412 3454 1570 3492; x_wconf 89' lang='lat' dir='ltr'>discernit</span> <span class='ocrx_word' id='word_1_973' title='bbox 1602 3472 1620 3494; x_wconf 91' lang='lat' dir='ltr'>a</span> <span class='ocrx_word' id='word_1_974' title='bbox 1655 3469 1768 3495; x_wconf 90' lang='lat' dir='ltr'>vetere</span> <span class='ocrx_word' id='word_1_975' title='bbox 1802 3460 2002 3499; x_wconf 90' lang='lat' dir='ltr'>testamento</span> <span class='ocrx_word' id='word_1_976' title='bbox 2036 3476 2165 3501; x_wconf 88' lang='lat' dir='ltr'>novum</span> <span class='ocrx_word' id='word_1_977' title='bbox 2203 3462 2360 3507; x_wconf 68' lang='lat' dir='ltr'>,⁶⁰¹¹m‘·</span> 
     </span>
     <span class='ocr_line' id='line_1_128' title="bbox 1297 3496 2392 3560; baseline 0.011 -18"><span class='ocrx_word' id='word_1_978' title='bbox 1297 3504 1391 3553; x_wconf 89' lang='lat' dir='ltr'>quod</span> <span class='ocrx_word' id='word_1_979' title='bbox 1416 3508 1449 3540; x_wconf 90' lang='lat' dir='ltr'>in</span> <span class='ocrx_word' id='word_1_980' title='bbox 1476 3516 1590 3542; x_wconf 87' lang='lat' dir='ltr'>vetere</span> <span class='ocrx_word' id='word_1_981' title='bbox 1616 3508 1724 3556; x_wconf 85' lang='lat' dir='ltr'>legem</span> <span class='ocrx_word' id='word_1_982' title='bbox 1750 3507 1839 3546; x_wconf 86' lang='lat' dir='ltr'>suam</span> <span class='ocrx_word' id='word_1_983' title='bbox 1859 3511 1987 3560; x_wconf 67' lang='lat' dir='ltr'>spripfit</span> <span class='ocrx_word' id='word_1_984' title='bbox 2012 3516 2046 3549; x_wconf 89' lang='lat' dir='ltr'>in</span> <span class='ocrx_word' id='word_1_985' title='bbox 2073 3514 2217 3558; x_wconf 88' lang='lat' dir='ltr'>tabulis,</span> <span class='ocrx_word' id='word_1_986' title='bbox 2233 3496 2392 3528; x_wconf 68' lang='lat' dir='ltr'><strong>R⁰m&#39;²‘¹⁴‘</strong></span> 
     </span>
     <span class='ocr_line' id='line_1_129' title="bbox 1296 3556 2217 3607; baseline 0.012 -16"><span class='ocrx_word' id='word_1_987' title='bbox 1296 3559 1330 3591; x_wconf 86' lang='lat' dir='ltr'>in</span> <span class='ocrx_word' id='word_1_988' title='bbox 1351 3567 1438 3590; x_wconf 91' lang='lat' dir='ltr'>nova</span> <span class='ocrx_word' id='word_1_989' title='bbox 1457 3566 1569 3591; x_wconf 90' lang='lat' dir='ltr'>autem</span> <span class='ocrx_word' id='word_1_990' title='bbox 1593 3556 1721 3607; x_wconf 75' lang='lat' dir='ltr'>scripsit</span> <span class='ocrx_word' id='word_1_991' title='bbox 1738 3562 1773 3594; x_wconf 90' lang='lat' dir='ltr'>in</span> <span class='ocrx_word' id='word_1_992' title='bbox 1793 3560 1952 3600; x_wconf 88' lang='lat' dir='ltr'>cordibus</span> <span class='ocrx_word' id='word_1_993' title='bbox 1971 3577 1981 3598; x_wconf 75' lang='grc' dir='ltr'><strong><em>ε</em></strong></span> <span class='ocrx_word' id='word_1_994' title='bbox 2007 3564 2107 3600; x_wconf 83' lang='lat' dir='ltr'>fidele</span> <span class='ocrx_word' id='word_1_995' title='bbox 2132 3568 2217 3602; x_wconf 86' lang='lat' dir='ltr'>novi</span> 
     </span>
     <span class='ocr_line' id='line_1_130' title="bbox 1295 3604 2219 3666; baseline 0.016 -26"><span class='ocrx_word' id='word_1_996' title='bbox 1295 3604 1483 3641; x_wconf 84' lang='lat' dir='ltr'>testamenti</span> <span class='ocrx_word' id='word_1_997' title='bbox 1518 3606 1606 3642; x_wconf 88' lang='lat' dir='ltr'>unde</span> <span class='ocrx_word' id='word_1_998' title='bbox 1638 3607 1869 3647; x_wconf 80' lang='lat' dir='ltr'>discernuntur</span> <span class='ocrx_word' id='word_1_999' title='bbox 1901 3626 1921 3649; x_wconf 85' lang='lat' dir='ltr'>a</span> <span class='ocrx_word' id='word_1_1000' title='bbox 1955 3613 2109 3660; x_wconf 86' lang='lat' dir='ltr'>gentibus</span> <span class='ocrx_word' id='word_1_1001' title='bbox 2141 3629 2219 3666; x_wconf 80' lang='lat' dir='ltr'>quae</span> 
     </span>
    </p>

    <p class='ocr_par' dir='ltr' id='par_1_27' title="bbox 1295 3654 2218 3707">
     <span class='ocr_line' id='line_1_131' title="bbox 1295 3654 2218 3707; baseline 0.016 -19"><span class='ocrx_word' id='word_1_1002' title='bbox 1295 3654 1421 3691; x_wconf 82' lang='lat' dir='ltr'>habent</span> <span class='ocrx_word' id='word_1_1003' title='bbox 1458 3668 1544 3703; x_wconf 88' lang='lat' dir='ltr'>opus</span> <span class='ocrx_word' id='word_1_1004' title='bbox 1578 3656 1658 3704; x_wconf 87' lang='lat' dir='ltr'>legis</span> <span class='ocrx_word' id='word_1_1005' title='bbox 1694 3658 1854 3707; x_wconf 87' lang='lat' dir='ltr'>scriptum</span> <span class='ocrx_word' id='word_1_1006' title='bbox 1889 3665 1923 3697; x_wconf 91' lang='lat' dir='ltr'>in</span> <span class='ocrx_word' id='word_1_1007' title='bbox 1957 3663 2117 3702; x_wconf 84' lang='lat' dir='ltr'>cordibus</span> <span class='ocrx_word' id='word_1_1008' title='bbox 2154 3666 2218 3706; x_wconf 87' lang='lat' dir='ltr'>suis</span> 
     </span>
    </p>

    <p class='ocr_par' dir='ltr' id='par_1_28' title="bbox 1296 3705 2217 3765">
     <span class='ocr_line' id='line_1_132' title="bbox 1296 3705 2217 3765; baseline 0.015 -26"><span class='ocrx_word' id='word_1_1009' title='bbox 1296 3717 1367 3753; x_wconf 90' lang='lat' dir='ltr'>quo</span> <span class='ocrx_word' id='word_1_1010' title='bbox 1391 3705 1587 3742; x_wconf 87' lang='lat' dir='ltr'>naturaliter</span> <span class='ocrx_word' id='word_1_1011' title='bbox 1622 3720 1696 3755; x_wconf 83' lang='lat' dir='ltr'>quae</span> <span class='ocrx_word' id='word_1_1012' title='bbox 1722 3708 1804 3756; x_wconf 89' lang='lat' dir='ltr'>legis</span> <span class='ocrx_word' id='word_1_1013' title='bbox 1839 3710 1913 3748; x_wconf 88' lang='lat' dir='ltr'>sunt</span> <span class='ocrx_word' id='word_1_1014' title='bbox 1937 3713 2092 3754; x_wconf 71' lang='lat' dir='ltr'>faciunt5</span> <span class='ocrx_word' id='word_1_1015' title='bbox 2128 3716 2217 3765; x_wconf 78' lang='lat' dir='ltr'>quali</span> 
     </span>
    </p>

    <p class='ocr_par' dir='ltr' id='par_1_29' title="bbox 1297 3755 2218 3813">
     <span class='ocr_line' id='line_1_133' title="bbox 1297 3755 2218 3813; baseline 0.015 -24"><span class='ocrx_word' id='word_1_1016' title='bbox 1297 3757 1361 3802; x_wconf 89' lang='lat' dir='ltr'>jam</span> <span class='ocrx_word' id='word_1_1017' title='bbox 1388 3755 1451 3791; x_wconf 87' lang='lat' dir='ltr'>illo</span> <span class='ocrx_word' id='word_1_1018' title='bbox 1527 3755 1734 3803; x_wconf 89' lang='lat' dir='ltr'>pulovetere</span> <span class='ocrx_word' id='word_1_1019' title='bbox 1759 3764 1935 3807; x_wconf 87' lang='lat' dir='ltr'>potiores,</span> <span class='ocrx_word' id='word_1_1020' title='bbox 1960 3767 2018 3812; x_wconf 87' lang='lat' dir='ltr'>qui</span> <span class='ocrx_word' id='word_1_1021' title='bbox 2045 3764 2152 3813; x_wconf 87' lang='lat' dir='ltr'>legem</span> <span class='ocrx_word' id='word_1_1022' title='bbox 2164 3779 2218 3803; x_wconf 81' lang='lat' dir='ltr'>ac·</span> 
     </span>
    </p>

    <p class='ocr_par' dir='ltr' id='par_1_30' title="bbox 1296 3806 2218 3861">
     <span class='ocr_line' id='line_1_134' title="bbox 1296 3806 2218 3861; baseline 0.011 -19"><span class='ocrx_word' id='word_1_1023' title='bbox 1296 3808 1388 3854; x_wconf 90' lang='lat' dir='ltr'>cepit</span> <span class='ocrx_word' id='word_1_1024' title='bbox 1398 3808 1431 3842; x_wconf 92' lang='lat' dir='ltr'>in</span> <span class='ocrx_word' id='word_1_1025' title='bbox 1442 3815 1472 3842; x_wconf 84' lang='lat' dir='ltr'>ta</span> <span class='ocrx_word' id='word_1_1026' title='bbox 1498 3806 1583 3851; x_wconf 86' lang='lat' dir='ltr'>ulis,</span> <span class='ocrx_word' id='word_1_1027' title='bbox 1609 3812 1747 3846; x_wconf 87' lang='lat' dir='ltr'>&amp;novo</span> <span class='ocrx_word' id='word_1_1028' title='bbox 1757 3811 1890 3859; x_wconf 86' lang='lat' dir='ltr'>populo</span> <span class='ocrx_word' id='word_1_1029' title='bbox 1910 3815 2062 3861; x_wconf 86' lang='lat' dir='ltr'>priores,</span> <span class='ocrx_word' id='word_1_1030' title='bbox 2087 3813 2218 3853; x_wconf 86' lang='lat' dir='ltr'>cnihoc</span> 
     </span>
    </p>
   </div>
   <div class='ocr_carea' id='block_1_22' title="bbox 1794 3872 2168 3911">
    <p class='ocr_par' dir='ltr' id='par_1_31' title="bbox 1794 3872 2168 3911">
     <span class='ocr_line' id='line_1_135' title="bbox 1794 3872 2168 3911; baseline 0.011 -15"><span class='ocrx_word' id='word_1_1031' title='bbox 1794 3872 1813 3896; x_wconf 91' lang='lat' dir='ltr'>z</span> <span class='ocrx_word' id='word_1_1032' title='bbox 1867 3873 1885 3896; x_wconf 87' lang='lat'>2</span> <span class='ocrx_word' id='word_1_1033' title='bbox 2086 3876 2168 3911; x_wconf 80' lang='lat' dir='ltr'>prae—</span> 
     </span>
    </p>
   </div>
  </div>
 </body>
</html>
