2652 4126
243 547 320 580 ibid.
340 556 352 578 ι
361 556 387 583 ς.

324 756 343 778 e

434 145 502 198 28
841 139 1341 212 JuL1AN1

423 240 520 273 nium
551 235 738 285 poss'ess‘ores
757 263 765 271 .
794 233 888 279 Quid
916 230 963 267 est
990 229 1081 268 aliud
1108 230 1151 266 de
1178 228 1360 276 Evangelio

424 290 556 330 vivere,
581 288 638 324 nifi
658 284 860 323 laborantem
878 282 954 317 inde
984 279 1042 316 ubi
1070 278 1200 316 laborat
1226 279 1360 324 necess'a-

423 329 472 377 'ria
492 340 575 374 *vitae
605 336 811 385 percipere?
843 328 1029 379 Apostolus
1066 341 1180 368 tamen
1219 333 1279 377 qui
1316 330 1359 367 fic

424 387 643 435 Evangelium
668 384 878 434 praedicavit‚
905 392 942 417 ut
962 393 1024 418 nec
1040 381 1082 418 de
1102 379 1286 427 Evangelio
1312 383 1359 416 vi-

420 428 517 481 lueret
535 463 547 480 ‚
572 436 625 473 sed
652 431 818 471 necess'aria
845 430 904 469 fibi
933 431 996 469 suis
1018 430 1171 474 manibus
1199 430 1359 468 ministra-

423 501 497 531 ret,
522 488 565 524 de
591 487 622 522 se
648 483 857 521 confidenter
883 489 897 506 ²
921 482 1095 532 eloquitur
1122 495 1130 515 ε
1162 482 1229 527 Ego
1248 491 1357 515 aurem

423 538 514 573 nullo
532 536 642 569 borum
661 533 733 579 usus
741 531 836 579 sum.
863 536 909 571 Et
927 546 1029 582 quare
1047 532 1117 570 hoc
1133 533 1256 574 dixerit
1275 558 1288 577 ,
1312 532 1359 568 se-

422 600 517 626 cutus
543 587 672 633 aperuit
700 583 813 623 dicens
837 599 846 621 :
883 583 1028 630 Expedit
1056 582 1137 617 mihi
1165 583 1270 628 magis
1294 594 1359 615 mo.

422 638 471 678 ri,
498 646 593 681 quam
610 644 648 670 ut
660 634 804 681 gloriam
824 645 930 668 meam
951 634 1030 680 quis
1048 643 1202 669 evacuet.
1231 629 1247 656 b
1276 635 1360 670 Eva·

419 689 506 725 cuari
525 685 607 723 dicit
626 685 768 734 gloriam
787 684 897 728 suam,
921 684 944 721 fi
963 684 1004 722 ab
1023 687 1069 721 eis
1089 711 1102 729 ,
1127 683 1248 732 quibus
1278 692 1361 731 prai-

417 735 566 779 dicabat,
592 735 764 781 voluiffet,
788 738 938 784 accipere
957 738 1034 773 vitae
1059 739 1073 758 ‘²
1099 734 1283 782 corporalis
1303 746 1359 774 ex.-

413 786 549 835 pensam
576 800 586 822 t
611 786 742 824 nolebat
768 789 896 835 quippe
922 789 955 822 in
985 785 1136 834 praesenti
1163 784 1285 822 laboris
1309 784 1356 822 sui

414 838 585 880 frustum,
610 836 666 874 sed
687 841 719 873 in
739 837 856 875 futuro
886 840 1034 885 recipere
1053 863 1061 871 .
1088 840 1118 874 Si
1150 847 1236 883 ergo
1262 836 1319 873 ille
1343 862 1357 880 ,

414 890 473 936 qui
491 885 576 923 nihil
595 885 738 926 habebat
756 914 767 931 ‚
803 887 915 926 noluit
942 887 984 925 de
1012 887 1200 934 Evangelio
1225 886 1281 924 ubi
1313 887 1356 925 la·

415 936 555 975 borabat
572 962 585 981 ‚
619 937 676 976 sed
702 938 764 977 suis
792 937 944 976 manibus
982 941 1094 975 vivere
1112 964 1124 982 ‚
1158 933 1176 960 ‘³
1211 950 1252 974 ne
1282 938 1356 986 glo-

413 992 497 1027 riam
525 988 590 1025 suae
626 990 789 1030 mercedis
820 992 984 1026 amitteret
1009 1002 1020 1027 3
1055 988 1139 1036 quid
1164 999 1225 1024 nos
1249 1015 1262 1033 ,
1295 994 1355 1037 qui

414 1044 449 1076 &
479 1041 617 1087 propria
643 1039 799 1079 nolumus
822 1052 935 1077 amore
962 1039 1149 1088 poffidendi
1168 1063 1180 1081 ‚
1206 1051 1274 1075 non
1307 1044 1354 1076 vi-

418 1091 518 1127 vendi
557 1091 742 1129 neceffitate
760 1118 770 1135 ,
805 1090 992 1138 relinquere
1019 1114 1033 1132 ,
1065 1094 1099 1128 δε
1129 1092 1280 1136 accipere
1305 1094 1354 1126 in·

411 1139 511 1188 super
545 1138 704 1179 volumus
728 1167 742 1185 ,
776 1153 846 1178 non
872 1141 960 1177 unde
986 1143 1157 1181 vivamus,
1184 1138 1238 1177 sed
1264 1141 1353 1177 unde

411 1190 546 1227 censum
570 1190 723 1228 nostrum
748 1193 962 1227 incrementis
980 1187 1224 1227 damnabilibus
1241 1203 1354 1239 augea—

411 1242 506 1277 mus?

621 1342 991 1381 CAPUT
1066 1343 1146 1380 XV.

408 1442 464 1476 De
484 1442 688 1490 cupiditate,
714 1441 857 1490 qualiter
876 1441 943 1486 eis,
968 1453 1048 1488 quos
1061 1441 1163 1490 semel
1182 1440 1359 1492 invaserit,

786 1492 987 1531 dominetur.
1255 1519 1258 1522 >

418 1606 446 1630 1.
499 1594 593 1633 Ubet
619 1600 634 1618 ⁸
661 1608 736 1632 ecce
765 1593 867 1634 nobis
893 1597 1070 1645 imperiosa
1101 1597 1293 1647 cupiditas,
1317 1609 1357 1636 ut

458 1599 496 1713 J
526 1642 543 1669 f
564 1647 676 1684 divina
698 1646 978 1695 parvipendentes
1000 1646 1234 1696 poffeffionum
1253 1660 1356 1686 terre·

528 1695 646 1736 strium
673 1697 829 1734 damnosa
855 1698 1061 1745 compendia
1087 1703 1275 1745 cogitemus
1295 1725 1306 1742 ‚
1335 1703 1354 1732 Ε

408 1756 446 1781 ut
472 1749 505 1782 in
537 1751 582 1783 eis
612 1759 718 1785 totam
747 1746 1006 1784 sollicitudinem
1031 1761 1216 1797 curamque
1253 1762 1358 1798 pona-

407 1808 503 1839 mus,
529 1794 548 1820 ὴ
574 1809 612 1834 ut
632 1799 710 1834 inde
727 1810 790 1834 nos
809 1796 963 1835 morbida
991 1802 1133 1836 vanitate
1160 1800 1318 1846 jaetemus
1343 1827 1357 1845 ,

409 1857 448 1882 ut
474 1846 692 1895 amplitudine
722 1850 916 1896 patrimonii
941 1848 1121 1886 diffusioris
1151 1850 1226 1887 elati
1246 1876 1259 1894 ,
1284 1851 1355 1887 fieri

409 1909 569 1944 pauperes
598 1898 716 1946 spiritu
744 1898 948 1946 negligamus
966 1926 976 1936 .
1012 1897 1022 1922 ³
1049 1903 1086 1936 Ο
1111 1900 1238 1937 facinus
1264 1904 1354 1937 inau-

405 1947 514 1983 ditum
543 1948 552 1984 Ξ
579 1950 674 1985 suavi
695 1950 777 1994 jugo
794 1947 939 1985 Christo
956 1960 1181 1997 contempto,
1206 1951 1354 1989 fisi-reum

400 1997 596 2044 cupiditatis
621 2000 803 2045 imperium
831 1997 1020 2035 voluntaria
1056 2003 1224 2038 mentium
1262 2001 1355 2039 incli-

405 2049 538 2085 natione
576 2046 770 2096 suscipimus
806 2061 818 2086 3
848 2051 885 2085 δε
911 2051 1054 2087 Domini
1092 2049 1195 2088 nostri
1231 2048 1254 2078 k
1289 2052 1356 2090 levi

404 2105 506 2134 onere
531 2122 543 2140 ,
579 2098 674 2144 quod
702 2097 869 2143 subjeetos
897 2111 965 2136 non
991 2113 1112 2139 onerat
1130 2127 1141 2145 ‚
1170 2102 1226 2140 sed
1246 2101 1353 2141 suble·

406 2159 486 2190 vat,
510 2146 729 2194 posthabito,
754 2147 950 2196 plumbeum
973 2152 1105 2197 pondus
1125 2152 1256 2198 *nostris
1284 2164 1353 2186 cer-

405 2197 533 2234 vicibus
557 2194 569 2221 ¹
592 2196 793 2244 aggeramus*
808 2222 822 2239 ,
857 2198 952 2243 quod
987 2202 1086 2234 citius
1111 2199 1222 2246 potest
1245 2199 1353 2246 depo-

403 2251 438 2286 ni
460 2274 472 2291 ,
507 2259 607 2293 quam
637 2246 715 2282 ferri
744 2261 755 2282 .·
790 2249 868 2293 quia
897 2249 931 2281 &
960 2247 1028 2293 ipsa
1056 2247 1253 2295 cupiditas,
1278 2261 1354 2296 quae

404 2296 500 2333 nobis
519 2296 634 2333 subiici
654 2296 746 2335 ultro,
765 2294 958 2333 volentibus
987 2292 1056 2334 hoc
1084 2298 1219 2346 pondus
1245 2301 1355 2347 impo-

405 2351 455 2382 nit
476 2372 488 2389 ‚
513 2349 683 2382 contemni
704 2344 814 2393 potest
838 2345 965 2382 facilius
994 2359 1095 2393 quam
1127 2348 1256 2397 expleri
1282 2364 1292 2386 ε
1320 2354 1356 2386 &

403 2397 482 2433 ideo
502 2398 559 2441 qui
578 2395 611 2429 se
630 2394 678 2430 illi
701 2394 850 2434 volentes
868 2395 1024 2430 dederint
1038 2402 1270 2444 expugnanti,
1295 2412 1355 2435 vo·

406 2445 570 2482 luntatem
588 2441 753 2478 resistendi
771 2440 914 2476 ulterius
934 2451 1002 2474 non
1020 2440 1193 2477 habebunt
1210 2452 1356 2491 tyranni.

408 2509 446 2533 ce
470 2494 678 2531 dominanti.
704 2493 751 2528 Et
770 2488 839 2526 hoc
860 2489 900 2526 fit
928 2487 1017 2536 justo
1045 2491 1112 2526 Dei
1140 2491 1267 2535 judicio
1285 2517 1298 2534 ‚
1322 2506 1361 2530 ut

410 2547 469 2595 qui
506 2542 679 2591 cupiditati
715 2540 861 2578 refistere
887 2544 914 2562 ¹²¹
940 2539 1108 2579 noluimus
1134 2539 1324 2589 ingress'urae
1348 2568 1362 2586 ,

411 2600 475 2645 jam
491 2592 634 2630 resistere
654 2603 856 2641 nequeamus
873 2589 1036 2637 ingreffae.

465 2657 496 2680 2.
522 2647 560 2680 Ο
590 2641 814 2690 plangendum
843 2640 1075 2678 miserabiliter
1103 2645 1225 2679 mentis
1255 2656 1360 2691 expu-

413 2706 518 2743 gnatae
543 2699 561 2718 ¹¹
586 2693 756 2730 servitiu-m
794 2693 802 2731 !
840 2695 878 2729 0
904 2691 1152 2729 intolerandum
1186 2698 1204 2715 ⁰
1237 2694 1359 2732 daemo·

414 2750 516 2783 niacae
531 2742 722 2791 cupiditatis
740 2745 924 2791 imperium
953 2743 961 2780 Ξ
988 2753 1026 2780 ut
1043 2754 1087 2778 ex
1113 2740 1268 2780 hostibus
1297 2745 1359 2782 suis

415 2807 502 2844 quos
521 2791 630 2842 potest
656 2797 675 2824 P
699 2795 855 2837 vincere,
879 2794 1026 2831 vietores
1045 2792 1141 2830 faciat
1159 2793 1252 2831 suos:
1281 2808 1359 2843 pro·

415 2848 523 2882 mittit
541 2845 711 2892 ingentia,
736 2846 771 2881 δε
792 2842 965 2881 bonorum
991 2843 1230 2891 temporalium
1259 2845 1358 2894 polli-

416 2898 576 2934 citatione
592 2894 752 2944 deceptos
769 2919 783 2939 ,
809 2893 953 2943 impellit
979 2895 1045 2942 jam
1073 2894 1210 2933 miseros
1239 2908 1276 2934 ac
1302 2899 1363 2935 mi·

457 3038 476 3059 a
497 3027 561 3059 mss.
581 3027 640 3059 duo
659 3028 734 3070 neg.
755 3028 896 3069 loquitur.

456 3068 478 3099 b
498 3071 547 3099 Ita
567 3069 631 3100 uss.
650 3069 710 3099 duo
731 3069 805 3108 Reg.
828 3069 888 3099 Alii
909 3076 978 3099 cum
999 3068 1108 3106 editis,
1128 3080 1280 3102 evacuare.

460 3119 477 3139 c
500 3107 563 3141 mss.
584 3109 716 3150 quinque
728 3129 739 3145 ,
757 3108 941 3149 temporalis.

461 3149 481 3179 d
502 3149 550 3180 us.
569 3149 658 3181 Colb.
678 3159 771 3184 unus,
792 3160 826 3179 ne
843 3148 942 3188 glorie
954 3147 1014 3186 suae
1032 3150 1186 3181 mercedem
1205 3171 1215 3183 .
1246 3151 1331 3182 Alter
1351 3170 1360 3187 ,

423 3189 558 3220 mercedis
572 3191 635 3228 Juae
650 3189 791 3228 gloriam·
937 3226 943 3233 ι

463 3241 478 3259 e
499 3228 564 3259 mis.
582 3236 727 3267 quatuor,
747 3229 816 3259 Ecce
835 3228 910 3258 enim
928 3226 1008 3265 jubet
1027 3229 1124 3260 nobis.

464 3269 480 3299 f
498 3268 546 3299 ms.
568 3268 643 3308 Reg.
666 3278 758 3305 unus,
779 3270 886 3299 divina
902 3277 1041 3309 praecepta
1056 3271 1316 3312 parvipendentes.

465 3319 484 3348 g
505 3308 552 3338 ms.
576 3318 671 3344 unus,
692 3311 731 3341 <9⁴
750 3310 781 3339 in
802 3309 862 3339 eis.

466 3349 487 3379 h
509 3349 558 3379 ΜΓ.
580 3349 688 3382 Camb.
707 3350 782 3380 unde
801 3361 867 3380 nos.

468 3388 479 3419 i
501 3388 564 3419 mss.
587 3389 735 3431 quinque,
755 3393 792 3422 (9¹
815 3402 829 3420 ο
842 3390 960 3428 fbcinus
980 3400 989 3426 5
1009 3399 1134 3431 quorum
1155 3391 1212 3422 duo
1228 3411 1237 3428 ,
1259 3391 1299 3423 (⁹9⁰
1318 3389 1367 3421 hoc

441 3439 540 3459 BCInus
550 3450 559 3459 ο

422 3429 450 3469 s
468 3469 486 3499 k
509 3469 558 3500 ms.
578 3470 683 3502 Camb-
706 3471 767 3500 levi
787 3471 862 3501 oneri
880 3471 892 3509 (
915 3470 988 3510 quod
1000 3470 1144 3510 subjefior
1165 3482 1217 3502 non
1239 3479 1335 3502 onerat
1355 3492 1366 3509 ,

428 3509 479 3547 sed
498 3508 635 3546 honorat,
655 3521 703 3540 nec
722 3511 856 3552 deprimit
875 3512 1004 3546 omnino,
1019 3511 1075 3549 sed
1088 3510 1248 3549 fiablevat)
1262 3509 1368 3551 ficljici

431 3550 633 3580 contemnimus
659 3561 672 3585 ,·
706 3550 756 3581 hoa·
782 3562 846 3591 ergo
864 3551 926 3581 levi
945 3562 1025 3580 onere
1041 3551 1200 3591 posthabito
1213 3573 1223 3589 ‚
1253 3552 1311 3582 ἃς.
1330 3548 1367 3580 ad

432 3588 512 3618 hunc
534 3591 674 3621 accedunt
697 3591 760 3622 mss.
782 3598 910 3632 quatuor
928 3590 1052 3622 Colb.&
1074 3592 1184 3631 Regius
1204 3601 1298 3626 unus,
1317 3600 1367 3620 ex-

1425 133 1951 196 PoMER11

1420 228 1571 264 serandos
1591 232 1624 265 in
1645 233 1772 277 turpia.
1798 234 1815 261 ‘¹
1841 231 1950 267 Tenet
1965 241 2028 268 nos
2049 231 2219 272 lucrorum
2244 248 2359 284 peena-

1419 278 1496 314 liter
1515 277 1663 314 dulcium
1683 282 1803 316 catenis
1817 281 1966 318 addietos
1983 307 1996 326 ,
2021 285 2057 319 δε
2084 286 2120 320 in
2151 283 2205 321 sua
2229 286 2358 324 ditione

1418 332 1569 376 captivos
1594 341 1604 367 ς
1630 341 1691 364 uec
1709 327 1813 366 trahit
1830 334 1973 374 invitos,
2000 331 2078 376 sed,
2103 335 2199 380 quod
2227 334 2275 372 est
2299 336 2357 377 de-

1419 382 1541 420 terius,
1568 382 1581 401 *
1606 391 1822 428 quocumque
1850 381 1999 420 voluerit
2017 406 2030 427 ,
2057 382 2205 422 volentes
2231 384 2324 424 ducit
2347 415 2357 425 .
2443 386 2459 408 τ

1419 428 1535 466 Vastat
1561 425 1577 451 s
1598 432 1631 465 in
1652 429 1748 466 nobis
1765 431 1930 479 quidquid
1953 434 2158 472 verecundiae
2185 450 2223 474 ac
2250 436 2357 485 pudo-
2441 456 2457 488 s

1419 482 1464 515 ris
1481 481 1643 517 invenerit
1669 493 1678 515 :
1704 484 1739 516 &
1757 493 1843 528 quos
1870 484 1934 528 jam
1963 484 2025 520 suis
2056 485 2238 534 triumphis
2264 486 2358 524 addi-

1418 534 1493 570 xit,
1516 528 1626 570 adhuc
1645 540 1812 578 tamquam
1837 536 1849 555 ¹
1874 533 2078 582 refipiscendi
2097 535 2262 584 suspeaos
2282 550 2359 576 om·
2439 544 2455 569 t

1419 578 1515 616 nibus
1544 579 1670 618 viribus
1696 579 1875 620 honestatis
1915 597 2061 623 exarmat
2095 599 2108 623 .-
2142 598 2183 624 ne
2220 588 2358 636 quando

1419 641 1536 667 contra
1562 644 1633 668 eam
1659 634 1719 680 qui
1746 631 1868 670 bellare
1896 634 2067 672 noluimus
2086 661 2097 680 ‚
2122 636 2355 677 rebellemus..

1420 683 1526 729 Rapit
1552 694 1613 722 uos
1633 707 1644 724 ,
1669 695 1706 719 ac
1735 684 1850 730 passim
1875 697 1937 732 per
1966 689 2077 723 omnia
2102 687 2358 736 acquifitionum

1417 742 1545 778 genera,
1565 732 1706 779 cupidos
1732 735 1923 781 acquirendi
1950 735 2137 784 dispergit.
2173 741 2258 777 Non
2285 751 2359 789 per-

1415 784 1523 821 mittit:
1539 786 1687 820 animum
1707 782 1852 822 liberum
1869 810 1885 829 ,
1917 798 1987 823 non
2014 784 2130 824 stabile
2153 802 2277 838 corpus
2302 795 2322 813 ¹
2345 815 2360 835 ,
2435 789 2456 813 ¹¹

1419 843 1557 879 vagante
1573 837 1688 870 animo
1705 833 1878 872 mobiliter
1889 861 1899 879 ,
1924 848 1982 874 aut
2000 840 2153 885 quietum
2177 854 2188 876 x
2211 844 2247 877 ἃ
2264 840 2361 878 velut

1416 883 1566 930 quadam
1584 884 1740 921 cadavera
1769 888 1803 922 in
1829 887 1966 934 pastum
1995 887 2072 925 seris
2098 888 2214 928 avibus
2237 890 2359 929 bestiis-

1417 946 1484 980 que
1501 935 1670 981 projefia,
1696 938 1846 984 captivos
1873 936 1946 974 suos
1974 939 2163 977 immundis
2187 940 2358 990 spiritibus

1417 995 1434 1015 x
1461 984 1585 1028 tradit,
1610 998 1678 1021 non
1698 985 1886 1025 lacerandos
1907 1014 1917 1031 ,
1941 988 1998 1026 std
2025 990 2215 1028 avidiffimis
2241 996 2359 1030 morti·
2433 992 2456 1016 ¹

1416 1030 1568 1072 ferorum
1586 1039 1768 1073 criminum
1788 1037 1936 1076 faucibus
1955 1040 2166 1078 devorandos
2185 1054 2197 1080 3
2220 1052 2282 1079 nec
2309 1053 2359 1080 ta-

1413 1097 1489 1122 men
1509 1096 1547 1125 ut
1565 1083 1716 1134 ess'ejam
1736 1087 1884 1126 defluant
1903 1116 1919 1134 ‚
1952 1090 2006 1128 sed
2036 1102 2074 1128 ut
2104 1092 2280 1140 poenaliter
2308 1096 2359 1130 vi-

1413 1147 1508 1172 vant.
1536 1139 1694 1186 Denique
1713 1141 1747 1173 in
1768 1142 1854 1175 vivis
1871 1139 1982 1178 adhuc
2007 1152 2143 1189 portant
2160 1142 2275 1180 fiinera
2289 1141 2360 1184 'sua

1416 1186 1617 1234 corporibus
1633 1214 1647 1232 ,
1682 1204 1701 1232 y
1728 1188 1762 1225 id
1788 1188 1835 1225 est
1862 1215 1876 1233 ,
1910 1194 1979 1227 vivi
2007 1191 2102 1230 fimul
2126 1195 2162 1229 δε
2191 1197 2357 1242 mortui„
2431 1191 2453 1222 Υ

1415 1238 1508 1272 Hinc
1529 1236 1582 1274 est
1598 1263 1613 1281 ‚‚
1644 1239 1739 1286 quod
1767 1250 1903 1286 peccato
1931 1245 2082 1278 viventes
2106 1250 2271 1290 quantum
2297 1256 2359 1290 nos

1418 1285 1647 1332 congestarum
1687 1302 1831 1337 operum
1868 1307 1884 1327 z
1921 1290 2070 1329 oblectet
2097 1294 2266 1338 acceffio,
2290 1288 2360 1343 ipss.

1419 1336 1549 1373 fruendi
1567 1339 1750 1376 carnalibus
1769 1340 1988 1379 delectatione
2006 1342 2192 1380 sentimus:·
2203 1346 2241 1380 δε
2258 1347 2362 1391 quan·

1419 1398 1487 1424 tam
1503 1389 1898 1430 virtutumiustineamus
1914 1396 2086 1442 inopiam,
2111 1392 2206 1431 velut
2232 1395 2361 1438 monui

1421 1437 1606 1475 virtutibus
1622 1443 1811 1487 ignoramus
1822 1470 1830 1479 .
2256 1464 2261 1469 -
2356 1463 2357 1466 ¹

1618 1565 1987 1619 CA'vuT
2063 1564 2217 1612 xv1.‘

1415 1689 1515 1735 ,Quod
1524 1691 1634 1734 Deum,
1649 1666 1831 1739 perfeflius
1849 1679 1910 1735 ilii·-
1921 1670 2121 1744 possideam,
2146 1698 2207 1747 que‘
2222 1699 2348 1736 terreni

1564 1740 1864 1793 paffqffionibusex
1882 1747 2203 1787 sorderenumiam.
2220 1776 2222 1778 v
2262 1773 2266 1778 Δ
2308 1772 2311 1777 2
2341 1761 2354 1769 '¹

1421 1852 1437 1880 1
1577 1849 1637 1884 AEc
1655 1845 1729 1884 sunt
1754 1851 1793 1874 ⁸⁸-
1812 1860 1954 1898 propter
1975 1864 2072 1901 quae,
2098 1851 2362 1903 nonexplenilis
2421 1876 2460 1899 ῃ

1551 1935 1554 1937 Α
1603 1897 1834 1946 voluptatibus
1851 1913 1889 1937 ac
1916 1900 2072 1940 fovendis
2090 1927 2104 1947 ,
2135 1904 2368 1952 sem-congre·
2406 1946 2409 1948 ,

1600 1949 1716 1994 gaudis
1735 1948 1915 1995 fratribus,
1938 1963 1998 1990 aut
2016 1951 2203 1992 aiendisreii
2248 1955 2300 1993 dit
2317 1954 2366 1992 fl·-

1415 1996 1554 2036 cultates
1583 1998 1739 2039 Ecclefiae
1766 2002 1967 2049 poffiderezs
2002 2015 2040 2042 ut
2069 2015 2139 2041 uuo
2163 2005 2366 2045 solicitude

1416 2061 1472 2084 nes
1489 2051 1653 2090 omnium,
1666 2052 1704 2088 iu
1723 2049 1791 2089 suav
1807 2050 1964 2088 societate
1976 2057 2196 2097 wiventim²
2205 2054 2365 2092 {mirien-

1415 2109 1471 2140 te,
1496 2110 1637 2139 omnes,
1660 2100 1721 2143 qui
1738 2097 1800 2135 sub.
1816 2111 1862 2133 eo
1884 2098 1991 2142 suut,
2015 2098 2365 2148 frustuosa·⁷vaeatio-

1413 2157 1455 2180 ne
1473 2147 1644 2188 potiantur
1663 2145 1883 2192 ‚spiritualiter
1908 2150 1947 2183 δι
1974 2150 2090 2194 quiete
2106 2177 2115 2186 .
2147 2151 2233 2188 Ideo
2256 2154 2364 2189 'inter-

1413 2192 1512 2242 posui
1549 2192 1639 2233 istud
1678 2193 1893 2233 adverbium·
1914 2211 1925 2232 ε
1959 2202 2121 2244 quoniam
2158 2205 2218 2248 qui
2254 2200 2365 2241 etiosa

1414 2246 1527 2290 quiete
1556 2242 1741 2291 perfruitur
1761 2270 1771 2287 ,
1807 2246 1864 2282 nifi
1894 2246 2107 2294 spiritualiter
2125 2253 2366 2295 vixeritsmo-

1414 2306 1449 2329 re
1468 2294 1636 2340 pecudum
1655 2297 1759 2330 vivit.
1785 2296 1931 2332 Et.ideo
1955 2300 1983 2333 is
1999 2322 2013 2341 ‚
2037 2310 2141 2346 quem
2170 2300 2262 2339 nulla
2288 2309 2365 2339 ἐστι

1417 2355 1527 2392 poreae
1553 2345 1753 2385 necestitatis,
1773 2357 1853 2382 cura
1881 2345 2038 2384 sollicitat·
2056 2373 2068 2391 ,
2104 2350 2196 2389 nulla
2222 2362 2367 2400 occupa-

1417 2397 1467 2430 tio
1486 2393 1681 2432 domesticaev
1696 2393 1928 2433 sollicitudinis
1958 2401 2120 2446 inquietat
2138 2425 2151 2444 ,
2184 2401 2298 2439 nulius
2326 2401 2366 2438 li-

1417 2447 1542 2490 tigator
1569 2443 1699 2485 infestat
1727 2468 1739 2488 ‚
1781 2445 1894 2482 nullus
1933 2447 2153 2486 calumniosus
2183 2454 2330 2498 exagitat
2351 2463 2376 2494 ς’

1418 2494 1501 2536 quid
1527 2493 1618 2531 aliud
1646 2506 1762 2531 curare
1796 2493 1898 2531 debet
1923 2519 1937 2538 ,
1975 2495 2098 2535 harum
2136 2500 2369 2541 molestiarum

1420 2543 1454 2574 &
1475 2539 1528 2574 his
1547 2542 1706 2581 similium
1725 2543 1832 2588 liber,
1857 2543 1919 2582 nifi·
1932 2546 2024 2584 unde
2052 2548 2094 2586 ad
2120 2550 2261 2589 meliotis
2286 2565 2369 2601 pro-

1421 2588 1511 2625 ficiat
1537 2615 1550 2634 ‚
1581 2590 1673 2632 unde
1709 2596 1792 2630 vitia
1824 2594 1878 2632 sua
1909 2596 2370 2650 profefflbu21quotrdiinis

1420 2642 1621 2685 imminuat,
1646 2645 1794 2681 virtutes
1817 2657 1952 2694 augeat,
1975 2652 2016 2686 ·&
2044 2649 2110 2698 pro
2138 2651 2334 2692 carnalibus>
2353 2667 2370 2700 ·,

1420 2702 1498 2738 quae
1530 2692 1732 2740 contempsit
1759 2719 1773 2738 ,
1815 2696 1997 2744 spiritualia
2040 2700 2128 2739 bona
2163 2704 2377 2756 *posticium

1420 2744 1456 2778 in
1481 2737 1536 2778 his
1560 2741 1593 2778 se
1627 2742 1789 2786 divinitus
1823 2747 1968 2792 adiutum*
1988 2760 2141 2789 merceat
2166 2779 2179 2796 ‚
2213 2748 2375 2798 tow

1420 2804 1482 2838 per
1505 2791 1724 2840 amplefflitur
1749 2808 1788 2833 ac
1811 2797 1947 2843 diligata
1970 2800 2007 2836 &
2031 2812 2099 2837 non
2125 2799 2364 2851 solumssffll·

1422 2840 1484 2879 bus
1507 2841 1578 2880 aliis
1611 2843 1887 2885 delectationibus
1922 2846 1987 2885 suis
2015 2875 2029 2893 ‚
2063 2851 2119 2890 sed
2153 2841 2362 2898 ,ffl'ipsss

1421 2892 1491 2932 suae.
1519 2895 1624 2935 carnis
1655 2893 1858 2935 cruciatibus
1892 2909 2076 2951 anteponat
2090 2909 2197 2939 scm·
2213 2902 2359 2987 §rihni-

1986 2971 1989 2985 2
2011 2966 2016 2974 τ
2040 2964 2055 2982 μ’
2107 2950 2113 2977 1¹
2119 2959 2132 2977 ’Δ
2286 2952 2316 2985 lm

1461 3026 1473 3058 1
1492 3025 1552 3058 mss.
1573 3026 1633 3059 duo
1647 3048 1656 3064 2
1677 3030 1855 3073 aggerimus.
1963 3010 2037 3034 ‘Lm
2308 3022 2312 3024 >
2345 3021 2348 3025 Ι

1461 3077 1492 3098 m
1515 3069 1579 3098 Mss-
1600 3068 1750 3111 quinque,
1773 3062 1971 3106 nolumus-''³‘'

1459 3117 1481 3138 n
1503 3108 1546 3139 Μ(
1577 3118 1667 3145 unus,
1689 3111 1812 3143 vitium.

1462 3158 1482 3178 ο
1505 3148 1568 3179 Mss-
1590 3158 1735 3190 quatuor,
1756 3163 1772 3181 o
1790 3149 1992 3183 mer-ndum..
2013 3151 2078 3183 Mss.
2095 3150 2170 3185 item
2197 3158 2329 3196 quatuor
2346 3173 2359 3191 2

1423 3186 1541 3218 domina
1560 3191 1746 3229 cupiditatis.

1465 3239 1484 3268 p
1506 3230 1570 3260 MsS.
1591 3239 1694 3260 omnes
1715 3238 1774 3258 non
1797 3227 1923 3265 habent,
1946 3232 2061 3263 vincere
2079 3233 2201 3266 viem:
2218 3245 2229 3273 ς
2251 3234 2298 3267 sed
2318 3234 2360 3266 le·

1425 3277 1517 3309 gunt,
1537 3281 1609 3309 quos
1622 3266 1710 3309 potest
1721 3268 1818 3305 saciat
1831 3271 1916 3308 suos.

1469 3318 1488 3348 q
1510 3308 1560 3339 us.
1583 3318 1619 3338 un
1626 3317 1675 3343 us,
1694 3315 1770 3338 tenet
1790 3319 1839 3338 nos
1853 3311 2008 3350 poenaliter
2026 3311 2167 3346 lucrorum
2187 3312 2338 3352 dulcium.

1466 3361 1480 3380 r
1502 3349 1583 3378 Edit.
1604 3346 1700 3387 Lugd.
1720 3350 1919 3390 quoscumque.

1466 3390 1482 3420 s
1499 3388 1599 3422 Alias,
1619 3387 1695 3425 jam.

1467 3438 1479 3460 t
1502 3427 1738 3473 mssRegmnus,
1761 3428 1936 3469 resipiscendi
1948 3431 2009 3469 fine
2021 3434 2184 3477 fhfieptos?
2201 3433 2364 3470 uncamb·

1428 3469 1459 3502 &
1480 3469 1548 3503 alii,
1568 3468 1630 3508 jam
1652 3467 1843 3507 resipiscendos
1855 3471 2012 3512 susceptos.

1470 3519 1489 3540 u
1511 3509 1610 3544 Alias,
1631 3517 1773 3538 vacante.

1469 3560 1488 3581 x
1509 3549 1559 3580 ms.
1579 3556 1722 3589 quatuor,
1743 3550 1856 3580 tudet-

1470 3601 1489 3629 y
1512 3590 1575 3620 mss,
1597 3597 1653 3618 tres
1668 3608 1678 3624 ‚
1706 3589 1739 3619 id
1765 3589 1801 3628 ‘fl
1819 3610 1829 3626 ²
1857 3593 1940 3624 vivis
1962 3593 2055 3633 fimul
2081 3595 2121 3628 Φ
2145 3595 2265 3626 mortuis
2281 3615 2290 3626 .
2310 3593 2362 3626 Ms-

433 3635 519 3665 cepto
539 3631 617 3668 quod
641 3641 715 3661 unus
735 3641 768 3661 ex
788 3632 876 3662 Colb.
898 3631 1000 3668 habet,
1017 3631 1068 3670 sed
1079 3633 1237 3670 sublimat.
1261 3631 1370 3676 Regius
1402 3663 1405 3666 Δ
1431 3640 1526 3664 unus,
1545 3630 1619 3659 idem
1639 3627 1650 3658 ?
1671 3629 1764 3665 forte,
1783 3630 1887 3666 iidem.
1908 3632 1976 3670 mss.
1998 3635 2078 3672 duo,
2091 3635 2146 3675 sed
2163 3637 2250 3667 iidem
2265 3655 2275 3672 ,
2295 3644 2366 3666 curn

433 3667 505 3697 alter
525 3666 560 3698 fic
582 3670 670 3700 habet
690 3681 699 3702 τ
719 3672 757 3704 ὁ*
780 3673 896 3703 nomini
918 3672 1002 3710 nostri
1029 3673 1092 3702 leve
1118 3684 1188 3703 onus
1209 3674 1338 3718 sugsrnus
1360 3691 1370 3708 ‚
1432 3670 1529 3711 Lugd-

434 3706 511 3746 quod
527 3707 661 3746 subjeeios
683 3723 736 3740 non
756 3722 868 3748 onerat,
882 3713 938 3751 sed
955 3713 1090 3747 benamu
1111 3713 1304 3754 necdepnmn
1317 3722 1373 3741 om-

437 3746 519 3782 uino,
533 3747 748 3786 Jedsublevaee‚
769 3751 818 3781 hoc
830 3763 910 3790 ergo.
930 3753 992 3782 Alii
1014 3753 1128 3783 codices
1144 3753 1291 3784 habeant:
1312 3752 1375 3782 leve

439 3796 506 3817 onus
513 3786 630 3828 superbe
651 3789 810 3827 rejicimus:
830 3799 925 3821 cetera
946 3800 977 3822 ut
1000 3793 1043 3823 illi
1064 3793 1115 3831 qui
1136 3802 1207 3824 mox
1229 3794 1377 3824 citantur.

1474 3721 1492 3742 z
1514 3707 1661 3746 tessares,
1677 3710 1833 3751 prolefiet,
1856 3712 2370 3757 ms.unus,jaaenmianpnlefien

1476 3761 1510 3782 aa
1533 3749 1578 3780 Ms-
1599 3749 1677 3790 Reg.
1696 3760 1788 3789 unus,
1808 3753 1890 3786 addit
1909 3755 1976 3794 hic,
1995 3765 2134 3798 precepta
2152 3778 2161 3789 .
2182 3778 2190 3791 .
2209 3776 2220 3788 .
2240 3777 2249 3787 .
2269 3755 2313 3789 Et
2330 3755 2370 3787 ab

1442 3791 1500 3822 alia
1524 3800 1628 3828 manu,
1645 3790 1789 3832 poffideri.

2634 2158 2652 2437 Ξ
