2652 4126
291 985 403 1018 Matth.
417 996 462 1025 ις,

291 1039 321 1057 υ.
343 1036 392 1064 42.
417 1037 462 1056 22.

291 1079 322 1095 v.
335 1077 464 1104 13.z4.v.

293 1115 465 1145 51.25.v.3o.

289 1148 361 1179 Luc.
379 1157 465 1186 13.v.

284 1195 330 1224 13.

273 1977 347 2008 Luc.
366 1984 447 2015 13.v.

276 2015 324 2047 ³8.

310 3156 416 3185 Rom.7.
427 3162 458 3182 υ,

292 3203 342 3228 24.

305 3263 380 3292 J‘lJil.
394 3272 418 3292 1.
427 3273 455 3290 υ.

291 3314 337 3336 24.

295 3393 362 3427 Luc,
377 3395 419 3421 16.
431 3404 460 3423 v.

294 3443 322 3469 3.

494 223 605 275 274

491 295 630 332 videtur
650 293 660 330 l
687 294 813 330 Nonne
834 288 923 326 bona
942 289 996 326 sua
1016 290 1157 340 suspirat
1178 305 1216 328 ac
1236 292 1393 341 deplorat
1406 295 1419 330 ἒ

492 349 620 383 Nonne
639 340 883 391 supellectilem
904 339 1144 389 thesaurosque
1163 343 1336 380 deamatos
1359 347 1420 379 mi·

492 394 678 432 serabiliter
697 389 949 439 circumspicit?
975 405 1053 427 cum
1073 406 1134 429 nec
1156 397 1299 442 opinato
1316 394 1418 441 longe

490 445 533 483 ab
553 449 593 481 iis
612 440 818 479 abstrahitur
830 467 841 484 ‚
867 446 901 477 δε
912 441 954 477 ad
964 442 1080 478 locum
1091 447 1120 478 ei
1134 443 1418 480 destinatumvtra-

490 497 626 533 ducitur
637 517 648 534 ,
675 490 861 538 talibusque
871 505 968 529 aures
981 494 1049 538 ejus
1060 494 1204 530 vocibus
1216 494 1415 543 personant:

490 546 591 585 Redde
607 544 757 577 rationem
769 541 976 579 villicationis
985 552 1066 579 tuae:
1085 544 1225 580 ostende
1235 544 1417 592 quomodo

489 595 663 643 praeceptis
681 589 971 639 obtemperaveris
982 618 994 635 ‚
1019 607 1092 641 quo
1102 598 1220 630 animo
1238 607 1316 642 erga
1335 608 1416 631 conv

487 644 603 680 servos
614 668 625 685 ‚
650 641 766 678 leniae
778 641 929 690 benigno
950 643 1054 680 fueris
1065 670 1077 687 ‚
1103 658 1144 680 an
1156 656 1275 680 contra
1285 644 1372 681 saevo
1381 649 1417 681 δε

483 692 680 730 inhumano
699 696 838 738 tyranni
855 696 888 728 in
909 706 1042 729 morem
1065 699 1184 742 pugnis
1211 709 1249 731 ac
1270 695 1418 731 verberi·-

485 743 549 781 bus
573 747 606 779 in
626 756 683 778 eos
695 742 828 779 saeviens
840 769 851 785 ,
877 743 1168 792 eleemosyn-“eque
1180 745 1342 781 demenso
1355 749 1417 781 mi-

487 794 576 831 seros
587 792 784 831 defraudans
795 820 802 828 .
816 796 862 829 Et
876 794 959 830 bene
971 793 1001 830 se
1017 809 1066 831 res
1077 794 1216 831 habebit
1229 821 1240 838 ,
1251 795 1415 843 siquidem

487 847 678 893 propitium
699 843 839 879 reddere
859 846 1051 881 Dominum
1083 844 1282 894 bonumque
1303 846 1334 882 se
1353 845 1416 882 ser,-

486 908 569 931 vum
580 892 770 943 approbare
782 897 922 942 poterin
933 894 978 930 fin
991 898 1187 939 minus‚non
1198 896 1271 933 illic
1281 901 1312 933 ei
1322 910 1416 946 para—

484 956 528 982 tae
540 948 645 993 virgae
654 948 689 981 δι
702 944 804 992 flagra
815 970 827 987 ,
853 957 921 981 non
933 944 1114 982 obscurum
1128 946 1309 995 pistrinum
1323 974 1335 990 ‚
1347 960 1414 983 non

486 995 670 1044 compedes
681 995 796 1034 ferreae
807 1019 818 1037 ,
831 994 887 1031 sed
898 999 982 1042 ignis
994 997 1262 1044 inextinguibilis
1275 1012 1284 1035 3
1305 997 1359 1033 sed
1371 1009 1417 1032 te—

483 1046 597 1083 nebrae
609 1057 802 1095 perpetuae„
829 1046 988 1094 nullaque
1001 1046 1083 1083 lucis
1105 1048 1356 1096 intercapedine
1368 1047 1418 1083 di—

484 1096 613 1133 stinekae
625 1109 636 1135 ;
646 1096 699 1133 sed
711 1096 837 1133 stridor
847 1096 1014 1140 dentium,
1027 1097 1126 1145 ipsius
1138 1098 1315 1144 Evangelii
1329 1097 1418 1133 testi-

483 1151 607 1184 monio
617 1147 818 1191 designatus.
832 1147 940 1191 Quod
951 1147 974 1182 si
984 1161 1155 1195 nunquam
1170 1173 1180 1189 ,
1191 1161 1214 1183 o
1225 1148 1333 1185 bone!
1353 1160 1419 1183 ter-

483 1200 573 1244 ren-is
584 1195 674 1232 hisce
687 1195 786 1233 bonis
797 1206 956 1243 tanquam
968 1197 1084 1233 alienis
1097 1212 1220 1233 exuere
1230 1224 1241 1240 ‚
1252 1212 1310 1245 age
1320 1198 1392 1235 sane
1402 1222 1415 1240 ‚

481 1248 594 1284 fruere
605 1246 736 1284 mundo
747 1246 974 1294 omnibusque
996 1248 1188 1296 voluptates
1200 1248 1340 1285 senfibus
1360 1249 1415 1285 ad-

480 1297 664 1340 mittesfin,
675 1308 713 1334 ut
727 1310 827 1345 quam
842 1297 1025 1334 diutissime
1036 1299 1199 1339 fruamur.
1210 1303 1255 1335 eis
1267 1300 1415 1348 aliquan·

478 1348 530 1383 do
539 1349 616 1384 finis
627 1347 764 1396 praest0‚
776 1347 1028 1397 carentiumque
1039 1353 1104 1384 erit
1116 1363 1127 1388 ‚-
1139 1360 1340 1391 metuamus,
1353 1350 1415 1385 fra-

478 1400 568 1436 tres!
582 1402 794 1446 migrationis
805 1398 903 1434 illum
916 1398 1021 1441 diem,
1034 1404 1066 1435 &
1078 1413 1119 1435 ex
1133 1400 1330 1448 praescripto
1341 1403 1414 1436 Do-

479 1452 567 1486 mini
580 1453 591 1491 ,'
603 1460 761 1498 tempore
771 1449 938 1485 incolatus
951 1453 1119 1491 vivamus,
1129 1463 1171 1486 ne
1184 1454 1288 1487 vinffi
1302 1456 1336 1487 δε
1346 1464 1410 1486 aere

475 1502 594 1538 alieno
604 1500 754 1547 oppressi.
765 1498 998 1548 abripiamur3
1018 1499 1072 1535 scd
1084 1500 1182 1536 liberi
1195 1527 1206 1543 ,
1233 1500 1287 1537 scd
1297 1501 1410 1538 secura

475 1550 684 1587 conscientia
706 1549 850 1597 solisque
872 1554 1126 1586 commentariis
1154 1554 1329 1588 affionum
1350 1565 1411 1588 no—

474 1601 622 1638 strarum
634 1599 1038 1649 irreprehenfibilibus‚&
1047 1613 1143 1637 extra
1153 1602 1297 1638 censurae
1307 1603 1414 1639 aleam

472 1651 592 1688 onusti
602 1654 694 1688 viam
705 1651 835 1700 ingredi
847 1652 1009 1699 poffimus
1022 1679 1030 1687 .
1050 1652 1168 1688 Malus
1179 1653 1242 1688 fuit
1253 1651 1353 1696 huius
1367 1657 1414 1689 vi-

473 1713 526 1738 tae,
542 1701 752 1750 dispensator
770 1705 826 1738 vir
837 1702 896 1738 ille
914 1701 1008 1738 dives
1019 1727 1031 1744 ‚
1057 1704 1151 1746 cujus
1172 1703 1310 1751 quidem
1332 1716 1410 1751 ager

472 1766 672 1800 quanquam
682 1751 800 1800 uberes
810 1752 940 1788 fructus
954 1752 1147 1788 reddiderat
1157 1778 1169 1795 ,
1196 1752 1284 1789 nihil
1294 1765 1326 1789 ta
1332 1767 1407 1790 men

474 1805 512 1838 in
521 1813 612 1838 tanta
631 1803 768 1839 fortuna
777 1806 946 1850 copiaque
957 1815 1070 1838 rerum
1082 1802 1165 1838 boni
1177 1804 1232 1839 vel
1244 1807 1410 1850 cogitavit

472 1853 532 1888 vel
542 1851 624 1889 fecit
634 1878 649 1896 ,
673 1852 727 1888 scd
737 1851 853 1888 hiante
874 1856 1000 1888 ventris
1011 1851 1173 1888 desiderio
1186 1879 1197 1894 ‚
1226 1853 1362 1902 latisque
1375 1860 1410 1892 &

472 1902 657 1950 profundis
677 1903 872 1950 cupiditatis
892 1907 926 1938 ἅτ
949 1905 1096 1938 ;.varitiae
1116 1902 1240 1940 finibus
1259 1909 1385 1953 apertis
1397 1927 1408 1948 ‹,

469 1952 571 1988 suum
591 1951 692 2000 ipsius
703 1957 737 1988 in
749 1952 844 1988 usum
856 1963 963 1999 -atque
975 1953 1171 2000 voluptates
1190 1959 1308 1991 omnia
1327 1968 1408 1991 con-

469 2002 673 2044 vertitsalia
684 2000 947 2038 subindedicens
959 2016 967 2037 :
977 2001 1142 2046 Desii-uam
1154 2004 1263 2041 horrea
1276 2008 1407 2049 meas&

466 2052 596 2101 majora
605 2062 755 2089 extruam
768 2077 780 2094 ,
790 2053 832 2089 έν·
842 2053 948 2088 dicam
959 2056 1071 2089 anime
1081 2065 1153 2091 meae
1165 2068 1173 2089 :
1196 2055 1292 2092 habes
1302 2057 1407 2093 multa

465 2104 552 2141 fbona
559 2102 704 2149 reposita,
714 2102 866 2148 requiesce
875 2127 887 2145 ,
896 2105 949 2139 ede
959 2128 971 2146 ,
980 2102 1061 2146 bibe,
1069 2105 1176 2141 laetare
1186 2132 1193 2140 .
1206 2108 1252 2141 Et
1262 2105 1283 2142 d
1287 2119 1345 2142 um
1357 2107 1408 2143 Ιοὸ

466 2165 658 2203 queretur„
676 2166 754 2189 ecce
765 2152 896 2189 adstitit
909 2157 966 2202 qui
977 2153 1178 2191 abduceret:
1199 2158 1331 2195 acceffit
1341 2157 1410 2206 spe—

466 2209 525 2242 cie
543 2203 688 2241 terribili
700 2203 881 2240 conservus
892 2229 904 2246 ,
928 2204 1149 2240 deturbatum
1160 2206 1407 2251 dispensatorio

470 2264 614 2291 munere
626 2264 783 2300 rapturus
793 2253 839 2287 ad·
851 2264 986 2297 poenam
998 2278 1006 2284 .
1018 2254 1063 2286 Et
1074 2251 1158 2297 quid
1169 2259 1242 2286 turn
1254 2275 1266 2292 ‚
1279 2252 1405 2297 quaeso,

471 2301 936 2353 prodestssvoluptuariaevitae
946 2298 1161 2347 propositum
1173 2302 1185 2335 ?
1204 2303 1321 2347 Atque
1335 2298 1406 2336 haec

469 2352 618 2400 quidem
627 2350 742 2387 vivide
753 2347 983 2396 graphiceque
995 2348 1146 2384 nostram
1158 2348 1405 2385 ad‘cautionem

470 2402 638 2449 descripta
644 2399 810 2441 suntJam
822 2409 908 2432 vero
919 2397 1002 2443 quid
1013 2401 1222 2445 experientia
1232 2401 1312 2433 vitae
1323 2411 1408 2445 quo—

471 2452 600 2490 tidiana
610 2452 623 2486 ἒ
642 2453 769 2486 Nonne
779 2446 852 2484 haec
860 2446 983 2483 affidue
1001 2447 1080 2483 talia
1093 2459 1233 2495 quoque
1243 2447 1408 2484 vocifera-

470 2503 558 2540 mr?
575 2501 659 2538 dum
678 2498 770 2536 hunc
780 2497 921 2546 quidem
944 2500 1002 2545 qui
1017 2497 1160 2533 meridie
1179 2496 1298 2534 firmus
1309 2502 1343 2535 ὅτ
1353 2512 1408 2534 va-

474 2553 548 2590 lens
561 2577 573 2595 ,
583 2559 659 2588 ante
669 2559 788 2586 ortum
801 2547 931 2596 vesperi
943 2558 1122 2584 mortuum
1133 2546 1234 2583 nobis
1247 2547 1406 2585 ostendit:

471 2603 576 2641 illum
599 2605 657 2651 qui
677 2599 807 2648 vesperi
827 2598 911 2636 bene
931 2597 1024 2635 sanus
1045 2603 1079 2635 &
1100 2598 1284 2635 incolumis
1294 2625 1306 2641 ,
1331 2611 1408 2635 ante

472 2654 612 2691 radium
642 2655 847 2687 matutinum
868 2648 1118 2685 conclamatum
1147 2660 1248 2697 atque
1280 2649 1410 2698 deposi-

472 2715 553 2741 ,tum
566 2703 687 2739 :alium
700 2705 780 2738 item
793 2704 826 2736 in
838 2699 994 2736 accubitu
1007 2698 1172 2747 superque
1185 2699 1330 2736 mensam
1342 2704 1411 2737 ani-

474 2767 570 2791 ›mam
583 2753 753 2789 efflantem
767 2777 775 2786 .
787 2754 832 2787 Et
843 2754 918 2797 quis
927 2749 1062 2786 tandem
1074 2775 1086 2792 ‚
1095 2749 1237 2786 obsecro
1247 2775 1258 2793 ,
1267 2761 1338 2787 tam
1348 2751 1413 2788 stu—

478 2804 576 2852 pidus
590 2814 688 2849 atque
700 2801 857 2842 stolidus,
868 2812 904 2836 ut
915 2813 984 2836 non
995 2799 1243 2837 animadvertat
1254 2802 1411 2849 quotidie

477 2853 634 2892 nostrum
645 2850 914 2900 aliquemsslium
926 2850 1020 2893 alias,
1031 2865 1072 2886 ex
1083 2849 1182 2896 hujus
1193 2855 1272 2887 vitae
1282 2851 1411 2901 dispen-

478 2904 603 2942 satione
613 2902 702 2951 quafi
720 2902 803 2938 loco
826 2902 983 2937 moveri?
1010 2900 1073 2937 Sed
1084 2904 1176 2937 enim
1195 2901 1303 2938 bonus
1315 2916 1352 2938 ac
1374 2903 1412 2939 fi-

476 2955 541 2991 dus
551 2953 703 2990 minister
723 2954 879 3000 rectaque
903 2949 1062 2988 subnixus
1074 2950 1275 2988 conscientia
1295 2952 1409 2989 adfici-

479 3015 537 3041 tur
548 3008 663 3040 animo
675 3029 688 3047 ,
698 3001 988 3049 quemadmodum
998 3001 1086 3038 olim
1097 3002 1237 3038 Paulus:
1249 3003 1307 3039 ille
1316 3007 1409 3038 enim

480 3055 535 3091 vel
547 3058 706 3092 Domino
727 3066 796 3089 non
807 3064 949 3100 urgente
966 3052 1008 3088 ad
1018 3065 1096 3088 eum
1109 3051 1287 3089 anhelabat
1297 3053 1411 3089 acsol-

477 3109 515 3142 vi
526 3104 684 3154 cupiebat
694 3130 706 3147 ,
731 3103 786 3140 sed
797 3107 831 3139 δε
842 3103 938 3140 ultro
957 3102 1211 3151 dispensationis
1224 3116 1346 3140 munus
1356 3104 1412 3141 de-

478 3154 680 3205 precabatur
690 3180 702 3197 ,
726 3153 851 3190 alicubi
863 3154 1006 3201 loquens
1017 3153 1150 3198 :Infelix
1159 3164 1212 3197 ego
1222 3153 1308 3190 homo
1319 3179 1330 3196 ‚
1340 3158 1410 3200 quis

478 3219 529 3243 me
535 3204 682 3243 liberabit
702 3206 740 3240 de
750 3213 873 3249 corpore
883 3206 993 3238 mortis
1003 3201 1097 3249 hujus
1108 3204 1120 3238 ?
1146 3205 1199 3239 Ac
1210 3216 1247 3239 ru
1253 3203 1320 3240 rsus
1332 3218 1340 3239 ε
1353 3211 1409 3240 Bo-

478 3269 552 3294 num
562 3256 642 3292 mihi
652 3252 778 3300 diffinivi
787 3279 799 3295 ,
824 3255 867 3290 (9⁸
877 3252 931 3298 effe
941 3265 1011 3288 cum
1021 3251 1137 3295 Christo
1147 3281 1154 3288 .
1166 3257 1298 3289 Contra
1310 3280 1322 3295 ‚
1348 3258 1407 3302 qui

480 3307 599 3355 plenus
609 3302 875 3353 cogitationibus
885 3305 1026 3338 terrenis
1038 3328 1051 3345 ‚
1069 3302 1241 3351 glebaeque
1251 3309 1285 3340 &
1296 3303 1407 3341 humo

480 3369 561 3392 vere
571 3366 734 3403 cognatus
746 3380 759 3396 ,
769 3354 810 3390 de
821 3356 1026 3401 migratione
1037 3357 1159 3390 anxius
1170 3379 1181 3395 ‚
1194 3358 1239 3390 ita
1251 3354 1411 3391 lamenta-

482 3418 538 3443 tur
549 3418 587 3443 ut
598 3406 656 3442 ille
667 3409 699 3442 in
711 3403 891 3453 parabola:
912 3403 1122 3454 ‚quidfaciam
1135 3429 1146 3446 ,
1172 3408 1246 3449 quia
1257 3407 1408 3441 Dominus

480 3457 586 3503 aufert
596 3469 616 3492 a
625 3469 675 3492 me
682 3454 939 3500 dispensationem
951 3455 963 3488 ?
976 3454 1088 3490 Fodere
1098 3467 1153 3490 non
1160 3455 1255 3490 valeo
1265 3480 1277 3496 ‚
1294 3457 1410 3490 mendi·

481 3519 554 3544 care
575 3505 714 3548 erubeseo
726 3533 734 3540 .
761 3503 894 3540 Desidis
905 3503 1002 3539 fimul
1022 3513 1122 3550 atque
1143 3503 1327 3551 voluptarii
1349 3504 1408 3540 hic

481 3557 587 3593 dolor
598 3581 609 3598 ,
623 3554 695 3592 haec
702 3554 839 3603 querela
850 3582 858 3590 .
870 3557 961 3590 Nam
973 3553 1070 3589 fletus
1081 3557 1114 3589 in
1124 3553 1218 3591 abitu
1230 3559 1263 3591 &
1274 3554 1410 3600 ejulatio

483 3605 662 3643 hominem
675 3608 792 3652 ‘arguit
802 3603 910 3641 fundo
930 3603 990 3640 suo
1008 3603 1143 3652 prorsus
1161 3605 1410 3652 agglutinatum

484 3659 520 3691 δι
529 3656 669 3692 affixum
683 3681 695 3698 ,
703 3654 876 3702 carnisque
887 3654 1078 3702 voluptates
1088 3679 1099 3697 ,
1111 3654 1234 3702 quibus
1244 3653 1307 3691 fuit
1319 3654 1411 3690 dedi·-

484 3714 553 3745 tus,
562 3716 749 3750 gementem
765 3719 805 3742 ac
811 3704 1058 3753 deplorantem.
1069 3704 1288 3740 Imbecillitas
1298 3716 1410 3740 autem

485 3767 523 3789 ac
537 3753 611 3800 suga
635 3753 792 3790 laborum
808 3780 820 3796 ‚
847 3758 924 3791 vitae
943 3767 1002 3802 per
1021 3757 1176 3790 inertiam
1194 3768 1233 3790 ac
1250 3754 1408 3790 desidiam

487 3805 568 3840 2&ae
580 3805 708 3838 crimen
718 3803 767 3838 est
776 3824 787 3846 3
796 3816 834 3839 ac
844 3815 925 3840 nota
935 3830 942 3838 .
953 3808 1043 3842 Nam
1054 3803 1076 3840 fi
1087 3808 1184 3851 operi
1196 3817 1236 3841 aer
1246 3803 1354 3841 labori
1366 3803 1410 3840 as-

852 195 1170 255 SANcT1
1228 197 1595 255 ASTERII
1655 196 2038 254 Homima

1477 289 1642 335 saevisset,
1653 306 1670 328 a
1680 292 1847 328 fodiendo
1859 305 2070 341 nequaquam
2080 290 2401 337 abhorreretQuod

1476 343 1501 379 [ι
1511 343 1693 390 allegorice
1719 343 1760 378 de
1773 342 1827 379 his
1847 357 1921 391 qum
1939 342 1999 379 sub
2019 343 2229 379 intellectum
2248 341 2370 378 cadunt
2389 366 2401 384 ,

1476 393 1674 441 parabolam
1685 392 1773 430 hanc
1784 396 2060 441 interpretamur,
2070 392 2128 429 ubi
2139 392 2240 428 semel
2250 391 2331 428 hinc
2342 395 2403 427 mi,

1476 446 1685 491 graverimus
1706 469 1718 485 ‚
1745 456 1854 490 neque
1875 444 2038 490 operandi
2047 463 2050 468 ·
2059 456 2168 491 neque
2189 440 2403 479 mendicandi

1475 504 1608 540 tempus
1629 507 1636 527 :
1657 506 1764 541 eoque
1775 506 1878 529 nemo
1888 493 1978 529 dicat
1987 519 1999 536 ‚
2026 495 2138 530 Fodere
2147 506 2205 529 non
2214 492 2306 529 valeo
2316 519 2325 527 .
2353 494 2403 528 Ut

1475 546 1567 578 enirn
1580 547 1728 579 maxime
1741 543 1848 579 valeas
1859 569 1870 586 ,
1882 556 1986 579 nemo
1996 542 2186 591 permiserit
2196 570 2204 578 .
2233 541 2356 579 Cultus
2367 547 2401 578 &

1477 592 1672 629 observatio
1693 593 1932 630 mandatorum
1959 593 2058 636 huius
2077 596 2215 641 propria
2237 595 2312 628 vitae
2331 590 2401 634 est,

1476 643 1597 679 fruitio
1607 656 1691 680 vero
1702 644 1775 680 futu
1781 657 1832 679 rae.
1843 647 1960 690 Quare
1970 643 1994 680 fi
2004 643 2062 679 hic
2072 641 2256 684 cessaveris,
2263 655 2301 678 ac
2311 640 2402 681 nihil

1475 705 1638 741 operatus
1650 693 1767 737 fueris,
1778 693 1898 730 frustra
1909 693 1950 730 de
1961 693 2229 736 viribus‚frustra
2237 692 2279 729 de
2289 691 2403 728 sossio-

1478 757 1520 778 ne
1531 747 1734 790 cogitaveris
1744 771 1752 779 .
1781 743 1844 780 Sed
1856 757 1918 779 nee
1937 744 2092 792 rogando
2102 743 2155 780 vel
2176 741 2402 779 mendicando

1476 793 1664 841 quidquam
1685 794 1869 842 profeceris
1879 821 1887 829 .
1913 794 2072 830 Declarat
2083 793 2207 840 insigne
2227 795 2401 840 virginum

1477 843 1705 890 insipientium
1726 844 1923 892 exemplum
1945 858 1954 879 τ
1980 857 2053 893 quae
2064 869 2076 886 ,
2101 857 2178 880 cum
2197 843 2314 880 oleum
2328 841 2401 890 ipsis

1476 891 1598 930 deesset
1609 919 1619 936 ‚
1629 906 1668 930 ut
1678 894 1896 942 impudenter
1906 920 1918 936 ,
1929 893 1972 930 sic
1981 893 2167 931 incassum'a
2178 892 2401 942 prudentibus

1475 943 1512 980 id
1523 947 1690 992 petierunt
1701 972 1709 980 .
1737 949 1821 991 Quo
1832 945 1999 982 docemur
2007 970 2020 987 ‚
2039 944 2237 981 adveniente
2248 947 2268 979 S
2270 941 2379 991 ponso
2388 966 2400 985 ,

1471 997 1653 1043 neminem
1668 995 1750 1031 oleo
1759 996 1874 1031 alieno
1884 1020 1896 1037 ,
1923 995 1958 1032 id
1968 995 2017 1032 est
2034 995 2181 1031 aliorum
2192 995 2284 1033 reete
2304 993 2400 1031 factis

1477 1044 1572 1081 suum
1585 1045 1626 1081 ad
1636 1045 1862 1082 commodum
1873 1056 1972 1094 atque
1983 1046 2134 1083 frustum
2144 1048 2194 1082 uti
2205 1069 2213 1078 .
2234 1047 2307 1089 Suis
2315 1041 2402 1091 quis·

1478 1109 1544 1142 que
1564 1095 1659 1132 saetis
1681 1095 1772 1144 quasi
1793 1095 1883 1133 veste
1903 1095 2047 1144 quadam
2069 1097 2211 1132 amictus
2229 1093 2278 1130 est
2297 1119 2309 1135 ,
2335 1092 2401 1134 sive

1477 1145 1652 1193 splendida
1664 1146 1728 1183 villa
1739 1160 1778 1183 ac
1789 1146 1934 1195 pretiosa
1943 1172 1955 1190 ,
1977 1146 2043 1184 five
2054 1146 2114 1182 vili
2124 1159 2162 1181 ac
2181 1146 2400 1193 paupertina:

1477 1209 1539 1232 nec
1550 1209 1674 1234 exuere
1684 1209 1758 1234 eam
1770 1198 1816 1234 fas
1826 1202 1860 1234 δε
1871 1198 1935 1234 alia
1947 1208 2162 1246 permutare„
2182 1208 2244 1231 nec
2253 1197 2400 1231 omnino

1477 1246 1531 1282 vel
1541 1260 1585 1283 ex
1594 1247 1690 1284 dono
1698 1248 1752 1285 vel
1763 1247 1987 1284 commodato
1999 1246 2114 1292 judicii
2132 1256 2290 1293 tempore
2300 1257 2401 1280 exor-

1478 1300 1549 1342 nari
1561 1325 1568 1332 .
1595 1299 1715 1334 Manet
1726 1299 1866 1347 quisque
1877 1298 1982 1347 qualis
1992 1310 2109 1334 revera
2118 1295 2167 1333 est
2176 1321 2188 1338 ‚
2213 1295 2279 1332 five
2290 1293 2401 1331 bono·

1473 1360 1554 1383 rum
1565 1359 1688 1394 egenus
1699 1372 1711 1390 ,
1736 1348 1802 1385 five
1819 1348 1913 1384 dives
1933 1353 1966 1385 δε
1978 1346 2158 1397 copiosus.
2184 1348 2230 1382 Et
2239 1343 2311 1382 haec
2325 1346 2402 1392 qui·

1473 1397 1552 1433 dem
1567 1396 1738 1436 hatstenus.
1751 1399 1848 1444 Quid
1861 1401 1922 1444 jam
1934 1399 2085 1435 dicamus
2094 1397 2135 1433 de
2144 1395 2403 1432 condamnatio-

1473 1461 1515 1484 ne
1526 1453 1559 1485 δὲ
1573 1449 1763 1487 remissione
1783 1447 1980 1486 debitorum
1991 1475 2003 1492 ,
2026 1462 2125 1497 quam
2137 1449 2322 1494 iniquitatis
2342 1443 2401 1480 ille

1469 1511 1672 1536 oeconomus
1681 1509 1894 1536 commentus
1904 1499 1952 1536 est
1963 1527 1973 1541 ,
1999 1509 2037 1536 ut
2045 1498 2203 1535 solatium
2213 1494 2355 1543 aliquod
2365 1498 2402 1531 ἃς

1473 1549 1643 1587 auxilium
1651 1553 1690 1585 in
1699 1550 1792 1586 malis
1802 1550 1890 1597 apud
1900 1549 2083 1587 conservos
2093 1548 2151 1585 fibi
2163 1545 2401 1594 compararet?

1473 1603 1556 1636 Non
1569 1603 1660 1636 enim
1673 1600 1744 1636 sane
1757 1600 1912 1648 proclive
1923 1626 1936 1643 ,
1960 1610 2163 1637 convertere
2173 1598 2209 1636 id
2229 1601 2263 1633 in
2274 1595 2399 1643 allego-

1474 1655 1559 1686 riam
1582 1649 1709 1698 scripto
1727 1662 1972 1698 congruentem
1992 1679 2000 1687 .
2028 1653 2154 1687 Dicam
2173 1659 2287 1684 tamen
2305 1643 2400 1694 quod

2421 835 2527 867 Mactb.
2540 847 2585 877 ις.

2416 888 2486 910 vd·

1473 1704 1506 1736 in
1520 1712 1669 1737 mentem
1679 1702 1786 1737 multa
1800 1702 1952 1737 volventi
1965 1700 2052 1738 mihi
2065 1703 2158 1736 venit
2168 1727 2176 1735 .
2187 1701 2319 1735 Omnes
2327 1699 2416 1750 qui-¹
2443 1729 2447 1732 .

1468 1764 1616 1798 cumque
1638 1763 1856 1800 peccatorum
1876 1752 2104 1788 remissionem
2125 1749 2281 1786 obtinere
2291 1745 2401 1785 stude—

1471 1815 1548 1838 mus
1562 1827 1574 1843 ‚
1599 1802 1783 1838 alienarum
1794 1801 2014 1838 donationem
2028 1813 2142 1838 rerum
2153 1800 2288 1836 lucrum
2299 1806 2400 1845 atque

1471 1851 1635 1899 quaestum
1654 1855 1837 1901 proprium
1847 1851 2006 1889 facimus.
2034 1851 2156 1888 Aliena
2177 1848 2400 1898 appelloquoe

1469 1905 1617 1939 Domini
1628 1901 1720 1939 sunt.
1748 1901 1850 1939 Nihil
1861 1905 1953 1939 enim
1973 1905 2119 1938 omnino
2139 1899 2318 1940 nostrum,
2344 1895 2400 1933 sed

1469 1952 1563 2001 quod
1583 1952 1758 1990 bonorum
1779 1952 2088 2001 cumquesexisteb
2115 1950 2206 1988 illius
2227 1950 2400 1996 mancipio

1469 2007 1653 2052 proprium
1665 2003 1732 2041 est.
1751 2007 1880 2050 rQuum
1893 2003 2127 2052 igituraliquis
2146 2001 2249 2037 finem
2259 1998 2401 2037 suum&

1467 2053 1599 2091 abitum
1617 2054 1854 2097 considerans,
1880 2065 2099 2101 peccatorum
2110 2065 2196 2089 onus
2214 2048 2401 2089 benefice*

1467 2109 1514 2142 tia
1526 2105 1639 2150 levare
1651 2104 1763 2142 studet
1773 2129 1785 2147 ‚
1810 2117 1850 2141 ac
1863 2105 1917 2140 vel
1941 2103 2136 2140 debitorum
2148 2101 2208 2138 fibi
2218 2102 2399 2138 nominum

1469 2159 1613 2203 gratiam
1625 2155 1728 2196 facit,
1754 2154 1810 2188 vel
1829 2152 2004 2197 agentibus
2019 2151 2064 2184 de
2082 2151 2228 2184 fortunis
2249 2146 2399 2187 fuiss-‚hb

1467 2209 1588 2246 gitur-‚-
1611 2213 1735 2246 eaquae
1750 2201 1902 2234 Domini
1923 2197 1997 2233 sunt
2016 2197 2201 2238 donando,
2229 2196 2397 2244 plurimos

1466 2248 1525 2284 fibi
1533 2247 1696 2283 conciliat
1707 2249 1836 2283 amicos
1847 2272 1859 2288 ‚
1885 2251 1943 2293 qui
1956 2247 2120 2282 bonitatis
2139 2245 2397 2282 acliberalitatis

1466 2299 1538 2343 ejus
1547 2297 1645 2333 testes
1655 2297 1744 2344 apud
1756 2296 1908 2336 Iud-icem
1918 2306 2018 2331 erunt
2027 2320 2041 2338 ‚
2061 2295 2188 2342 suoque
2197 2293 2399 2332 testimonio

1468 2350 1687 2382 recreationis
1698 2350 1730 2381 &
1743 2345 1911 2390 refrigerii
1921 2344 2038 2381 locum
2051 2349 2081 2381 ei
2095 2344 2260 2394 parabunt
2270 2371 2278 2379 .
2289 2341 2399 2380 'resti'

1466 2399 1625 2431 monium
1637 2406 1749 2432 autem
1768 2399 1825 2443 qui
1839 2394 2011 2432 beneficiis
2030 2393 2141 2432 affesti
2161 2393 2334 2442 suntapud
2343 2395 2398 2436 Ju-

1467 2445 1580 2481 dicem
1600 2445 1688 2482 ferre
1704 2445 1868 2482 dicuntur
1883 2470 1894 2488 ,
1918 2458 1989 2481 non
2011 2458 2095 2481 voce
2107 2450 2141 2482 &
2151 2448 2317 2482 oratione
2329 2454 2400 2481 tan·
2415 2491 2418 2496 Ι

1469 2508 1572 2542 quam
1585 2496 1675 2543 apud
1685 2499 1865 2543 ignarum3
1886 2495 2027 2545 sedipsis
2049 2496 2115 2532 illis
2135 2493 2399 2544 quodammodo

1468 2545 1652 2583 benefactis
1672 2559 1747 2594 quae
1766 2557 1969 2594 acceperunt
1989 2571 2002 2589 ,
2028 2548 2181 2582 austores
2200 2545 2276 2583 suos
2297 2554 2399 2594 poena

1469 2599 1654 2633 criminum
1666 2596 1894 2633 eximentibus
1913 2624 1921 2631 .
1949 2601 2038 2633 Nam
2051 2610 2116 2644 qua
2128 2598 2259 2634 ratione
2270 2595 2400 2643 sanguis

1470 2645 1590 2684 Abelis
1610 2648 1756 2684 clamare
1777 2647 2034 2686 ad,Dominum
2053 2647 2163 2684 dietus
2182 2645 2230 2685 cst
2250 2660 2259 2681 ε
2277 2645 2400 2683 eodem

1473 2698 1583 2734 modo
1594 2707 1697 2747 opera
1709 2697 1798 2734 bona
1820 2697 2057 2734 testimonium
2076 2701 2106 2732 ei
2117 2696 2267 2733 tribuere
2286 2695 2400 2734 dicen-

1473 2758 1530 2784 tur.
1542 2753 1600 2796 qui
1614 2749 1690 2785 fecit
1713 2752 1745 2784 in
1756 2747 1903 2784 Christo
1921 2747 1994 2789 chu
2007 2750 2167 2784 Domino
2177 2745 2298 2783 nostro
2309 2771 2322 2789 ,
2347 2749 2400 2785 cui

1472 2799 1582 2847 gloria
1596 2803 1629 2836 in
1643 2799 1757 2836 saecula
1770 2798 1988 2835 saeculorum.
2016 2803 2148 2835 Amen.
2179 2829 2181 2831 ,

1542 2970 1911 3011 EIUSDEM
1965 2964 2332 3012 HOM1L1³A

1727 3069 1905 3114 'Adversus
1930 3071 2128 3107 Avaritiam
2138 3094 2146 3102 .

1578 3155 1623 3190 Iri
1636 3152 1848 3197 Christiani,
1867 3151 2077 3199 coelestisque
2098 3155 2278 3201 participes
2297 3164 2396 3189 voca-

1602 3206 1706 3239 tionis
1719 3229 1731 3245 ,
1758 3214 1931 3252 quotquot
1942 3207 1976 3238 &
1989 3216 2030 3238 ex
2051 3205 2137 3249 agris
2148 3207 2181 3238 &
2191 3216 2234 3238 ex
2256 3202 2395 3249 oppidis

1467 3252 1670 3298 (universim
1692 3257 1782 3300 enim
1805 3265 1922 3290 omnes
1932 3252 2070 3300 appello
2086 3253 2101 3292 )
2121 3251 2190 3288 hoc
2211 3253 2258 3288 ad·
2270 3251 2392 3288 festum

1468 3302 1705 3340 concurristis!
1717 3301 1935 3350 unusquisque
1949 3302 2097 3338 vestrum
2108 3307 2226 3350 utique
2237 3300 2395 3351 perspicit

1468 3359 1504 3391 &
1519 3353 1680 3400 intelligit
1696 3379 1708 3396 ,
1719 3367 1783 3401 qua
1794 3353 1835 3388 de
1846 3352 1935 3388 causa
1952 3356 2212 3388 convenerimus
2223 3378 2235 3394 ,
2244 3357 2276 3388 δι
2290 3366 2394 3400 quare

1467 3406 1647 3449 Martyres
1658 3404 1778 3439 aedium
1791 3414 1912 3439 ornat-u
1923 3404 2086 3450 cultuque
2098 3403 2279 3449 magnifico
2289 3428 2300 3444 ‚
2318 3409 2393 3439 tum

1466 3456 1585 3490 annuis
1596 3452 1790 3497 hujusmodi
1805 3452 1949 3502 coetibus
1961 3451 2196 3495 honestentur‚
2207 3457 2239 3489 δε
2249 3466 2320 3500 quo
2333 3465 2396 3500 po·-

1467 3504 1628 3540 tiffimnm
1649 3503 1827 3551 proposito
1845 3502 1903 3539 fibi
1925 3502 2029 3551 scopo
2048 3505 2191 3548 majores
2209 3503 2314 3538 nostri
2331 3502 2392 3539 ista

1471 3567 1544 3602 quae
1555 3554 1709 3590 videmus
1721 3552 1925 3588 instituerint
1938 3578 1949 3594 ‚
1958 3566 2104 3600 euinque
2116 3556 2218 3589 ritum
2229 3553 2270 3588 ad
2283 3551 2392 3600 poste-

1468 3616 1526 3641 ros
1547 3602 1786 3639 transmiserint
1796 3631 1804 3638 .
1827 3603 1969 3640 Planum
1979 3614 2069 3638 certe
2081 3629 2092 3644 ,
2112 3602 2392 3651 perspicuumque

1467 3657 1499 3689 ei
1511 3657 1569 3701 qui
1582 3653 1637 3689 vel
1650 3666 1768 3701 parum
1778 3656 2020 3700 cogitationem
2033 3653 2176 3688 intendit
2186 3679 2198 3696 ‚
2207 3651 2301 3701 quod
2312 3651 2391 3688 zelo

1467 3707 1603 3751 pietatis
1621 3702 1694 3740 haec
1705 3703 1783 3739 talia
1795 3702 1976 3739 constituta
1988 3728 1999 3744 ,
2025 3702 2184 3750 quodque
2196 3702 2322 3751 publici
2334 3701 2390 3739 isti

1468 3753 1696 3800 solemnesque
1707 3764 1895 3789 conventus
1916 3764 2089 3800 tamquam
2102 3753 2171 3789 ludi
2180 3751 2322 3801 ‘quidam
2344 3762 2389 3788 at-

1467 3816 1534 3851 que
1553 3803 1746 3852 paedagogia
1766 3802 1838 3840 sunt
1860 3807 2050 3839 animarum
2070 3817 2080 3838 ε
2106 3814 2143 3839 ut
2163 3807 2196 3839 ἀ
2216 3803 2388 3847 Martyres

2283 3864 2337 3886 CO<

2446 2587 2545 2628 Genos.
2559 2596 2592 2628 4.

2416 2639 2446 2659 v.
2457 2636 2505 2659 10.
