2652 4126
552 198 639 241 IN
697 185 1155 245 DANOE‘L‘EM
1191 184 1696 248 snTss-S—USA‘NN
1723 180 1850 247 kM.

272 276 382 322 bium,
392 278 539 317 aliorum
552 280 675 317 medici
688 281 827 319 infinitis
837 280 1005 319 ulceribus
1016 281 1150 318 scatent:
1160 285 1206 320 Et

272 328 297 365 fi
321 332 395 377 quis
415 343 471 366 eos
481 329 607 367 horum
627 330 837 378 flagitiorum
857 336 966 380 arguit
977 358 988 375 ‚
1014 333 1157 381 lepidam
1171 336 1205 370 &

272 379 456 426 jocularem
469 380 696 417 defensionem
709 381 872 418 adhibent
882 410 890 418 .
911 386 990 419 Viri
1004 408 1015 424 ,
1027 385 1185 431 inquiunt
1194 410 1203 424 ,

272 429 399 466 etiamsi
420 429 532 477 plures
544 430 584 465 ad
598 430 751 468 foeminas
763 431 949 468 accesserint
962 458 971 474 ‚
999 433 1129 468 nullum
1144 432 1204 469 do-'

272 483 345 516 mui
359 479 560 534 familiaeque
571 480 732 517 damnum
743 482 890 519 inferunt
900 495 914 521 ‚·
935 493 967 518 at
979 483 1136 518 mulieres
1145 482 1203 520 ubi

274 531 415 578 pec'cant
423 554 435 572 ,
443 531 604 566 externos
620 529 811 570 haeredesin
824 531 948 568 domos
959 546 995 568 ac
1005 533 1145 569 familias
1157 537 1206 575 in-

273 578 419 616 ducunt.
446 583 578 616 Verum
588 580 725 617 audiant
745 593 815 618 tam
827 581 957 618 stolidae
966 581 1138 627 sententiae
1151 596 1206 619 au*

274 631 384 666 &ores
394 655 406 672 ,
415 643 453 665 ac
465 629 595 666 discant
606 656 617 672 ‚
639 643 698 678 per
713 631 799 678 ipsos
809 644 945 680 quoque
956 632 1077 669 domos
1087 633 1206 670 alienas

273 682 399 716 everti.
428 682 590 716 Foeminae
601 685 690 715 enim
708 694 753 716 εκ
764 681 986 728 ,quibuscum
999 682 1208 719 consuetudi-

273 743 350 765 nem
363 728 696 777 habenr‚aliquorum
711 732 764 766 vel
775 731 853 767 filiae
866 732 919 767 vel
930 742 1054 769 uxores
1064 736 1208 768 omnino

273 779 371 822 finit,
385 784 422 815 A&
433 783 624 815 invenietur
634 791 689 815 aut
711 784 968 817 matrimonium
984 782 1108 818 insidiis
1128 787 1209 830 peti-

273 840 347 866 tum
363 854 375 872 ,
392 839 450 865 aut
463 840 558 878 pater
569 831 688 873 injuria
708 828 844 867 affectus
855 838 876 874 ,‘
893 834 951 880 qui
970 832 1147 880 postquam
1160 832 1208 868 su—

273 878 422 927 sceperat
432 904 444 921 ‚
455 879 616 916 eduxerat
627 905 638 922 ‚
664 884 901 928 virginemque
911 882 1152 929 perducturum
1165 883 1206 917 ad

272 927 465 966 thalamum
476 928 776 978 speraverat‚omni
787 930 842 979 spe
854 936 888 968 εἰ(
901 934 1134 979 expectatione
1148 945 1206 980 per

273 978 357 1016 istos
370 979 539 1028 pudicitiae
559 980 733 1028 praedones
744 979 944 1017 deturbatur
955 1008 962 1016 .
990 982 1097 1027 Quod
1108 982 1130 1017 si
1142 983 1206 1022 iam

275 1041 371 1078 pater
382 1028 431 1066 est
440 1033 498 1077 qui
509 1029 634 1077 flagitia
646 1029 719 1065 haec
731 1041 840 1078 patrat
851 1055 862 1072 ,
882 1035 1007 1077 cogitet
1018 1043 1116 1079 atque
1128 1045 1206 1067 con-

271 1079 418 1121 -fideret',
436 1079 519 1127 quid
529 1083 633 1116 animi
644 1079 682 1116 sit
701 1084 787 1128 patri
797 1079 839 1116 sic
849 1079 964 1116 deluso
986 1094 994 1115 τ
1013 1081 1035 1116 fi
1046 1085 1183 1117 maritus
1196 1107 1207 1123 ‚

273 1128 334 1166 fibi
348 1128 476 1166 illatam
486 1142 560 1166 eam
573 1131 727 1177 injuriam
740 1143 773 1166 re
800 1140 872 1167 utet
887 1158 894 1166 .
906 1134 996 1167 Nam
1013 1134 1056 1166 ita
1069 1131 1206 1166 demum

274 1178 360 1217 bene
371 1179 596 1228 praeclareque
616 1179 708 1216 seres
729 1179 772 1217 ha
799 1190 877 1223 ent,
897 1180 971 1216 side
981 1181 1051 1216 aliis
1070 1180 1207 1228 quisque

271 1228 391 1266 statuit
402 1255 414 1272 ‚
439 1229 534 1278 quod
546 1234 679 1266 evenire
691 1229 747 1265 sibi
760 1230 844 1266 velit
856 1257 863 1264 .
892 1234 921 1266 Si
934 1233 990 1278 qui
1003 1241 1115 1266 autem
1135 1233 1208 1268 Ro-

273 1283 382 1316 manis
393 1280 613 1317 auscultantes
627 1280 754 1327 legibus
765 1305 777 1323 ‚
803 1278 993 1327 permissam
1005 1279 1065 1316 esse
1087 1279 1207 1316 scorta-

273 1332 406 1367 tionem
417 1334 606 1378 &crimine
618 1343 734 1366 vacare
744 1329 937 1366 existimant
948 1356 958 1371 ‚
978 1342 1113 1372 gravem
1135 1330 1207 1366 sane

236 1380 250 1394 ”
274 1393 429 1417 errorem
440 1380 552 1417 errant
564 1406 575 1423 ,
604 1384 826 1428 ignorantque
847 1379 935 1427 leges
949 1380 1076 1416 divinas
1094 1380 1135 1416 ab
1146 1379 1208 1416 hu-

79 1616 171 1653 Hehr.
179 1626 190 1651 1
197 1629 256 1663 gai·

85 2787 255 2823 ‚lun-4021.

75 2834 127 2864 ¹4·

73 2980 186 3011 Gratia
193 2991 255 3013 am-

75 3020 194 3059 plitudo.

72 3068 187 3100 quanta
194 3085 206 3098 .

84 3533 112 3553 2.
125 3525 194 3564 Reg.
210 3533 242 3563 3.

44 3625 46 3628 v
85 3612 114 3634 Ι.
127 3604 196 3644 Reg.
212 3606 262 3640 16.

84 3653 178 3674 v-n.

84 3691 113 3716 Ι,
137 3684 201 3724 RQ,
218 3693 264 3725 17.

36 3722 43 3763 s
83 3737 116 3760 v·
130 3733 175 3762 ¹9·

273 1434 384 1467 manis
394 1430 612 1478 dogmatibus
626 1433 768 1466 nimium
781 1440 942 1476 quantum
956 1429 1107 1465 diffidere
1120 1455 1127 1462 .
1140 1433 1208 1465 Au-

273 1481 310 1517 di
324 1481 492 1528 Moysem·
509 1483 574 1517 Dei
588 1479 798 1516 voluntatem
813 1483 1070 1517 annunciantem
1081 1478 1210 1527 graves-

274 1544 340 1580 que
360 1534 394 1568 &
412 1544 538 1568 amaras
548 1530 705 1566 adversus
726 1528 926 1565 scortatores
937 1529 1111 1566 sententias
1133 1543 1209 1577 pro-

274 1585 493 1618 nunciantem
505 1608 512 1616 .
526 1580 616 1617 Audi
629 1580 768 1617 Paulum
781 1580 949 1615 dicentem
964 1595 971 1614 :
990 1587 1180 1617 scortatores
1193 1605 1205 1621 ,

274 1631 486 1669 &adulteros-
490 1630 649 1679 judicabit
659 1638 751 1667 Deus.
764 1630 832 1665 Alii
846 1629 898 1666 isti
912 1631 958 1666 nil
970 1630 1152 1678 quidquam
1165 1629 1206 1665 ad

273 1681 413 1718 salutem
424 1681 485 1718 tibi
505 1680 694 1729 proderunt
709 1692 865 1728 tempore
877 1679 1110 1716 retributionis
1122 1706 1132 1721 ,
1153 1678 1206 1715 scd

271 1731 333 1780 ipsi
343 1731 548 1779 trepidantes
559 1729 794 1777 aestuantesque
805 1740 913 1766 mente
924 1734 981 1765 vix
995 1729 1208 1776 constabunt:

265 1780 649 1830 Tinfipiens&,indo6tus
662 1778 934 1828 deprehendetur
955 1781 1064 1826 legum
1082 1780 1137 1815 ille
1159 1793 1208 1815 ar-

265 1830 440 1868 chimeras
450 1830 549 1868 Plato
562 1857 573 1873 ,
595 1843 674 1866 cum
683 1834 776 1877 gravi
789 1830 846 1866 illa
861 1834 1023 1866 orationis
1034 1829 1095 1866 shae
1107 1829 1209 1865 facul-

270 1893 340 1918 tate
361 1895 398 1918 ae
420 1879 546 1917 robore
570 1891 690 1917 contra
712 1892 830 1916 omnes
851 1881 962 1927 legum
995 1880 1118 1916 latores
1138 1882 1208 1914 vim

271 1931 365 1970 suam
375 1930 534 1968 efferente
557 1945 566 1966 ε
592 1943 670 1969 cum
682 1930 724 1966 ad
734 1943 868 1977 poenam
890 1929 1030 1966 distrahi
1045 1929 1208 1966 videbunt

270 1989 330 2018 eos
341 1981 497 2030 ,quibus
519 1980 578 2029 ipsi
597 1980 762 2017 scortandi
786 1980 956 2016 licentiam
979 1979 1206 2017 indulserunt.

263 2035 364 2069 «Nam
377 2035 520 2068 omnino
532 2034 590 2079 qui
605 2043 672 2066 non
685 2041 863 2068 vetuerunt
875 2056 886 2072 ‚
907 2030 1012 2066 aliena
1023 2029 1080 2065 sibi
1095 2044 1207 2077 pecca-

266 2091 305 2118 ta
316 2080 503 2117 asciverunt
513 2107 524 2123 ‚
535 2081 718 2126 &gemino
730 2079 874 2116 obnoxii
889 2082 1023 2116 crimini
1038 2083 1208 2118 invenien-

269 2130 437 2177 tur‚quod
447 2130 552 2175 &ipsi
563 2130 622 2164 fibi
634 2143 702 2163 non
715 2134 951 2176 temperarint,
961 2135 994 2166 ἃ
1006 2131 1079 2167 aliis
1115 2130 1208 2166 affim

262 2191 409 2228 -peccare
431 2175 662 2226 permiserint.
690 2179 876 2220 Quiigitur
890 2190 966 2211 cum
984 2143 1151 2222 uxoribus
1163 2182 1213 2215 vi-

269 2241 351 2265 vere
362 2228 484 2263 volunt
496 2224 658 2262 modestis
667 2226 700 2259 δι
711 2221 947 2259 benemoratis
963 2247 974 2263 ‚
986 2221 1048 2270 ipsi
1055 2225 1129 2257 suos
1140 2238 1213 2258 mo-

269 2289 324 2312 res
335 2280 380 2311 ita
394 2283 605 2321 componant
615 2283 673 2316 ,ut
680 2271 882 2316 coniugibus
894 2270 1099 2308 institutioni
1111 2271 1208 2308 disti·

271 2325 439 2374 plinaeque
449 2320 646 2370 fint,haeque
656 2318 853 2361 domesticis
867 2319 908 2359 ad
920 2322 1082 2359 virtutem
1093 2334 1208 2358 exem-

271 2375 339 2427 plis
359 2377 550 2412 excitentur
565 2399 573 2412 .
1019 2390 1025 2396 ’
1097 2375 1112 2387 “’
1148 2373 1176 2389 “⁴

322 2506 554 2543 ASTERH
587 2502 846 2537 AMASEAE
879 2478 1067 2534 avisco
1081 2486 1160 2540 τι,
1200 2487 1202 2489 ’

420 2558 525 2591 Sermo
550 2552 582 2586 in
608 2550 770 2586 Danielem
790 2549 984 2594 ‘Prophetam
1013 2550 1056 2586 (5.-

641 2598 813 2643 Susannam
821 2625 832 2634 .

378 2680 539 2725 Unquam
551 2675 632 2712 doni
644 2673 911 2722 supereffluentia
921 2672 1013 2709 dives
1025 2699 1036 2715 ,
1059 2677 1203 2721 Spiritus

298 2735 307 2739 ”
380 2730 386 2736 ’
405 2730 526 2776 gratia,
538 2725 591 2762 fila
601 2724 790 2772 quando,ac
801 2722 921 2770 quibus
934 2723 1030 2766 velit,
1039 2722 1201 2759 exhibere

270 2776 386 2815 cessat.
406 2779 587 2824 Tanquam
598 2778 688 2811 enim
702 2774 824 2810 fluvius
835 2776 926 2818 aquis
941 2773 1059 2821 plenus
1063 2773 1206 2817 salienti-

270 2829 327 2866 bus
336 2832 368 2865 in
379 2831 491 2864 vitam
501 2851 513 2869 ,
531 2825 620 2862 secus
631 2828 824 2860 omninoac
833 2822 974 2858 visibilia
996 2823 1065 2859 haec
1078 2834 1204 2859 terram

272 2882 446 2926 irrigantia
456 2876 597 2913 flumina
607 2900 622 2918 ‚
631 2874 821 2911 emissiones
832 2876 967 2909 virtutis
980 2872 1206 2909 subministra-

271 2941 320 2966 tas
331 2927 458 2964 habent
469 2954 478 2963 .
498 2930 624 2974 Neque
631 2927 722 2960 enim
734 2949 746 2967 ,
754 2926 804 2959 uti
815 2923 1016 2971 quandoque
1028 2922 1083 2958 illa
1094 2948 1106 2964 ‚
1132 2935 1205 2958 eam

272 2978 449 3029 profluens
468 2989 553 3024 aqua
562 2975 677 3012 deficit
691 2988 701 3011 ς
719 2986 826 3021 neque
835 2973 976 3009 illorum
997 2985 1092 3008 more
1104 2976 1206 3008 incre-

271 3040 386 3067 menta
397 3028 453 3064 vel
473 3026 686 3062 decrementa
697 3023 845 3061 admittit
856 3036 866 3060 ς
888 3036 996 3070 neque
1008 3035 1074 3070 pro
1084 3034 1206 3058 eorum

273 3082 405 3116 ratione
415 3076 503 3115 hanc
514 3090 552 3112 ac
566 3076 659 3112 illam
671 3085 800 3123 partem
811 3072 964 3109 allambit
978 3086 987 3110 3
1007 3076 1089 3120 quin
1102 3076 1204 3108 etiam
1224 3110 1226 3112 ,

273 3127 422 3166 abundat
431 3126 562 3174 semper
571 3151 583 3168 ‚
601 3139 638 3162 ac
651 3123 808 3160 omnibus
820 3121 940 3158 sufficit
949 3148 960 3165 ,
971 3126 1072 3169 inque
1084 3135 1139 3158 eos
1161 3121 1205 3157 afss

274 3179 383 3215 fluens
393 3180 454 3224 qui
462 3175 676 3224 plenitudinis
696 3173 767 3210 fimt
779 3175 956 3221 participes
967 3198 978 3214 ,
998 3171 1085 3208 nihil
1098 3175 1205 3208 minus

274 3229 374 3278 plena
384 3224 635 3264 confistitaesed&
645 3229 688 3261 ita
699 3223 836 3260 uberem
849 3221 974 3259 habens
984 3226 1206 3270 gmtiam,pro

274 3282 379 3315 etiam
390 3288 524 3313 aetatum
537 3273 644 3311 modo
663 3273 818 3310 distribui
828 3286 864 3309 ac
874 3271 1096 3317 dividibnescit
1109 3299 1115 3306 .
1141 3276 1173 3307 N
1176 3286 1206 3306 c-

275 3342 341 3377 que
350 3331 442 3364 enim
453 3340 527 3374 qua:
537 3325 610 3361 sunt
621 3323 780 3360 immensa
791 3349 802 3366 ‚
824 3336 887 3371 pro
898 3335 1084 3369 corporum
1106 3321 1206 3356 molis

275 3383 410 3416 ratione
420 3375 602 3414 mensurari
612 3371 758 3423 possunt,
769 3373 934 3409 fed-animi
949 3374 1157 3420 ingenuitatis
1169 3384 1211 3406 ac

277 3431 435 3479 puritatis
443 3426 547 3469 socia,
560 3428 685 3473 pariter
696 3423 828 3460 elucent
837 3436 874 3459 ac
887 3422 1076 3471 produntur
1088 3449 1095 3456 .
1108 3424 1203 3466 Quo-

276 3483 368 3516 circa
382 3490 473 3515 nunc
481 3475 620 3524 quidem
630 3487 709 3511 cum
719 3473 869 3509 Samuele
879 3486 985 3520 nuper
997 3471 1119 3507 latente
1131 3484 1203 3506 ver-

277 3529 366 3566 satur
376 3554 388 3572 ,
398 3540 488 3565 nunc
499 3538 583 3563 vero
593 3523 764 3560 Davidem
773 3521 815 3558 ab
826 3522 900 3571 ipsis
910 3520 1040 3558 assumit
1051 3519 1204 3568 gregibus

277 3583 421 3621 ovium,
437 3590 475 3615 ac
484 3573 641 3613 fratribus
653 3573 787 3622 praefert
798 3598 810 3615 ,
822 3571 943 3620 quibus
953 3571 1009 3607 ille
1021 3584 1080 3607 ceu
1091 3574 1204 3606 imma-

278 3632 400 3667 turiori
412 3637 506 3663 aetate
519 3651 530 3669 ‚
550 3634 767 3672 contemptus
777 3621 954 3658 videbatur
963 3621 1068 3657 alium
1084 3619 1125 3656 ab
1136 3633 1205 3654 ara-

278 3691 337 3717 tro
346 3676 508 3716 assumens
519 3701 532 3718 ‚
539 3676 700 3712 unffi'one
710 3675 819 3708 initiat
830 3687 838 3706 :
849 3670 992 3719 postque
1004 3671 1094 3712 illos,
1106 3668 1204 3704 nobis

282 3742 372 3767 nunc
382 3732 417 3764 in
425 3727 613 3773 argumenti
625 3733 755 3771 partem
766 3719 980 3770 propositum
993 3745 1004 3762 ,
1023 3718 1156 3755 beatum
1168 3731 1205 3754 ac

284 3779 382 3829 plane
393 3777 574 3825 sapientem
583 3772 777 3815 Danielem,
784 3781 938 3809 tenerum
947 3768 1058 3808 adhuc
1068 3794 1081 3813 ‚
1091 3781 1127 3806 ac
1138 3767 1206 3816 vals

380 3834 412 3866 S.
437 3824 559 3870 asterii
567 3852 577 3860 .

2078 192 2189 266 283?

1264 283 1305 319 cte
1325 274 1703 329 idveff'em‘sseffiurum
1722 283 1897 329 itidieem
1922 284 2194 335 aeprophetam.
2241 305 2343 341 Quam

1264 339 1371 370 c‘reat.
1401 338 1604 382 Quanquam
1615 338 1706 370 enim
1728 333 1777 383 illi
1793 346 1842 368 res
1861 344 1930 368 erat
1940 338 2070 379 gravis,
2096 337 2193 373 illiue
2207 345 2281 376 Dan.
2305 355 2381 375 mie:

1264 387 1467 432 captivitatis
1479 409 1491 426 ,
1516 398 1554 420 ac
1564 383 1770 432 patriaeloco
1780 382 1995 430 Babylonem
2016 382 2158 423 habebat
2168 397 2196 432 ’,-
2206 385 2355 426 c²ptiv0⁵-

1264 433 1507 482 videbaturque
1518 433 1559 470 ab
1570 438 1748 470 immatura
1759 444 1852 480 aetate
1862 431 2051 480 despefflor
2061 459 2072 475 ,
2090 445 2191 483 atque

1263 497 1282 520 a
1290 494 1344 520 tot
1355 484 1449 520 malis
1459 483 1579 520 fiducia
1591 497 1703 520 carens
1715 498 1723 518 :
1745 482 1838 530 quod
1848 493 1958 518 tamen
1970 485 2096 519 virtute
2107 488 2194 533 prae-1

1264 533 1351 570 ditu's
1359 533 1436 570 ess'et
1449 559 1461 576 ,
1472 532 1645 582 fuissetque
1657 537 1766 581 prima
1778 532 1890 568 statim
1900 529 2107 570 adolescente
2117 535 2195 572 aetass'

1264 595 1297 620 te
1318 582 1539 632 Philosophia
1561 583 1731 626 eruditus,
1749 597 1786 619 ac
1796 586 1940 618 omnino
1951 582 2032 618 forti
2052 597 2090 620 ac
2109 597 2189 620 con-

1266 633 1366 670 stanti
1377 634 1522 681 polleret
1532 658 1544 676 ,
1563 637 1597 669 in
1611 633 1682 680 ipso
1691 632 1888 668 aetatis-flore
1898 658 1910 675 ,
1927 633 2039 668 senum
2052 633 2192 670 illorum

1267 697 1306 719 ac
1330 683 1559 732 perfeetorum
1579 683 1777 730 redargutor
1795 696 1832 718 ac
1845 683 1951 726 <judex
1971 681 2105 719 effeetus
2124 683 2192 720 est.'

1269 738 1439 769 Creterum
1463 733 1635 769 modicum
1663 732 1744 781 quid
1763 731 1784 767 si
1804 731 1918 774 lubet,
1945 731 2132 769 sermonem
2150 731 2194 769 ad.

1269 786 1475 831 principium
1489 783 1680 819 reducentes
1691 807 1702 825 ,
1730 782 1898 819 videamus
1909 793 1944 818 ut
1958 785 2035 818 Deo
2045 780 2193 826 amicum

1268 831 1536 874 esse,sublimem
1554 847 1590 868 ac
1604 832 1737 868 beatum
1762 831 1911 880 praestet.
2171 843 2192 846 ·’

1318 887 1426 930 Capta
1438 885 1568 930 penitus
1579 897 1615 918 ac
1628 882 1719 918 bello
1727 904 1730 906 >
1738 891 1924 930 expugnata
1935 881 1978 919 ab
1988 880 2134 928 Assyriis
2144 885 2190 919 ci»-

1267 935 1370 981 vitate
1386 933 1577 974 Jerusalem,
1590 931 1813 968 Hebraeorum
1827 944 1886 978 per
1898 932 1932 967 id
1942 943 2074 980 tempus
2083 945 2192 981 popu-

1267 982 1288 1017 li
1301 981 1513 1028 Babylonem
1525 982 1672 1017 translati
1693 981 1766 1016 sii‘nt
1776 1009 1783 1016 .
1805 986 2013 1018 Porrointer
2033 984 2192 1026 iuvenum

1265 1036 1479 1079 captivorum
1492 1041 1617 1067 turmas
1629 1031 1740 1066 beatus
1752 1032 2012 1078 quoqueDaniel
2023 1032 2106 1067 unus
2115 1032 2194 1075 filiu

1266 1081 1448 1130 agebatque
1460 1085 1491 1116 in
1503 1092 1588 1116 terra
1602 1080 1751 1116 hostium
1762 1080 2030 1128 contemptibilis
2043 1094 2136 1128 puer:
2149 1082 2194 1117 af-

1267 1132 1350 1167 fist-ti
1364 1131 1481 1180 populi
1503 1134 1619 1175 exigua
1641 1130 1791 1178 quaedam
1812 1143 1849 1166 ac
1867 1130 2053 1166 multesima
2072 1144 2193 1178 appen-

1268 1181 1326 1217 dix
1340 1207 1350 1223 ,
1369 1185 1426 1229 qui
1442 1193 1547 1227 neque
1562 1179 1779 1228 haberet'quo
1789 1180 1877 1228 apud
1888 1180 1932 1215 sui
1944 1183 2072 1226 generis
2083 1180 2195 1216 homi·-

1269 1244 1323 1266 nes
1334 1231 1441 1267 clarus
1462 1228 1613 1273 esset‚nec
1632 1230 1721 1278 apud
1741 1229 1856 1266 hostes
1877 1229 1998 1275 justum
2021 1229 2099 1266 belli
2122 1229 2195 1277 spo‘·

1270 1282 1352 1316 lium
1366 1281 1537 1316 videretur
1548 1306 1558 1323 ,
1569 1280 1742 1321 obscurus,
1753 1280 1915 1327 inglorius
1925 1305 1936 1322 ‚
1949 1283 2052 1315 aetatis
2063 1293 2100 1315 ac
2111 1280 2194 1316 cala—

1268 1334 1394 1366 mitatis
1407 1331 1720 1377 praejudicio,quem
1733 1329 1820 1366 solus
1831 1328 1941 1377 probe
1950 1330 2065 1365 videns
2075 1330 2194 1366 oculus

1267 1381 1324 1416 ille
1335 1380 1536 1428 perspiceret
1549 1408 1556 1415 .
1578 1381 1674 1416 Solus
1694 1384 1819 1427 quippe
1829 1377 1922 1415 Deus
1941 1390 2064 1426 purum
2084 1379 2196 1415 adole-

1267 1430 1384 1467 scentis
1396 1429 1552 1466 cernebat
1562 1433 1711 1466 animum
1723 1455 1734 1472 ‚
1754 1432 1926 1476 margariti
1939 1428 2041 1465 instar
2057 1431 2195 1465 marinis

1267 1480 1385 1516 ostreis
1399 1480 1604 1528 implexum,
1614 1491 1668 1516 aut
1678 1479 1759 1515 sicut
1767 1490 1905 1516 avarum
1918 1482 1951 1514 in
1963 1489 2058 1514 terrae
2067 1478 2136 1514 finu
2147 1491 2196 1514 re-

1266 1530 1412 1579 positum
1424 1544 1433 1565 ε
1445 1540 1482 1566 ut
1495 1542 1567 1578 quae
1577 1540 1729 1567 ornatam
1742 1527 1890 1577 sponsam
1902 1532 2083 1564 arcanioris
2091 1527 2197 1564 thala-

1265 1578 1471 1616 miabditam
1483 1580 1580 1615 velo.
1601 1579 1792 1616 Ubiautem
1813 1589 2047 1626 opportunum
2067 1581 2197 1626 appetit

1266 1641 1399 1678 tempus
1410 1655 1422 1672 ,
1439 1633 1662 1677 oportuitque
1673 1639 1708 1664 ut
1720 1633 1776 1676 qui
1788 1627 1999 1674 delitescebat
2010 1654 2022 1670 ,
2041 1632 2078 1664 in
2086 1627 2198 1676 palam

1268 1680 1479 1729 proferretur
1494 1695 1501 1714 :
1522 1690 1558 1715 ut
1577 1678 1734 1715 obscurus
1749 1679 1804 1714 ille
1816 1704 1828 1721 ‚
1847 1690 1947 1715 notus
1965 1678 2142 1714 evaderet:
2160 1687 2200 1712 ut

1273 1740 1490 1776 contemptus
1500 1755 1511 1771 ,
1521 1729 1719 1776 conspicuus
1732 1729 1845 1763 fieret:
1864 1739 1900 1763 ut
1911 1729 2055 1775 denique
2065 1754 2077 1771 ,
2095 1729 2200 1774 quiin

1270 1780 1469 1815 calamitatis
1480 1778 1626 1813 tenebris
1645 1778 1855 1813 absconditus
1865 1777 1972 1813 fuerat
1983 1802 1994 1819 ‚
2007 1777 2202 1825 ‚claritatem

1268 1832 1454 1876 acciperet:
1478 1828 1619 1863 modico
1638 1827 1900 1874 diviniSpiritus
1923 1826 2036 1862 afflatu
2047 1836 2144 1874 atque
2162 1824 2202 1860 il*

1270 1878 1360 1928 lapsu
1377 1877 1632 1920 ,humilisille,'
1651 1876 1810 1915 universis
1821 1876 1998 1913 sublimior
2007 1875 2139 1912 evadit:
2159 1874 2203 1912 sa·
2248 1897 2269 1913 s

1268 1934 1362 1978 piens
1373 1954 1384 1971 ‚
1402 1931 1458 1975 qni
1473 1941 1531 1963 nec
1540 1941 1579 1964 os
1589 1930 1720 1974 aperire
1732 1925 1820 1974 posse
1840 1941 1848 1961 ε
1866 1926 2081 1978 oculatorum
2093 1926 2201 1962 redar—

1267 1983 1386 2028 gutio,
1406 1978 1554 2025 judicum
1567 1976 1690 2024 judex,
1710 1975 1820 2012 horno
1832 1976 1921 2013 rudis
1940 1991 1949 2011 ε
1969 1975 2102 2013 sublimi
2113 1975 2200 2012 solio

1268 2029 1403 2071 sedens,
1432 2032 1490 2077 qui
1515 2042 1624 2077 neque
1643 2025 1861 2063 tribunalium
1881 2039 2026 2076 unquam
2046 2026 2199 2063 minister
2240 2030 2243 2033 ’
2268 2040 2271 2042 “

1269 2079 1396 2117 fuisset:
1411 2081 1540 2126 juvenis
1551 2078 1736 2115 castitatem
1749 2076 1915 2115 calumnia
1925 2082 2109 2126 appetitam
2119 2078 2200 2113 ulei·

1271 2132 1381 2167 scens:
1393 2137 1596 2167 convertens
1606 2129 1954 2178 errantem'populum
1969 2143 1977 2164 :
1998 2128 2085 2164 male
2097 2127 2200 2164 latam

1272 2177 1592 2217 civitatis'universae
1602 2181 1736 2216 calcolo
1746 2180 1937 2215 sententiam
1949 2191 2118 2215 revocans.
2130 2182 2200 2214 Au*

1271 2229 1467 2261 distisenim
1479 2231 1651 2262 recitatam
1665 2230 1773 2262 modo
1783 2230 1977 2269 leffionem,
1987 2232 2200 2274 omninoque

1274 2278 1322 2310 rei
1335 2274 1537 2310 miraculum
1551 2274 1717 2322 suspensos
1727 2278 1844 2310 animo
1853 2286 1944 2311 tenet
1955 2302 1963 2310 .
1974 2279 2051 2322 Ego
2062 2289 2200 2323 quoque

1270 2328 1311 2360 iis
1322 2324 1530 2371 omiffi52quoe
1541 2324 1619 2358 libri
1630 2324 1687 2358 alii
1698 2324 1823 2359 habent
1833 2350 1845 2365 ,
1865 2325 1887 2360 si
1898 2338 1962 2371 qua
1972 2320 2070 2359 nobis
2078 2324 2198 2371 psalmi

1267 2374 1447 2416 conjuncta
1469 2373 1644 2418 voluptate
1655 2372 1785 2406 utiliter
1805 2373 1970 2407 modulati
1983 2372 2054 2407 sunt
2073 2386 2083 2410 ς
2099 2373 2197 2420 siqua

1266 2420 1458 2468 Apostolus
1476 2419 1618 2456 consilio
1627 2419 1778 2467 suggessit
1803 2433 1813 2456 3
1832 2420 1854 2456 fi
1864 2433 1926 2467 qua
1940 2424 2110 2457 Dominus
2130 2435 2197 2469 pro

1264 2469 1430 2519 potestate
1443 2472 1475 2504 in
1488 2469 1678 2516 Evangeliis
1690 2468 1893 2512 sanxit,huic
1904 2471 2110 2518 potissimum
2123 2484 2195 2507 nar-

1266 2523 1389 2555 rationi
1413 2522 1561 2555 animum
1582 2518 1707 2563 adjeci.
1727 2519 1841 2556 Video
1861 2533 2003 2568 namque
2023 2520 2195 2568 duplicem

1264 2569 1496 2606 commendari
1511 2570 1730 2612 juventutem,
1741 2569 1878 2605 alteram
1890 2569 2026 2616 quidem
2039 2570 2194 2613 ferendo,

1263 2621 1401 2657 alteram
1421 2618 1612 2655 sustinendo
1623 2617 1818 2655 sententiam
1839 2634 1847 2653 :
1873 2633 1910 2655 ac
1921 2619 2100 2656 Danielem
2122 2623 2194 2668 qui-

1263 2671 1340 2707 dem
1353 2696 1363 2711 ,
1378 2669 1518 2717 prolata
1531 2672 1591 2703 rite
1603 2666 1759 2704 sententia
1776 2668 1928 2717 plausum
1940 2668 2063 2705 habere
2074 2683 2112 2705 ac
2121 2682 2198 2716 gra-⁴

1265 2721 1467 2757 tulationem
1489 2733 1497 2753 ε
1518 2717 1692 2754 Susannam
1709 2728 1792 2754 vero
1803 2731 1867 2766 pro
1879 2721 2024 2755 vistoria
2035 2718 2195 2756 castitatis

1265 2771 1419 2807 obtinere
1433 2780 1615 2805 coronam.
1637 2771 1762 2805 Venite
1773 2772 1885 2816 itaque
1895 2773 1952 2817 ‘qui
1966 2768 2193 2817 pulchrorum

1265 2834 1301 2856 ac
1316 2822 1449 2856 virtutis
1459 2829 1604 2855 amantes
1615 2817 1711 2860 estis,
1732 2822 1907 2866 antiquum
1922 2819 2007 2854 illud
2027 2822 2193 2855 memoria

1266 2866 1371 2906 in'stau
1378 2882 1486 2904 remus
1499 2868 1668 2912 iudicium.
1679 2871 1797 2904 Veteri
1808 2868 1922 2903 castite
1933 2881 2059 2903 novam
2069 2872 2100 2903 in
2113 2881 2193 2915 prae·

1263 2920 1344 2957 se'nti
1359 2918 1589 2955 exscindamus
1600 2921 1878 2953 incontinentiam
1891 2943 1902 2959 ,
1923 2918 2133 2954 traducentes
2146 2919 2195 2960 521⁴

1265 2969 1411 3006 venilem
1423 2968 1624 3004 ἷεῃεᾶιιῑειτι
1636 2993 1647 3009 ,
1658 2980 1696 3003 ac
1705 2979 1819 3003 canam
1829 2967 2029 3004 admirantes
2040 2968 2190 3013 juventu·-

1263 3032 1351 3057 tem.
1372 3022 1408 3055 0
1419 3017 1542 3054 scelesti
1557 3017 1643 3054 senes
1652 3030 1690 3053 ac
1700 3017 1820 3065 populi
1833 3021 2019 3065 principes,
2039 3020 2190 3053 innume-

1266 3083 1322 3107 ros
1330 3068 1371 3105 ad
1382 3067 1653 3104 emendationem
1665 3065 1856 3103 necessarios
1867 3066 2026 3103 habentes
2039 3066 2189 3115 paedago-

1265 3133 1326 3167 gos
1337 3120 1512 3166 :legitimo
1522 3117 1648 3153 foedere
1659 3118 1847 3163 junsta-rum
1857 3121 2048 3165 nuptiarum
2062 3116 2193 3152 insidia·

1265 3182 1358 3205 tores
1368 3183 1376 3204 ε
1387 3168 1523 3216 maligni
1535 3167 1693 3204 castitatis
1703 3179 1844 3215 aucupes
1854 3183 1865 3203 r
1882 3166 2014 3203 subtiles
2025 3166 2189 3202 dolorum

1269 3218 1486 3256 instra-stores
1497 3232 1505 3252 :
1516 3217 1692 3254 calumniae
1699 3221 1851 3265 prompti
1864 3216 2073 3253 inventores!
2092 3219 2191 3252 Scor-

1267 3273 1432 3305 tationem
1444 3267 1612 3303 labiorum
1622 3277 1716 3302 tenus
1726 3267 1902 3309 damnatis,
1913 3272 1945 3302 &
1956 3267 2123 3302 adornatis
2133 3264 2188 3301 ad»

1267 3319 1428 3354 ulterium
1441 3317 1602 3353 :aliorum
1616 3316 1910 3363 medici,plenique
1923 3317 1980 3363 ipsi
1991 3314 2127 3357 morbo,
2136 3322 2188 3351 Se-

1266 3431 1351 3454 vero
1362 3416 1549 3465 superficie,
1562 3426 1677 3451 ornata
1689 3429 1697 3449 ι
1708 3411 1915 3457 sublimes‚ac
1927 3415 2130 3458 injudicium
2142 3415 2186 3450 se-

1263 3466 1359 3504 dibus
1369 3465 1574 3515 praesidentes
1586 3491 1597 3507 ‚
1608 3476 1747 3512 tumque
1757 3489 1768 3506 ,
1778 3477 1856 3500 cum
1869 3464 2005 3501 scortari
2017 3465 2193 3507 voluistis,¹

1265 3521 1353 3553 inter
1363 3514 1575 3552 arbustorum
1588 3513 1698 3557 densa,
1708 3527 1745 3550 ac
1756 3514 1889 3550 dumeta
1900 3515 2093 3563 adrepentes
2104 3542 2111 3549 .
2124 3518 2186 3552 Ri-

1265 3567 1303 3602 sit
1313 3578 1390 3602 cum
1403 3564 1532 3601 videret
1544 3567 1858 3612 praevaricationum
1868 3564 1992 3600 donor
2002 3589 2014 3606 ,
2031 3577 2069 3600 ac
2081 3564 2186 3600 malo-

1265 3629 1342 3652 rum
1352 3614 1607 3656 consiliarius‚ut
1618 3617 1784 3661 principes
1793 3614 1933 3661 populi:
1945 3625 1982 3649 ut
1993 3617 2057 3649 viri
2069 3613 2186 3662 proce'-

1265 3680 1316 3702 res
1327 3679 1364 3701 ac
1382 3664 1526 3705 deleffi,
1551 3677 1610 3699 ceu
1623 3662 1852 3711 sepulcrorum
1863 3661 2031 3699 effossores
2047 3663 2190 3711 quidam

1265 3729 1302 3752 ac
1313 3715 1457 3751 latrones
1468 3739 1480 3755 ,
1499 3712 1675 3761 impudico
1688 3711 1857 3749 recreandi
1869 3712 2059 3761 spectaculo
2070 3738 2082 3755 ‚
2109 3725 2188 3748 vens

1265 3776 1352 3803 trem
1361 3762 1538 3805 traheretis
1549 3788 1561 3807 ,
1572 3760 1800 3811 ,vulpiumque
1810 3774 1911 3799 more
1917 3762 2092 3802 latitaretis
2100 3765 2187 3798 inter

1763 3824 1796 3847 m
1809 3824 1843 3848 m
2080 3824 2138 3848 nu-

1411 3375 1413 3378 ,
1579 3370 1585 3375 .
1677 3369 1682 3375 .
1834 3369 1839 3374 .
1867 3370 1872 3374 .
2206 3339 2314 3374 Mmh.
2330 3352 2340 3371 τ
2349 3350 2378 3379 3.

1265 3369 1376 3414 pulcra
1386 3365 1532 3403 dealbata
1544 3392 1555 3408 ,
1578 3365 1891 3402 intu51mmund1cra
1902 3367 1999 3414 plena
2010 3391 2022 3408 ‚
2048 3377 2183 3401 externa
2201 3389 2287 3421 ,⁹⁸27-
