2652 4126
709 219 794 263 IN
837 203 1148 264 GaacuM
1192 218 1231 265 A
1279 206 1858 268 NAT1v1TATE.

312 305 472 344 Juvenem
492 304 689 347 imitamini,
715 315 784 350 quo
802 303 845 340 fic
862 306 958 340 omni
977 314 1067 340 aetate
1086 306 1119 339 in
1135 302 1241 339 bono·

309 363 385 387 rum
406 351 546 388 formata
567 363 689 400 typum
704 377 716 394 ,
741 353 893 389 Eccleliae
912 364 1017 390 coetus
1046 356 1152 390 omnis
1174 354 1241 390 ian-

308 402 381 437 ἂιις
397 413 435 437 ac
453 400 612 449 probatus
637 402 819 445 efficiatur,
845 405 879 438 in
908 401 1048 439 Christo
1074 403 1240 439 Salvatore

308 449 423 486 nostro
441 463 455 491 ;
480 463 582 498 quem
607 451 702 488 decet
726 452 832 499 gloria
852 477 864 494 ,
891 451 1032 499 potestas
1051 478 1060 494 ‚
1087 451 1201 489 honor
1226 477 1239 495 ,

307 512 387 536 cum
411 504 506 537 Patre
531 511 723 543 coaeterno‚
749 502 1010 549 lanfflsfimoque
1030 527 1040 544 ,
1065 515 1102 539 ac
1129 504 1237 540 vivifi-

306 562 350 585 co
373 551 520 596 Spiritu,
546 562 633 587 nunc
657 555 692 588 &
719 551 864 600 semper,
888 554 923 587 &
948 555 981 588 in
1008 551 1119 588 saecula
1141 553 1237 590 saecu-

308 598 440 636 lorum.
464 602 597 636 Amen.

333 767 591 803 ASTERII
612 768 873 803 AMASEAE
899 769 1203 807 EPISC'OPI.

557 818 595 851 In
614 819 742 853 coecum
760 832 782 853 a
806 819 997 856 nativitate.

129 876 180 908 Ex
203 876 239 906 R.
262 875 294 907 Ρ.
475 905 481 911 .
509 906 516 912 .
785 906 791 912 .
819 906 826 912 .
1160 907 1166 913 .
1207 908 1213 914 .

128 917 190 954 jac.
210 915 269 946 Sir·
414 902 593 939 Udivimus
620 904 726 940 modo
758 904 870 940 divina
906 903 999 950 plane
1024 917 1059 941 ac
1086 902 1235 942 sublimia

130 956 295 987 mundiSo-
437 964 628 1000 argumenta
638 979 650 996 ‚
663 957 801 990 tonitrui
812 953 871 989 filii
883 957 1015 996 Ioannis
1024 980 1037 997 ,
1055 967 1115 991 ceu
1125 959 1235 1002 potius

131 997 209 1027 ‘¹⁶¹-
230 996 293 1032 Jesu
309 1005 447 1051 Spiritus
455 1005 586 1046 Sancti,
610 1007 668 1051 qui
677 1004 818 1040 eundem
829 1016 868 1040 ex
879 1004 1036 1052 piscatore
1049 1017 1086 1041 ac
1105 1017 1234 1042 manua-

133 1043 296 1107 Ἳζὲοξξιῖι-
310 1051 333 1088 li
344 1052 470 1089 artifice
479 1077 492 1095 ,
516 1052 710 1100 scriptorem
720 1067 756 1090 ac
766 1065 931 1090 oratorem
942 1053 1050 1090 effecit
1060 1079 1069 1088 .
1097 1057 1235 1103 Quippe

129 1087 277 1147 Eserhen-
309 1101 448 1140 multam
458 1101 553 1138 nobis
567 1116 605 1139 ac
624 1104 787 1152 prolixam
805 1115 994 1140 enarrarunt
1012 1107 1155 1141 Domini
1174 1105 1235 1141 dis-

122 1157 286 1188 datoexSe-
302 1154 540 1200 putationem,
567 1165 631 1200 qua
642 1156 689 1196 is,
714 1153 754 1190 ab
764 1153 984 1191 Hebraeorum
1001 1158 1142 1201 cogitata
1161 1168 1234 1191 mo-

127 1198 284 1241 guieriano
309 1201 442 1239 narchia
460 1205 587 1238 animos
605 1202 785 1248 abducens,
810 1213 1039 1240 contumacem
1068 1217 1103 1239 ac
1133 1208 1234 1240 incre-

124 1237 258 1270 c⁰d¹⁶⁹·
307 1251 428 1289 dulum
455 1252 620 1301 populum
644 1254 755 1290 divina
780 1256 882 1290 Patris
907 1264 944 1289 ac
969 1253 1041 1290 Filii
1070 1253 1197 1290 scientia
1223 1281 1235 1299 ,

306 1302 480 1340 erudiret:
516 1314 650 1351 portam
684 1307 731 1340 eis
754 1306 863 1350 gratiae
887 1315 905 1339 a
931 1303 1020 1350 legali
1057 1304 1235 1341 tradit10ne

304 1355 475 1400 aperiens,
501 1352 706 1402 senfimquea
725 1356 829 1389 veteri
863 1353 902 1389 ad
923 1366 1047 1390 novum
1068 1353 1235 1390 testamen-

305 1413 379 1439 tum
391 1428 401 1444 ‚
427 1401 520 1439 velut
539 1402 652 1439 olima
669 1402 798 1439 deserto
809 1403 848 1439 ad
867 1403 1003 1439 divitem
1022 1402 1109 1440 illam
1122 1417 1158 1440 ac
1166 1404 1235 1442 fru-

303 1451 402 1499 gibus
422 1450 558 1488 uberem
583 1464 724 1495 terram,
748 1453 888 1489 ducens.
915 1457 1086 1491 Caeterum
1105 1455 1187 1490 dum
1208 1458 1234 1490 is

302 1506 394 1538 varie
413 1513 639 1550 praeaeternam
657 1503 746 1540 suan-t
757 1502 980 1545 existentiam,
1007 1516 1043 1539 ac
1053 1507 1139 1540 Patri
1159 1504 1240 1540 sem-

300 1564 361 1600 per
379 1553 568 1594 coniutSlam
588 1551 726 1598 probat,
755 1566 791 1588 ac
806 1553 927 1589 diserte
951 1558 1051 1589 coecis
1071 1553 1239 1592 inclamat;

301 1600 486 1638 effeseante
495 1600 686 1645 Abraham,
716 1601 800 1639 nihil
819 1602 868 1638 illi
889 1603 1048 1640 strmonis
1071 1603 1239 1651 perspeEta

300 1655 428 1688 vii-,tute
435 1676 447 1695 ,
472 1651 629 1700 nullaque
639 1652 715 1688 scita
724 1652 999 1696 contradictione,
1009 1654 1102 1700 quod
1111 1654 1238 1691 dictum

301 1701 517 1749 improbant,
542 1714 756 1750 coarguentes
777 1729 787 1746 ,
814 1701 993 1740 verborum
1019 1703 1098 1739 loco
1123 1704 1163 1740 ad
1190 1703 1237 1740 la-

300 1752 396 1799 pides
435 1752 693 1799 confugiebant,
718 1766 754 1789 ac
773 1753 832 1789 diu
847 1764 921 1789 ante
939 1766 1070 1790 crucem
1087 1780 1099 1798 ,
1122 1766 1237 1790 manus

300 1799 486 1838 homicidas
502 1802 543 1839 ad
566 1803 690 1839 caedem
701 1801 914 1839 exercebant.
940 1806 1101 1840 Cuivero
1112 1802 1237 1851 ubique

301 1850 523 1889 constitutum
543 1850 638 1896 esset,
664 1864 701 1889 ut
731 1853 770 1889 ad
791 1852 1069 1890 contumeliosum
1096 1866 1133 1890 ac
1160 1852 1240 1890 blas-

301 1899 465 1949 phemum
491 1902 662 1950 populum
688 1902 917 1950 longaminiter
933 1902 1094 1947 haberet,
1119 1916 1240 1940 eorum

302 1950 477 1988 declinavit
496 1955 575 1988 iram
597 1963 694 1999 atque
705 1953 911 1996 tumultum,
937 1966 1006 1988 non
1016 1952 1162 1997 humili,
1187 1953 1240 1990 sed

302 2000 413 2036 divina
429 2001 567 2048 quadam
588 2001 718 2048 fugiens
739 2006 886 2039 ratione.-
911 2006 969 2050 qui
988 2003 1115 2040 medius
1135 2004 1239 2047 stanS,

301 2063 339 2087 ac
348 2062 423 2087 cum
435 2051 622 2099 palparetur
633 2078 645 2095 ,
663 2065 730 2088 non
741 2064 930 2090 cerneretur
940 2067 950 2091 3
960 2053 1150 2102 versansque
1160 2067 1239 2090 cum

299 2100 583 2143 iratumentibus,
608 2115 676 2137 non
689 2114 895 2139 cerneretur.
922 2106 1088 2141 Steterunt
1098 2103 1238 2140 veroilli

300 2150 456 2190 attoniti,
479 2151 585 2208 animi
593 2150 729 2193 quidem
748 2152 924 2195 propofito
932 2157 965 2188 in
975 2155 1096 2190 caedem
1107 2157 1238 2196 intenti,

264 2240 266 2243 ι
299 2195 392 2233 haud
418 2207 526 2233 tamen
551 2199 754 2233 invenientes
779 2208 844 2243 qua
870 2202 998 2232 ratione
1026 2205 1109 2234 iram
1128 2203 1239 2246 exple-

300 2255 394 2280 rent:
419 2244 508 2281 nihil
533 2245 744 2280 venatoribus
768 2247 929 2292 imperitis
954 2244 1113 2282 abfimiles
1134 2270 1146 2287 ‚
1179 2250 1238 2292 qui

124 2309 285 2340 pulchrum
299 2292 683 2342 praematuriussuscitata
691 2305 727 2328 ac
739 2292 890 2330 submota
908 2295 1039 2340 praeda,
1065 2294 1239 2342 suffugien-

125 2349 237 2383 fimile.
300 2346 486 2380 tecervoin
504 2342 621 2379 locum
640 2341 786 2390 aliquem
798 2369 811 2387 ,
835 2356 872 2379 ac
883 2342 1072 2379 clanculum
1093 2343 1239 2388 egresse,

300 2403 426 2430 temere
435 2405 495 2440 per
506 2392 626 2429 saltum
634 2403 764 2435 errant,
789 2391 967 2429 molestum
983 2404 1069 2428 onus
1090 2394 1172 2427 retia
1191 2391 1236 2426 fe-

300 2454 407 2480 rentes
418 2466 431 2485 ,
454 2441 638 2489 frustraque
647 2441 756 2478 secum
763 2441 888 2477 catulos
898 2440 1064 2478 trahentes
1073 2468 1083 2476 .

351 2491 520 2540 Equidem
547 2503 630 2527 vero
645 2516 659 2533 ,
692 2502 882 2539 quanquam
907 2491 1031 2538 alioqui
1072 2490 1144 2526 sum
1167 2501 1235 2527 ma-

300 2543 352 2580 lus
377 2542 507 2584 servus,
532 2541 567 2578 id
593 2551 698 2577 tamen
723 2540 866 2576 necdum
891 2539 1017 2577 oblitus
1043 2539 1115 2577 sum
1136 2565 1148 2582 ,
1172 2538 1231 2576 effe

299 2606 355 2630 me
380 2591 531 2634 servum,
557 2594 681 2638 quique
706 2602 770 2637 pro
795 2593 948 2627 Domino
972 2589 1123 2626 adversus
1148 2592 1230 2635 inju-

300 2641 407 2679 riosos
431 2639 571 2678 habeam
595 2640 777 2687 insurgere.
802 2638 1035 2685 Quamobrem
1059 2642 1157 2676 etiam
1168 2639 1230 2676 cla-

301 2690 405 2730 mabo
430 2694 464 2727 in
489 2688 648 2728 Haebreos
667 2715 679 2732 ,
713 2700 867 2738 tanquam
892 2688 996 2726 hodie
1022 2689 1191 2737 praesentes
1217 2715 1230 2733 ,

298 2755 337 2779 ac
361 2741 474 2779 furore
499 2742 608 2777 astos:
634 2751 757 2787 ergone
783 2738 904 2776 scelesti
938 2739 1100 2788 lapidibus
1134 2738 1229 2775 bene-

299 2793 405 2828 ficum
428 2793 609 2839 appetitise
635 2792 722 2837 Qis
747 2793 835 2826 enim
859 2801 921 2826 vos
947 2802 965 2826 e
991 2801 1081 2838 petra
1090 2793 1233 2837 potavit?

301 2845 471 2890 Appetitis
495 2853 571 2877 eum
599 2838 779 2888 lapidibus,
804 2843 861 2887 qui
887 2838 1022 2887 lapideis
1046 2838 1166 2876 tabulis
1185 2842 1232 2875 in-

300 2891 426 2938 sculpta
449 2891 542 2938 lege,
567 2893 655 2927 viam
683 2888 821 2926 vestram
846 2889 1022 2926 formavit?
1049 2892 1231 2937 Appetitis,

237 2966 248 2976 .
302 2945 438 2988 inquam
459 2967 471 2984 ‚
506 2941 649 2987 lapidem
675 2939 818 2976 electum
837 2965 850 2983 ,
885 2938 1066 2988 pretiosum
1085 2963 1096 2981 ,
1130 2951 1231 2986 quem

301 2991 393 3028 Isaias
422 2990 601 3037 praedixit?
639 2992 806 3038 Appetitis
839 2988 1016 3037 spiritalem
1051 2988 1194 3038 lapidem
1219 3015 1232 3033 ,

281 3041 393 3077 'nulla
418 3040 566 3077 hominis
591 3052 690 3076 manu
708 3065 720 3082 ,
755 3052 773 3075 e
801 3051 964 3088 praerupta
989 3050 1079 3087 petra
1098 3065 1108 3080 ,
1142 3040 1232 3081 iuxta

280 3091 395 3138 ‘quod
421 3091 538 3126 docuit
563 3088 762 3126 admirabilis
781 3089 920 3131 Daniel,
947 3088 1133 3125 abscissum?
1159 3091 1231 3136 Ap—

304 3142 414 3188 petitis
440 3138 602 3186 lapidibus
629 3139 794 3176 summum
829 3138 1015 3186 angularem
1052 3138 1192 3186 lapidem
1217 3163 1228 3180 ,

303 3193 362 3236 qui
391 3192 526 3235 parietes
551 3189 633 3224 duos
659 3192 739 3225 novi
764 3202 800 3226 ac
814 3189 1121 3235 veteristestamenti
1137 3200 1228 3224 com-

303 3241 436 3276 mittit?
462 3238 604 3275 Tametfi
629 3243 721 3275 enim
748 3251 814 3274 non
840 3239 974 3276 creditis
994 3263 1004 3281 ,
1040 3249 1157 3286 potens
1182 3237 1228 3273 est

302 3292 396 3326 Deus
421 3289 463 3325 de
488 3286 650 3336 lapidibus
674 3288 739 3325 istis
764 3289 911 3325 suscitare
937 3288 1025 3324 filios
1050 3286 1191 3324 Abrahae
1214 3313 1226 3330 ,

260 3367 270 3376 .
302 3338 372 3375 hoc
391 3338 458 3380 est,
483 3336 716 3385 acceptabilem
726 3338 868 3375 Christo
887 3337 1051 3386 populum
1085 3339 1227 3374 exGen-

302 3388 391 3426 tibus
416 3402 453 3424 ac
479 3390 644 3435 praeputio
668 3399 883 3435 congregare:
910 3392 942 3424 in
962 3391 1139 3436 quoetiam
1151 3399 1226 3434 pro-

301 3439 491 3476 miffionem
516 3437 656 3485 suscepit
681 3436 872 3481 Abraham,
909 3439 1038 3474 dicente
1062 3441 1092 3473 ei
1114 3441 1192 3474 Deo
1216 3463 1227 3478 ,

300 3489 375 3525 fore
400 3491 433 3524 in
459 3500 500 3523 eo
526 3486 758 3523 benedicendas
781 3500 894 3524 omnes
919 3489 1046 3524 Gentes
1065 3513 1074 3522 .
1101 3490 1227 3523 Arcana

301 3541 394 3574 enim
418 3541 512 3575 Deus
537 3536 667 3573 stientia
692 3536 842 3574 futurum
869 3538 1049 3585 praevidens
1067 3562 1079 3580 ,
1112 3548 1228 3572 omnes

301 3592 338 3625 in
364 3586 531 3634 posterum
554 3587 759 3628 credituros,
786 3587 864 3623 fidei
888 3588 963 3623 duci
983 3599 1018 3622 ac
1043 3588 1183 3635 principi
1193 3589 1228 3621 in

303 3636 452 3674 filiorum
479 3636 603 3673 sortem
627 3635 793 3672 attribuit.
820 3640 875 3672 Ex
900 3648 979 3678 tunc
993 3639 1226 3672 enimcontue-

302 3685 400 3725 batur
424 3685 643 3723 Hebraeorum
670 3686 787 3734 populi
813 3685 1024 3729 seditionem,
1048 3684 1225 3722 acvidebat

302 3734 428 3784 lapides
452 3733 583 3783 falsique
617 3738 775 3771 nominis-
794 3735 881 3772 filios
905 3735 1059 3772 abdicatis
1083 3734 1225 3771 accense-

305 3784 383 3824 bat.
407 3789 632 3878 Curpmautem
657 3784 807 3824 sermone
831 3787 1002 3823 veritatem
1019 3787 1224 3827 annuntians,

407 3836 446 3870 S.
530 3834 609 3870 erii-

115 1596 204 1635 Joaen.
221 1597 251 1626 8.

126 1644 159 1667 v.
179 1637 228 1675 58.

2107 225 2208 294 285

1301 301 1556 354 haudquaquam
1583 306 1792 354 persuaderet
1824 309 1994 355 pietatem:
2019 313 2138 350 tametsi
2148 314 2219 350 ade-

1301 365 1371 396 rat,
1396 354 1670 394 abscondebatur3
1694 370 1731 393 ac
1754 369 1912 405 apparens
1938 372 2005 396 non
2031 362 2219 406 videbatur,

1293 414 1370 450 quo
1396 406 1449 440 tali
1476 406 1637 442 miraculo
1660 407 1835 443 admittere
1868 420 2000 455 cogeret
2033 411 2091 446 effe
2116 413 2219 459 ipsum

1297 451 1496 496 Christum,
1521 469 1557 490 ac
1583 459 1695 493 Deum
1719 469 1853 504 parente
1870 458 2040 496 Abraham
2051 460 2219 498 seniorem.

1298 503 1444 546 Audite,
1469 516 1571 551 ergo,
1604 509 1712 554 inquit
1731 531 1744 549 ,
1777 520 1800 543 0
1826 520 1901 544 vere
1925 513 2006 545 coeci
2032 523 2069 547 ac
2093 508 2182 546 stulti
2210 511 2320 554 ΞΕκοΑ.
2344 531 2392 561 33·

1297 553 1442 599 quisnam
1468 553 1549 598 iste,
1574 559 1633 603 qui
1659 559 1694 593 &
1721 556 1864 593 versatur
1891 558 2081 602 vobiscum,
2106 572 2218 597 necta-
2236 572 2263 594 v-
2282 571 2313 599 4-

1296 614 1373 638 men
1400 602 1553 641 videtur?
1579 618 1658 641 num
1684 606 1771 642 forte
1796 606 1852 642 ille
1877 607 1924 643 est
1948 612 2005 657 qui
2021 610 2062 647 ad
2072 610 2220 658 Moysen

1297 651 1459 698 loquens,
1485 657 1618 691 minime
1637 655 1918 703 conspiciebatur,
1943 671 1980 695 ac
1998 670 2106 696 tamen
2123 672 2220 708 appa-

1295 701 1409 738 rebat?
1435 706 1523 740 Nam
1535 716 1613 741 tunc
1622 717 1758 753 quoque
1771 705 1939 744 videbatur
1947 711 2031 755 ignis
2040 723 2076 745 ac
2096 709 2220 753 rubus,

1296 751 1395 788 ambo
1412 765 1521 792 muta5
1548 753 1831 803 nihilominusque
1850 757 2041 795 audiebatur
2060 772 2128 795 vox
2145 784 2157 802 ,
2182 773 2219 795 ac

1295 801 1402 838 sermo
1418 803 1585 840 erudiebat
1598 830 1607 845 ‚
1633 803 1791 852 certoque
1803 832 1816 849 ,
1840 807 1932 853 quod
1961 808 2110 846 futurum
2130 820 2221 851 erat,

1296 853 1595 898 praenunciabatur:
1623 854 1730 902 sicque
1759 859 1906 894 virorum
1924 859 2158 905 prudentiam,
2182 868 2220 895 ut

1295 901 1471 948 personam
1491 915 1531 940 ex
1550 917 1660 940 rerum
1678 910 1875 951 cognatione
1894 907 2074 954 intelligitis
2087 934 2095 942 .

1345 954 1436 988 Cum
1461 952 1504 988 fic
1527 965 1637 990 autem
1661 954 1763 990 aliene
1787 967 1805 990 a
1830 959 1954 993 ratione
1978 971 2014 994 ac
2039 958 2136 994 stulte
2150 960 2221 994 He-

1296 999 1376 1037 braei
1402 1000 1583 1045 haberent,
1609 1007 1779 1040 Dominus
1794 1005 1949 1043 nosterac
1973 1007 2142 1050 Salvator,
2167 1021 2222 1044 ve·

1296 1050 1347 1086 lut
1373 1050 1499 1088 sedulus
1525 1053 1657 1099 quidam
1684 1066 1720 1089 ac
1745 1053 1866 1100 sapiens
1892 1056 2060 1099 medicus,
2086 1069 2153 1092 non
2169 1070 2221 1092 ce-

1297 1102 1394 1136 dente
1419 1101 1540 1138 morbo
1564 1103 1604 1138 ad
1617 1106 1762 1149 primum
1777 1107 2059 1150 experimentum,
2084 1107 2221 1142 modum

1295 1151 1396 1186 alium
1422 1156 1599 1188 curationis
1625 1154 1828 1199 aggreditur.
1855 1156 1971 1191 Statuit
1997 1168 2078 1191 vero
2088 1167 2124 1192 ut
2134 1169 2222 1192 rnen·

1296 1212 1329 1236 te
1354 1214 1487 1243 coecos,
1514 1214 1604 1238 caeco
1628 1214 1722 1239 curet
1746 1206 1803 1249 qui
1830 1203 1949 1240 obvius
1974 1208 2124 1242 inventus
2135 1204 2223 1249 esset,
2239 1229 2316 1259 Exim·
2351 1240 2361 1259 ι

1297 1264 1364 1286 non
1389 1251 1546 1287 accidenti
1581 1251 1688 1299 aliqua
1721 1252 1851 1288 laefione
1875 1259 2059 1291 coecitatem
2085 1254 2186 1302 paffus
2211 1281 2221 1299 ,
2239 1279 2268 1300 v,
2287 1251 2324 1299 ⁶]
2369 1241 2397 1266 ⁷⁰

1296 1301 1348 1337 sed
1375 1312 1498 1337 naturae
1526 1305 1641 1340 viti03
1674 1302 1903 1340 iic-nimirum
1928 1316 1969 1342 ex
1994 1317 2091 1341 utero
2114 1308 2149 1341 in
2173 1305 2223 1343 lu·
2238 1310 2325 1340 Exod-
2350 1318 2398 1348 34·

1294 1363 1366 1386 cem
1395 1351 1591 1398 productus.
2239 1359 2268 1382 V·
2292 1359 2318 1379 ¹·

1347 1403 1529 1437 Hominem
1542 1414 1644 1448 porro
1654 1402 1880 1450 conspicatus,
1905 1403 2014 1446 stetit,
2039 1406 2223 1455 praestoque

1300 1452 1340 1488 ad
1366 1455 1570 1487 curationem
1594 1451 1686 1488 fuit:
1710 1457 1915 1490 curationem
1941 1458 2058 1502 utique
2081 1455 2225 1493 humana

1300 1503 1460 1545 majorem
1481 1504 1606 1538 ratione
1618 1507 1651 1539 &
1660 1514 1726 1538 arte
1738 1527 1746 1537 .
1766 1506 1904 1552 Quippe
1915 1517 1963 1540 ars
1972 1506 2097 1542 medica
2108 1519 2145 1542 ac
2154 1509 2224 1552 ejus

1300 1555 1414 1595 ratio,
1434 1563 1552 1587 eorum
1570 1552 1769 1590 morborum
1787 1554 2097 1602 contemplationem
2106 1556 2227 1599 tradit,

1300 1606 1359 1649 qui
1379 1603 1440 1645 jam
1459 1614 1476 1638 a
1494 1613 1607 1638 natura
1626 1602 1776 1650 perfeeto
1793 1603 1923 1640 animali
1941 1608 2021 1640 acin
2040 1605 2144 1642 lucem
2161 1606 2228 1641 edi·

1300 1662 1340 1687 to
1352 1677 1362 1694 ,
1386 1651 1460 1688 casu
1472 1651 1683 1699 postmodum
1694 1653 1808 1700 aliquo
1815 1654 1968 1690 accidunt
1977 1667 1986 1695 ς
1996 1658 2226 1701 congenitiau—

1300 1713 1371 1737 tem
1388 1705 1523 1748 corpori
1546 1705 1638 1745 vitii,
1663 1706 1800 1739 minime
1817 1708 2022 1741 curationem
2042 1709 2228 1752 promittit:

1299 1761 1331 1786 at
1342 1763 1449 1797 neque
1459 1752 1634 1787 universim
1643 1751 1862 1794 morborum,
1888 1753 1910 1788 fi
1930 1757 1988 1801 qui
2009 1754 2162 1800 deinceps
2180 1765 2230 1789 ac·

1303 1800 1456 1837 ciderunt
1472 1813 1483 1835 ε
1505 1802 1598 1846 cujus
1609 1804 1654 1836 rei
1663 1801 1792 1837 abunde
1801 1802 1897 1837 testes
1915 1802 1992 1850 sunt
2007 1802 2149 1839 mutilati
2167 1802 2231 1839 ho-

1303 1854 1408 1887 mines
1418 1874 1431 1892 ,
1449 1850 1569 1897 quibus
1580 1862 1677 1886 nemo
1686 1851 1894 1887 medicorum
1905 1877 1917 1894 ,
1926 1851 2151 1889 membrorum
2164 1855 2232 1900 pri-

1304 1905 1472 1936 vationem
1499 1900 1645 1936 sarcivit.
1672 1900 1904 1944 Quamobrem
1928 1906 2028 1937 etiam
2052 1902 2231 1948 discipuli,

1302 1949 1505 1986 morborum
1524 1949 1730 1992 miserantes,
1757 1949 1964 1997 videntesque
1981 1949 2155 1988 hominem
2173 1955 2232 2000 qui

1301 2001 1386 2037 lucis
1411 2000 1670 2045 jucundiffimam
1685 1999 1891 2048 voluptatem
1911 2001 2089 2048 nequidem
2107 2014 2232 2049 unqam

1301 2049 1470 2097 gustasset,
1497 2050 1652 2087 curiofius
1678 2052 1879 2098 inquirentes
1902 2062 2054 2087 aerumnae
2079 2051 2203 2086 causam
2219 2076 2232 2094 ,

1299 2104 1490 2139 Dominum
1524 2099 1786 2146 interrogabant3
1811 2099 1901 2137 haud
1936 2100 2013 2137 stite
2036 2100 2231 2142 admodum,

1299 2149 1383 2188 num
1408 2150 1453 2187 ob
1480 2154 1651 2199 propriam
1675 2150 1830 2199 culpam,
1853 2164 1893 2188 an
1915 2161 2052 2200 propter
2061 2161 2231 2199 parentum

1299 2202 1444 2239 deli&a‚
1468 2200 1512 2235 fic
1537 2199 1657 2235 affeeto
1681 2213 1827 2248 corpore
1851 2205 1885 2237 in
1913 2202 2021 2238 lucem
2072 2201 2230 2237 reduetus

1301 2245 1396 2281 esset.
1422 2248 1593 2291 Utrinque
1610 2257 1720 2282 autem
1732 2254 1941 2293 percontatio
1949 2263 2042 2296 repre
2071 2250 2231 2286 enfionem

1299 2293 1421 2331 babet.-
1446 2306 1556 2340 neque
1579 2297 1667 2331 enim
1693 2295 1802 2337 filius,
1827 2296 1950 2334 nullius
1973 2297 2040 2344 ipse
2050 2311 2142 2342 reus,
2166 2312 2231 2347 pro

1300 2342 1488 2390 parentibus
1512 2343 1707 2388 reprobatus
1733 2344 1835 2379 esset:
1860 2358 1935 2381 cum
1959 2349 2052 2382 Deus
2077 2359 2144 2382 non
2170 2361 2229 2395 pu-

1299 2395 1367 2426 niat
1392 2389 1493 2426 alium
1518 2403 1583 2438 pro
1608 2391 1697 2426 alio:
1724 2404 1830 2438 neque
1856 2406 1937 2429 vero
1955 2393 2226 2433 suorumillecri-

1294 2442 1425 2476 minum
1445 2451 1558 2486 poenas
1568 2439 1682 2482 daret,
1706 2445 1766 2488 qui
1775 2441 1916 2478 necdum
1926 2446 1959 2478 in
1974 2447 2077 2481 vitam
2097 2446 2226 2494 proces-

1294 2487 1398 2531 fiffet,
1426 2487 1586 2535 siquidem
1596 2492 1759 2527 itacoecus
1781 2503 1873 2527 natus
1892 2504 1979 2529 erat:
2005 2506 2105 2531 nemo
2126 2496 2225 2544 fiqui-

1291 2540 1368 2576 dem
1386 2538 1529 2574 necdum
1549 2550 1641 2575 natus
1663 2552 1816 2588 peccator
1833 2541 1896 2578 est.
1923 2543 1992 2590 Ipsa
2011 2545 2148 2590 quidem
2176 2549 2222 2582 in·
2240 2531 2340 2588 Neine
2349 2572 2366 2599 d

1292 2591 1473 2635 terrogatio
1490 2587 1579 2625 haud
1590 2589 1684 2625 valde
1695 2590 1832 2638 probata
1853 2591 1916 2628 est.
1942 2594 2121 2630 Videamus
2142 2609 2222 2631 vero
2238 2581 2339 2640 {³52ssss
2369 2580 2398 2602 at

1292 2650 1332 2676 ut
1350 2641 1488 2681 veritas,
1513 2641 1682 2676 Dominus
1691 2640 1852 2677 nosterita
1872 2643 2139 2690 percontantibus
2160 2645 2220 2681 res-
2236 2660 2297 2689 quae
2315 2662 2377 2690 pcc.

1290 2689 1446 2737 ponderit
1458 2715 1466 2723 .
1493 2687 1638 2725 Morbus
1655 2687 1738 2733 iste,
1762 2703 1786 2725 o
1802 2690 1952 2737 discipuli
1967 2694 1975 2728 l
2001 2696 2133 2730 minime
2143 2706 2221 2741 gen-
2236 2699 2345 2720 cavent
2366 2712 2375 2726 ν

1291 2743 1399 2782 tium,
1425 2750 1636 2785 peccatorum
1657 2738 1834 2776 retributio
1850 2741 1917 2784 est,
1943 2741 1993 2778 sed
2015 2742 2132 2779 futurae
2159 2744 2220 2780 dis·
2236 2738 2391 2800 antseqnam

1293 2788 1490 2837 pensationis
1504 2792 1719 2835 praeparatio,
1745 2802 1814 2836 quo
1823 2794 1870 2832 is,
1895 2794 1951 2838 qui
1960 2797 2144 2829 communis
2162 2793 2220 2829 ha-
2235 2780 2360 2841 {aiem

1291 2839 1389 2876 betur
1405 2835 1535 2880 homo,
1559 2840 1680 2880 maiora
1690 2838 2013 2887 homineoperctur=
2040 2847 2220 2889 utqueuni-

1291 2888 1463 2925 versorum
1474 2888 1606 2923 Auctor
1617 2914 1629 2931 ‚
1649 2888 1722 2935 post
1735 2893 1873 2935 primam
1883 2893 2079 2927 creationem
2090 2917 2100 2933 ,
2128 2905 2219 2928 nunc

1291 2950 1427 2986 quoque
1438 2937 1563 2984 opificii
1575 2949 1760 2984 argumenta
1772 2942 1912 2975 inveniat
1921 2950 2018 2987 atque
2029 2953 2069 2976 ex
2079 2946 2218 2988 particu·
2232 2978 2259 2997 vl
2280 2969 2285 2974 .

1292 2987 1437 3030 laribus,
1461 2987 1618 3023 univerfis
1644 2988 1746 3022 fidem
1773 2987 1892 3024 struat:
1918 3002 1954 3024 ac
1965 2979 2388 3040 deniquedu1·usm{}sf‘‡}„

1292 3036 1436 3086 populus
1446 3035 1743 3083 intrac‘tabilisque,
1768 3037 1902 3074 adorare
1921 3038 2148 3085 persuadeatur
2164 3041 2217 3077 ab·
2232 3059 2385 3087 argumen-

1291 3089 1382 3134 jeffis
1401 3086 1579 3134 lapidibus.
1605 3087 1838 3123 Illuminentur
1855 3100 1934 3134 ergo
1959 3089 2047 3125 oculi
2075 3102 2140 3124 non
2167 3095 2213 3127 vi·
2235 3096 2265 3117 ¹0
2275 3088 2362 3119 astru-

1288 3138 1421 3179 dentes,
1445 3148 1482 3173 ut
1492 3135 1618 3182 justitiae
1627 3136 1683 3172 Sol
1693 3137 2211 3185 animosipfipientiumillustret.
2229 3128 2336 3197 ἒέἀεῖἰ.
2345 3169 2373 3197 d·

1288 3190 1359 3225 Fiat
1370 3199 1417 3222 res
1425 3199 1531 3229 nova,
1555 3199 1592 3222 ac
1601 3198 1755 3222 creentur
1764 3187 1876 3230 oculi,
1901 3201 1984 3234 quos
1994 3193 2147 3225 noverint
2166 3190 2211 3226 fie-
2230 3179 2388 3238 vinriltaiisls

1288 3237 1396 3274 ditiofi
1409 3261 1420 3278 ,
1445 3247 1482 3273 ut
1492 3248 1590 3284 quem
1601 3237 1717 3273 dicunt
1728 3236 1861 3284 Josephi
1874 3237 1991 3273 Filium
2003 3263 2014 3280 ,
2040 3251 2116 3274 vere
2128 3238 2210 3276 fabri

1287 3286 1378 3323 filius
1387 3284 1458 3322 esset
1466 3311 1478 3329 ,
1503 3284 1652 3334 potuisset
1661 3287 1795 3332 quidem
1805 3287 2010 3324 confractum
2019 3301 2153 3325 currum
2164 3302 2212 3325 re-

1288 3337 1407 3378 ficere,
1432 3347 1487 3371 aut
1509 3335 1941 3383 lignaajun&uradifiun6i:a
1951 3338 2139 3381 conserere,
2154 3339 2209 3376 seu

1289 3391 1383 3422 etiam
1395 3385 1526 3421 fraffam
1538 3384 1661 3421 trabem
1672 3385 1786 3421 fulcire
1796 3398 1809 3424 ς
1834 3386 1885 3421 vel
1895 3389 1973 3422 item
1992 3387 2120 3435 asperos
2138 3388 2208 3424 assc-

1288 3449 1339 3472 res
1349 3435 1574 3481 complanare,
1599 3446 1654 3471 aut
1665 3439 1806 3471 omnino
1817 3435 1871 3471 illa
1882 3435 2048 3482 praestare,
2073 3450 2144 3484 quae
2153 3451 2206 3486 pa-

1288 3496 1339 3522 ter
1357 3485 1472 3521 artifex
1493 3497 1555 3531 pro
1573 3489 1649 3520 artis
1667 3489 1793 3521 ratione
1809 3498 1846 3520 ac
1866 3485 2004 3522 instituti
2024 3486 2128 3523 filium
2147 3488 2205 3524 do-

1287 3545 1377 3573 ceat;
1401 3545 1553 3570 uttamen
1575 3545 1699 3581 partem
1718 3533 1884 3578 hominis,
1907 3548 2042 3581 eamque
2053 3536 2204 3582 pulcher-

1286 3588 1401 3621 rimam
1411 3610 1423 3627 ,
1448 3596 1567 3631 nempe
1576 3584 1710 3620 oculum
1721 3610 1733 3627 ,
1751 3584 1792 3620 fic
1802 3588 1965 3620 maximea
1976 3596 2085 3621 natura
2095 3586 2204 3623 elabo-

1286 3646 1414 3676 ratum,
1441 3645 1539 3668 nemo
1549 3636 1648 3674 alius,
1674 3645 1773 3680 quam
1793 3637 1849 3680 qui
1867 3647 1884 3670 a
1894 3637 2098 3681 principioin
2109 3648 2202 3674 natu-

1285 3697 1355 3720 ram
1376 3682 1565 3731 potestatem
1586 3681 1712 3725 habet,
1735 3683 1878 3719 condere
1898 3687 2061 3731 potuerit.

1334 3736 1434 3774 sane,
1459 3743 1497 3768 ut
1508 3736 1581 3780 quis
1591 3743 1715 3769 attente
1725 3730 1874 3769 humanis
1883 3732 2039 3771 membris
2056 3737 2200 3773 animum

1284 3784 1422 3830 adjicere
1433 3782 1511 3820 velit
1520 3807 1533 3827 ,
1558 3788 1591 3821 in
1601 3780 1662 3820 hac
1673 3785 1815 3821 maxime
1825 3793 1916 3831 parte
1933 3787 2081 3832 corporis
2097 3788 2202 3825 omni*

1744 3845 1823 3870 mm
1873 3844 1895 3877 a
2092 3845 2151 3880 po-

2233 2929 2362 2972 Caecitas
