2652 4126
735 221 1785 283 ADMoNITlo.
2115 244 2215 296 521

313 315 383 359 bus
413 316 568 374 elegisse
601 332 610 358 :
641 331 724 359 cum
752 331 800 358 ex
829 317 946 377 ipsius
976 317 1186 375 Augustini
1216 316 1343 374 Epist.
1388 318 1484 361 188.
1523 318 1574 361 ad
1605 319 1642 372 J
1644 314 1815 360 ulianam
1855 314 2109 357 Demetriadis
2147 330 2223 355 ma-

309 387 408 418 trem
436 374 637 432 discamus,
662 389 732 436 per
761 377 838 427 ejus
867 376 1116 432 ministerium
1145 377 1325 433 castitatis
1348 378 1587 436 propositum
1617 375 1871 437 amplexatam
1901 373 1980 433 effe
2002 374 2109 433 piam
2128 373 2224 415 hanc

309 437 525 495 virginem.
557 439 633 481 Per
662 435 952 489 ministerium,
981 437 1143 492 inquit,
1164 435 1340 479 nostrum
1370 452 1463 480 cum
1492 437 1736 495 accepissetis
1766 437 1939 479 verbum
1958 433 2114 478 auditus
2125 434 2225 486 Dei,
2238 457 2325 491 Num.
2346 467 2377 495 ι.

310 497 407 540 ficut
437 496 536 539 dicit
566 496 801 552 Apostolus,
831 495 1038 553 accepistis
1068 495 1166 539 illud
1198 510 1281 539 non
1312 508 1356 538 ut
1386 498 1557 541 verbum
1586 498 1831 551 hominurn,
1860 494 1926 538 sed
1953 495 2051 539 ficut
2080 492 2136 537 est
2155 507 2223 536 ve·

309 572 380 610 re,
411 556 579 601 verbum
610 554 717 597 Dei.
751 555 875 610 Cujus
905 554 1117 599 ministerii
1147 555 1292 608 nostri,
1322 555 1538 612 adjuvante
1579 558 1710 614 gratia
1750 559 1789 599 &
1830 554 2099 598 misericordia.
2139 553 2222 596 Sal-

311 616 486 668 vatoris,
514 615 558 661 in
589 612 710 656 domo
742 613 871 658 vestra
902 627 1036 658 tantus
1064 615 1210 658 frufiius
1241 629 1402 658 exortus
1433 615 1511 670 est,
1541 628 1585 659 ut
1614 617 1804 659 humanis
1835 616 1986 673 nuptiis
2028 615 2112 671 jam
2151 627 2220 670 pa-

308 677 429 728 ratis,
458 671 592 723 sane‘ia
623 674 858 720 Demetrias
888 674 1111 732 spiritalem
1142 675 1272 733 sponsi
1301 676 1406 718 illius
1437 677 1655 733 praetuletit
1683 677 1949 734 amplexum,
1977 675 2041 717 cui
2072 673 2221 730 specio·

308 736 351 780 so
382 747 464 794 prae
493 731 585 782 filiis
615 733 832 776 hominum
862 735 937 778 &c.
968 736 1171 776 Hominem
1201 748 1292 776 vero
1322 733 1491 789 Italum,
1524 734 1636 794 longe
1674 735 1719 777 ab
1758 734 1895 791 Africa
1928 734 2098 794 posti-um
2117 762 2130 786 ,
2171 731 2223 774 (5·

296 809 401 844 tunc
416 793 603 850 ¹temporis
623 790 730 847 forte
749 790 1052 849 adolescentem,
1081 793 1206 850 qualis
1234 806 1316 836 erat
1345 797 1388 835 S.
1420 797 1524 850 Leo,
1555 812 1630 837 non
1657 797 1794 836 mirum
1834 795 1887 849 est
1926 794 2023 836 hanc
2061 804 2224 852 comper-

296 868 389 905 ,tam
417 868 494 902 non
524 850 694 909 babuiffe
723 853 1037 909 circumstantiam
1058 886 1069 896 .
1109 855 1226 916 ,Quid
1263 854 1363 910 quod
1403 854 1510 906 hujus
1549 854 1732 913 Epistola.»
1772 857 1896 896 auHor
1927 853 2023 909 satis
2054 852 2099 907 fi·
2138 854 2224 893 Ro-

297 928 427 959 mame
457 908 642 967 Ecclesia>
670 909 866 956 alumnum
888 914 1046 971 prodit,
1074 913 1163 955 dum
1202 914 1280 962 ejus
1320 911 1485 972 gloriam
1525 915 1660 970 ubique
1698 911 1894 956 aemulatus
1914 943 1924 954 .
1965 908 2225 972 Apostolicam

299 972 431 1030 sedem
460 971 628 1017 omnibus
653 985 740 1014 tum
761 972 1014 1027 sacerdotibus
1042 986 1126 1014 tum
1149 970 1319 1032 plebibus
1349 970 1567 1030 exemplum
1589 972 1712 1030 suiJJe
1742 971 1878 1029 asserit
1895 1001 1908 1024 ,
1937 985 1980 1013 ut
2019 970 2226 1028 Pelagiani

299 1032 489 1090 dogmatis
519 1030 706 1086 insaniam
736 1032 978 1074 abhorrerent
1005 1048 1022 1073 .·
1051 1048 1134 1074 cum
1164 1033 1240 1075 haec
1262 1029 1398 1091 palma
1434 1032 1634 1092 Episcopis
1672 1031 1869 1087 Africanis
1906 1031 2086 1075 debeatur
2105 1059 2119 1084 ,
2159 1028 2226 1085 qui

303 1092 470 1136 omnium
493 1092 614 1150 primi
636 1092 797 1151 fignum
826 1093 1005 1149 adversus
1023 1094 1062 1146 J
1064 1089 1236 1134 ulianum
1264 1091 1526 1147 levaverunt,
1545 1093 1610 1149 sic
1638 1104 1796 1134 canente
1825 1090 2028 1150 Prospero:

663 1184 735 1225 Tu
763 1178 933 1227 'caussam
965 1179 1058 1224 fidei
1089 1182 1321 1241 flagrantius
1353 1181 1495 1225 Africa
1525 1181 1663 1225 nostrae
2011 1230 2014 1235 Ι
2235 1210 2338 1239 ΟΜ,
2360 1209 2394 1239 de

657 1242 903 1301 Exequeris,
933 1253 1143 1299 tecumque
1175 1243 1286 1284 suum
1315 1241 1509 1301 jungente
1540 1243 1724 1300 vigorem
2241 1251 2351 1288 ΙΨ...

659 1303 762 1362 Juris
792 1301 1014 1360 Apostolici
1046 1302 1166 1356 solio,
1195 1302 1282 1344 fera.
1312 1301 1463 1345 viscera
1501 1302 1599 1345 belli
2233 1287 2342 1368 ΕΓ·
2363 1290 2403 1322 “9¹

657 1360 863 1418 Gonficis5
894 1362 933 1404 8<
962 1363 1044 1404 lato
1074 1361 1290 1421 prosternis
1320 1361 1450 1406 limlte
1481 1362 1630 1404 vieaeos.

659 1421 906 1467 Convenere
938 1423 996 1465 tui
1027 1420 1075 1465 de
1106 1421 1256 1465 cunE'tis
1286 1421 1446 1465 urbibus
1476 1423 1575 1465 almi

661 1479 895 1524 Pontifices.
927 1481 1170 1540 geminoque
1202 1481 1338 1525 senum
1372 1482 1635 1526 celeberrima
1665 1494 1776 1526 coetu

659 1540 861 1584 Decernis
891 1540 997 1598 quod
1028 1543 1169 1587 Roma
1198 1542 1368 1601 probet,
1396 1542 1503 1601 quod
1532 1557 1659 1601 regna
1689 1543 1925 1600 sequantur.

369 1645 406 1688 5.
429 1633 467 1685 J
467 1628 581 1681 uvari
608 1630 702 1672 dicit
732 1646 810 1672 non
838 1631 1023 1674 modicum
1053 1632 1151 1675 hanc
1171 1631 1284 1687 suam
1313 1632 1555 1691 aſj'ertionem
1584 1649 1632 1675 ex
1654 1630 1874 1691 singulari,
1903 1645 1983 1688 quae
2015 1631 2229 1674 Demetria-

300 1689 346 1736 'da‘
375 1691 524 1750 virgini
551 1705 635 1732 cum
665 1693 708 1734 S.
740 1693 882 1738 Leone*
898 1692 1111 1750 interceffit
1139 1693 1433 1750 neceffitudine,
1462 1707 1510 1733 ex
1540 1708 1617 1748 qua
1645 1694 1775 1733 etiam.
1790 1692 1888 1733 hanc
1907 1691 2094 1747 fiduciam
2125 1692 2230 1747 sum-

297 1751 408 1811 psit,
437 1763 481 1791 ut
509 1749 627 1807 ipsam
656 1749 878 1811 impelleret*
909 1752 961 1794 ad
1002 1753 1289 1807 construendam
1329 1749 1542 1810 Basilicam
1572 1750 1645 1806 sub
1687 1753 1750 1791 Σ.
1772 1750 1963 1808 Stephani
1991 1751 2230 1791 invocatione

302 1810 588 1866 consecrandam
606 1840 621 1864 ,
659 1823 705 1852 ut
730 1810 853 1868 fidem
883 1811 986 1868 facit
1022 1810 1220 1855 Platina.
1260 1815 1347 1855 Leo
1366 1842 1380 1865 ,
1419 1811 1548 1867 inquit
1567 1841 1581 1864 ,
1620 1809 1671 1852 ad
1701 1808 1971 1867 reparandam
2001 1810 2163 1851 Urbem
2192 1809 2232 1850 8<

303 1870 490 1927 Templa
518 1869 752 1924 conversuS,
783 1872 1045 1915 Demetriam
1077 1873 1268 1915 ancillam
1300 1873 1384 1915 Dei
1415 1872 1580 1929 impulit
1611 1882 1655 1912 ut
1688 1870 1901 1913 Basilicam
1929 1870 2048 1911 beato
2061 1868 2232 1926 Stepha-

301 1943 359 1972 no
390 1931 458 1972 via
488 1930 618 1974 latina
648 1931 770 1974 tertio
800 1932 851 1974 ab
882 1933 1001 1976 Urbe
1033 1933 1223 1975 milliario
1255 1933 1300 1974 in
1330 1930 1457 1974 fundo'
1485 1930 1554 1973 sno
1585 1928 1776 1972 conderet
1799 1960 1809 1972 .
1848 1932 1933 1971 Nec
1964 1929 2019 1984 {de
2047 1926 2125 1971 alia
2157 1931 2232 1970 De-

300 1989 485 2031 metriade
513 1989 649 2032 itidem
678 1990 858 2048 virgine,
886 1991 963 2034 haec
992 1990 1165 2051 intelligi
1193 1991 1346 2046 debere,
1375 2006 1460 2033 cum
1491 1988 1609 2032 aliam
1639 1989 1725 2031 huic
1754 1990 2012 2047 cognominem
2031 2017 2045 2039 ,
2083 1988 2133 2029 (T
2162 1984 2236 2027 ali·

300 2061 489 2103 quatenus
516 2045 708 2101 illustrem
737 2064 806 2089 nec
834 2048 941 2091 illius
969 2053 1045 2093 aevi
1067 2052 1271 2111 scriptores
1299 2063 1609 2102 commemorent,
1638 2065 1706 2090 nec
1735 2064 1817 2090 eam
1846 2049 1893 2090 de
1923 2062 1999 2103 qua
2028 2045 2245 2103 loquimur,

299 2103 435 2161 aliqua
463 2117 556 2150 nota
583 2104 824 2162 distinguant
852 2122 937 2148 cum
966 2110 1014 2150 de
1042 2125 1090 2151 ea
1117 2113 1347 2153 mentionem
1367 2109 1547 2166 faciunt.
1578 2110 1699 2169 Quod
1720 2109 1764 2166 si
1789 2109 1870 2161 jam
1909 2106 1968 2148 ab'
1994 2123 2092 2148 anno
2133 2120 2184 2159 41
2194 2119 2233 2147 ο.

299 2164 521 2217 Demetrias
552 2161 814 2205 Barbas-orum
835 2164 1036 2221 saevitiam
1065 2169 1132 2222 qui
1161 2171 1330 2210 Romam
1359 2181 1536 2228 ceperant
1553 2168 1711 2224 fugiens
1729 2198 1744 2220 ,
1765 2183 1858 2207 cum
1896 2179 2018 2206 matre
2057 2168 2107 2208 (Τ
2146 2167 2237 2206 avia

300 2225 348 2270 in
376 2224 556 2279 Africam
583 2222 852 2279 transmearit,
880 2226 1028 2268 nemini
1050 2225 1269 2284 persuasum
1290 2228 1367 2283 fiet
1395 2229 1438 2268 in
1468 2225 1541 2268 illa
1561 2227 1680 2284 ipsam
1694 2226 1899 2285 provincia
1916 2224 2139 2283 remanfiſj'e
2156 2241 2239 2266 cum

304 2281 476 2327 Vandali
504 2297 604 2325 anno
634 2297 736 2337 427.
767 2284 811 2325 in
840 2284 1022 2341 Africam
1051 2286 1324 2346 irrumpentes,
1353 2287 1544 2344 regionem
1583 2282 1695 2326 illam
1735 2285 1951 2327 immaniter
1992 2286 2196 2343 vastarunt
2227 2300 2240 2339 ;

296 2342 369 2401 sed
391 2344 522 2403 potius
539 2343 642 2400 suga
663 2342 746 2400 sibi
774 2342 1003 2403 consuluiffie
1031 2359 1164 2388 contra
1192 2346 1451 2388 baereticorum
1481 2346 1674 2388 hominum
1703 2344 2013 2398 barbarorumque
2043 2342 2239 2399 furorem,

303 2403 407 2460 apud
435 2418 527 2458 quos
546 2403 650 2460 fides
677 2400 864 2449 catholica
892 2405 1119 2462 castitasque
1147 2403 1379 2463 virginalis,
1409 2405 1542 2460 quibus
1571 2402 1735 2444 clarebat
1764 2403 2003 2453 Demetrias,
2025 2402 2172 2455 summo
2191 2417 2238 2442 ae·

305 2474 382 2516 que
410 2461 567 2503 crimini
589 2461 835 2505 vertebatur.
865 2465 988 2506 Immo
1018 2479 1128 2505 nemo
1156 2465 1212 2518 est
1239 2465 1308 2518 qui
1337 2478 1414 2503 non
1443 2463 1570 2502 credat
1593 2460 1703 2517 piam
1732 2459 1923 2515 virginem
1942 2488 1955 2511 ,
2004 2475 2018 2499 t
2048 2472 2235 2518 expugna-

307 2531 353 2578 ζα
380 2533 404 2559 a
436 2516 572 2560 Gothis
601 2517 733 2559 Roma
762 2521 1039 2580 Carthaginem
1068 2521 1292 2577 aufugerat,
1320 2521 1378 2558 ita
1406 2516 1678 2559 invadentibus
1707 2518 1883 2574 Africam
1915 2516 2096 2560 Vandalis
2115 2550 2130 2573 ,
2156 2518 2239 2561 lon-

307 2593 357 2636 ge
379 2577 525 2637 potiori
554 2575 701 2617 ratione
730 2573 927 2635 reliquiffe
959 2579 1111 2621 Cartha
1137 2578 1261 2629 inem,
1289 2578 1531 2632 Romamque
1561 2575 1741 2676 remealffe
1769 2577 1811 2617 in
1842 2593 1929 2633 qua.
1951 2579 2123 2637 patriam
2142 2610 2156 2633 ,
2182 2595 2239 2621 co·

311 2651 470 2696 gnatos,
498 2636 656 2688 amicos,
686 2635 736 2678 (9‘
767 2637 867 2691 quod
893 2653 970 2677 non
993 2593 1137 2690 semelg
1143 2635 1335 2678 indicatur
1363 2636 1406 2677 in
1434 2636 1505 2678 hac
1534 2637 1673 2695 Episto
1689 2653 1736 2689 a,
1767 2634 2014 2696 ampliffimas
2037 2638 2238 2697 poſj‘effio-

311 2712 380 2741 nes
408 2713 432 2739 a
453 2694 674 2756 parentibus
696 2694 777 2751 suis
810 2692 958 2737 reliiias
986 2695 1165 2738 habebat.
1196 2700 1449 2755 ⁴‚Quamquam
1479 2697 1529 2739 (Τ
1558 2696 1674 2752 usque
1711 2697 1761 2738 ad
1799 2697 2048 2753 incurfionem
2091 2700 2239 2739 Vanda-
2260 2693 2262 2695 ’

310 2754 438 2798 lorum
465 2757 508 2798 in
538 2750 680 2810 Africa
708 2770 788 2797 non
816 2754 1040 2813 remansiffe
1069 2771 1162 2798 vero
1185 2753 1433 2811 stmillimum
1461 2756 1538 2812 est,
1568 2754 1637 2797 vel
1670 2758 1702 2810 J
1705 2753 1872 2797 ulianam
1911 2757 2032 2798 adhac'
2061 2757 2239 2816 supersti-

312 2828 393 2859 tem
416 2815 506 2874 post
534 2813 746 2858 Gothorum
774 2830 823 2856 ex
851 2812 971 2856 Italia
998 2814 1196 2873 difieff'um
1225 2814 1454 2873 cariffimum
1479 2816 1619 2874 pignus
1657 2816 1699 2856 in
1741 2815 1879 2858 Urbem
1910 2816 2037 2872 secu‘m
2076 2816 2239 2873 reduxis-

307 2875 380 2934 se,
406 2872 475 2916 vel
504 2874 790 2917 Demetriadem
818 2887 965 2922 mortua
985 2875 1023 2928 J
1025 2872 1180 2929 uliano,
1209 2873 1312 2917 ultro
1341 2874 1532 2934 repetiiffie
1556 2875 1726 2935 patriam
1747 2906 1761 2929 ‚
1799 2890 1844 2917 ut
1882 2891 1964 2931 quae
2003 2895 2026 2917 a
2051 2878 2103 2918 ud
2142 2879 2240 2919 Car-

315 2935 512 2994 thaginem
532 2935 624 2991 fine
652 2947 916 2994 cognatorum,
941 2933 1221 2992 gentiliumque
1243 2935 1398 2991 suorum
1428 2947 1495 2994 ope
1525 2951 1567 2976 ac
1589 2933 1729 2991 solatio
1769 2936 1842 2976 vix
1876 2889 2063 2992 potuiſjst
2101 2936 2240 2993 reside-

314 3011 380 3037 re.
410 2997 581 3037 Romam
610 3010 696 3051 ergo
726 2995 872 3038 rediens
900 2997 1070 3052 Leonem
1099 2995 1278 3049 invenit,
1306 3011 1417 3051 quem
1440 2995 1548 3049 sacra
1577 2996 1688 3054 virgo
1708 3024 1722 3048 ,
1751 3007 1795 3035 ut
1825 2994 1875 3035 ad
1895 2993 2068 3050 sublimis
2101 3007 2238 3055 propo-

310 3055 388 3112 ⁴{iti
418 3053 695 3110 observantiam
723 3056 840 3114 magis
869 3055 1059 3115 magisque
1087 3056 1374 3108 accenderetur,
1398 3068 1470 3114 pro
1501 3070 1543 3096 ea
1574 3062 1667 3110 quae'
1699 3055 1775 3112 ipsi
1813 3053 2002 3109 sacrarum
2043 3056 2241 3113 virginum

319 3129 409 3156 cura
437 3114 692 3168 incumbebat,
720 3114 770 3157 (9⁴
790 3115 862 3172 suo
883 3117 974 3168 jure
995 3128 1154 3175 precata
1183 3116 1260 3172 est,
1289 3131 1356 3158 nec
1385 3114 1512 3158 renuit
1534 3116 1564 3156 S
1567 3116 1690 3168 .·Leo,
1711 3113 1782 3170 sed
1798 3113 1894 3156 hanc
1912 3113 1964 3156 ad
1981 3129 2063 3158 eam
2085 3115 2244 3174 scripsit

319 3173 499 3217 eximiam
527 3173 768 3234 Epistulam.

383 3235 569 3277 Ceterum
606 3233 709 3276 nibil
745 3234 824 3292 effe
866 3251 933 3278 cur
969 3237 1153 3296 Prospero
1190 3236 1379 3279 tribuatur
1421 3237 1498 3279 haec
1535 3235 1716 3297 Epistola
1733 3266 1747 3290 ,
1785 3252 1866 3293 qua·
1905 3235 2085 3295 Prosperi
2104 3235 2243 3291 stilum

325 3308 405 3336 non
435 3293 551 3349 refert
569 3323 595 3346 .,
609 3295 700 3355 ,Qui
729 3310 824 3337 vero
853 3295 896 3338 in
924 3298 1069 3355 excusis
1100 3298 1285 3356 Prosperi
1323 3295 1491 3356 operibus
1527 3297 1614 3338 huic
1651 3293 1782 3339 libello
1818 3293 1953 3338 titulus
1985 3295 2199 3354 praefigitur
2227 3325 2240 3338 .

327 3351 498 3410 Prosper
529 3355 750 3412 Episcopus
778 3354 895 3398 sacrae
926 3358 1078 3414 virgini
1109 3357 1391 3410 Demetriadi,
1418 3356 1616 3399 addititius
1645 3356 1723 3414 effe
1751 3369 1834 3397 tum
1862 3355 1950 3397 inde
1978 3357 2237 3407 convincitur,

326 3412 430 3470 quod
459 3426 549 3455 ante
578 3429 728 3456 centum
749 3414 876 3470 ferme
903 3432 1038 3470 annos,
1074 3433 1147 3473 quo
1176 3429 1343 3476 tempore
1373 3418 1416 3458 S.
1448 3416 1646 3473 Ambrosii
1676 3415 1842 3474 operibus
1879 3415 2133 3472 accensebatur
2171 3417 2240 3457 hoc

323 3471 564 3532 opusculum,
583 3473 674 3530 stne
703 3474 771 3516 boc
799 3473 912 3518 titulo
934 3477 1086 3536 fi’mper
1108 3478 1327 3537 prodierat3
1357 3489 1439 3518 tum
1469 3477 1568 3531 quod
1596 3488 1738 3517 certum
1760 3476 1820 3532 sit
1847 3476 1949 3533 apud
1975 3475 2135 3517 eruditos
2143 3479 2239 3516 Pro·

318 3534 475 3634 {perum
506 3533 714 3591 Augustini
743 3534 966 3594 discipulum
996 3553 1039 3578 ac
1067 3538 1258 3580 vindicem
1287 3553 1378 3579 num
1405 3551 1491 3578 uam
1512 3533 1739 3591 sacerdotali
1767 3535 1977 3592 dignitate,
1997 3535 2068 3590 sed
2096 3551 2162 3577 nec
2180 3532 2238 3576 ul-

344 3608 364 3634 o
386 3591 491 3649 forte
519 3590 781 3649 Ecclestastico
810 3596 1014 3651 ministerio
1043 3597 1269 3655 insignitum
1289 3552 1437 3654 fuiffit,
1466 3608 1509 3636 ut
1539 3608 1710 3639 notatum
1739 3597 1780 3636 in
1793 3595 2062 3638 Admonitione
2080 3598 2120 3637 in
2141 3595 2238 3653 Epi-

328 3650 462 3699 liolam
493 3651 669 3711 Prosper-i
697 3653 747 3694 ad
777 3656 1034 3713 Augustinum
1063 3659 1190 3699 datam
1221 3658 1330 3698 initio
1361 3658 1473 3707 hujus
1501 3652 1707 3696 voluminis
1727 3685 1737 3696 .
1769 3655 1846 3696 Sed
1874 3656 1988 3713 miffa
2026 3652 2097 3696 illa
2133 3656 2237 3713 pseu-

329 3712 580 3771 depigraphe,
610 3728 686 3753 non
716 3711 794 3770 effe
805 3714 980 3772 Prosperi
998 3716 1094 3759 hanc
1104 3715 1318 3776 Epistolam
1336 3717 1463 3774 arguit
1472 3712 1561 3771 stili
1579 3715 1798 3774 disparitas,
1827 3715 2048 3773 &ejusdem
2067 3713 2236 3770 affinitas

329 3787 413 3826 cum
434 3770 528 3828 stilo
559 3770 738 3814 librorum
766 3773 812 3818 de
845 3775 1046 3819 Vocatione
1076 3778 1260 3820 Gentium
1281 3807 1292 3818 .
1333 3776 1428 3834 Etsi
1457 3775 1558 3835 enim
1588 3775 1764 3835 Prosperi
1795 3775 1917 3831 sermo
1957 3773 2148 3819 nonnullis
2179 3776 2236 3817 in-

446 3833 489 3874 S.
518 3833 720 3894 Prosperi.
1671 3838 1781 3878 Vuu
1844 3851 1866 3878 2
2103 3849 2177 3877 ter-
