2652 4126
2077 198 2188 273 487

263 338 2194 472 tittttttaetate&efferaretur&tssssssessttsssssstsssssstsssssstsstau

26 1018 29 1019 ν
91 995 248 1042 “Scriptus

24 1048 26 1051 ’
89 1045 209 1068 Cerlter

25 1105 27 1110 .
88 1087 200 1108 annum

26 1125 154 1162 ‘⁴⁴²
399 1152 665 1193 CAPUT
715 1149 1057 1192 PR1MUM.

263 1251 444 1293 Materiam
471 1250 528 1288 boc
553 1251 638 1287 libro
664 1248 875 1287 tranandam
896 1249 1075 1298 proponit,
1102 1249 1201 1294 oslen-

312 1303 428 1351 ditque
454 1315 513 1338 mm
550 1301 634 1339 νεὲῗσ
653 1300 776 1349 sentire
801 1313 851 1337 eos
884 1300 941 1348 qui
972 1300 1202 1348 praedicatione

305 1355 428 1403 gratiae
445 1353 582 1391 liberum
600 1351 712 1399 negari
731 1349 902 1388 arbitrium
922 1351 1135 1391 contendunt.

285 1465 293 1467 “
326 1459 435 1491 θ
490 1463 531 1529 {¹
547 1458 637 1494 Nter
662 1453 849 1493 defensores
874 1452 969 1513 liberi
990 1452 1143 1513 arbitrii,
1168 1457 1204 1490 &

340 1531 355 1538 0
380 1530 385 1537 ι-
423 1467 531 1568 {xi
566 1504 792 1553 praedicatores
827 1516 938 1551 gratiae
963 1507 1028 1542 Dei
1048 1530 1060 1547 ‚
1089 1517 1205 1552 magna

167 1562 191 1592 a
434 1562 481 1593 ’N
563 1559 597 1591 δε
622 1554 766 1594 difficilis
792 1555 946 1592 dudum²
971 1558 1206 1602 vertiturquae-

433 1553 524 1645 ’8νῇ
563 1605 644 1643 stio.
673 1608 847 1651 Quaeritur
872 1608 982 1642 enim.-
1009 1608 1133 1642 Utrum
1152 1618 1208 1641 ve-

564 1654 602 1692 lit
636 1659 730 1693 Deus
766 1668 880 1692 omnes
913 1653 1068 1692 homines
1103 1654 1208 1692 {alvos

563 1705 659 1745 fieri?
684 1707 730 1742 Et
754 1708 831 1754 quia
857 1717 964 1753 negari
985 1703 1053 1744 hoc
1066 1719 1133 1742 non
1145 1718 1207 1753 po-

265 1753 345 1793 test:
372 1758 448 1793 Cur
475 1754 629 1794 voluntas
655 1758 912 1802 Omnipotentis
929 1769 996 1792 non
1019 1755 1206 1804 impleatur,

163 1791 193 1833 ἶ)
263 1807 469 1852 inquiritur?
493 1808 651 1855 Cumque
675 1803 744 1842 hoc
769 1802 976 1844 secundumb
1000 1807 1208 1844 voluntatem

263 1852 446 1894 hominum
470 1855 542 1893 fieri
569 1856 716 1901 dicitur,
749 1859 851 1904 gratia
888 1857 1018 1894 videtur
1045 1857 1175 1894 excludi
1197 1870 1208 1895 3

263 1917 339 1953 quae
364 1906 387 1942 fi
413 1906 538 1947 meritis
562 1906 734 1946 redditur,
760 1905 887 1943 constat
905 1919 977 1944 eam
997 1921 1066 1943 non
1077 1908 1208 1944 donum

262 1953 347 1999 effe,
373 1955 429 1994 sed
454 1955 627 1994 debitum.
655 1955 753 1992 Unde
780 1959 901 1994 iterum
926 1961 1102 2004 quaritur:
1133 1961 1208 1994 Cur

261 2003 332 2044 hoc
359 2006 511 2050 donum,
537 2006 604 2042 sine
629 2018 700 2053 quo
725 2018 826 2042 nemo
851 2011 865 2027 Ε
892 2005 995 2043 salvus
1020 2006 1090 2050 est,
1114 2006 1157 2043 ab
1167 2019 1210 2042 eo

262 2057 322 2102 qui
347 2066 462 2091 omnes
487 2053 600 2090 salvari
629 2054 723 2095 vult,
750 2067 815 2090 non
840 2054 996 2093 omnibus
1006 2057 1211 2093 conferatur?

260 2100 379 2155 Atque,
408 2105 457 2145 ‚ita
476 2126 489 2144 ‚
522 2106 765 2138 contrariarum
801 2102 1066 2150 disputationum
1100 2106 1212 2143 nullus

259 2150 422 2190 tei-minus
458 2153 621 2200 reperitur
641 2177 653 2194 ,
693 2150 774 2187 dum
803 2163 872 2187 non
900 2152 1096 2190 discernitur
1131 2155 1214 2201 quid

260 2201 495 2244 manifestum,
521 2201 606 2252 quid
631 2201 671 2240 fit
699 2199 869 2239 occultum
889 2223 900 2236 .
934 2204 991 2239 De
1017 2201 1081 2238 hac
1107 2206 1213 2249 igitur

262 2253 522 2301 compugnantia
547 2254 768 2300 opinionum,
804 2264 869 2299 qua
894 2251 1043 2289 mensura
1069 2256 1103 2289 δε
1131 2263 1214 2289 tem-

260 2306 410 2351 perantia
435 2301 654 2350 sentiendum.
670 2301 709 2338 fit
729 2327 740 2344 ,
775 2313 938 2350 quantum
963 2305 1135 2340 Dominus
1159 2303 1215 2339 ad·

260 2353 406 2400 juverit,
431 2351 559 2388 adnitar
585 2355 754 2400 inquirere
765 2365 782 2394 ‚·
806 2365 963 2390 exercens
989 2364 1088 2401 atque
1105 2352 1211 2390 discu—

259 2405 348 2437 tiens
376 2401 552 2442 modulum
572 2401 742 2440 ,facultatis
766 2415 847 2440 meaa
872 2406 906 2440 in
932 2401 1007 2445 his,
1033 2416 1109 2450 quae
1137 2416 1212 2440 cor-

263 2449 298 2485 di
324 2452 413 2485 meo*
426 2448 534 2485 sobrie
560 2452 574 2490 (
596 2463 760 2498 quantum
786 2451 933 2489 arbitror
952 2452 970 2496 )
996 2451 1210 2489 inhaeserunt:

264 2508 304 2535 ut
330 2497 353 2534 fi
381 2501 414 2533 in
439 2509 490 2532 eas
515 2510 550 2532 re
573 2499 654 2547 ulae,-
669 2499 855 2546 process'erit
881 2501 971 2538 stilus
987 2525 998 2542 ‚
1024 2513 1099 2547 quae
1126 2500 1212 2535 nihil

266 2546 480 2589 offenlio'nis,
503 2549 538 2582 ni
568 2539 591 2581 il
616 2544 759 2584 habeant
787 2552 954 2596 pravitatis
970 2562 982 2586 3
1007 2561 1078 2584 non
1104 2549 1212 2583 solum

268 2595 390 2640 nobis,
414 2595 469 2634 sed
492 2599 527 2632 &
553 2591 623 2632 aliis
649 2596 731 2634 utile
757 2595 814 2639 fit,
847 2599 888 2633 ad
915 2597 1060 2643 aliquem
1087 2608 1147 2631 nos
1172 2595 1214 2630 li-

268 2650 397 2694 mitem
413 2643 589 2694 pervenisse
607 2671 618 2688 ‚
653 2658 754 2694 quem
782 2659 850 2681 non
877 2645 1052 2682 debeamus
1076 2644 1214 2682 excede·

268 2708 342 2734 re.v
364 2699 521 2733 Primitus
547 2699 657 2744 itaque
683 2696 724 2734 de
750 2695 931 2732 voluntatis
954 2693 1108 2732 humanae
1142 2707 1215 2732 mo-

269 2746 359 2784 tibus
384 2749 419 2783 &
444 2745 599 2792 gradibus
625 2745 859 2793 disputandum
884 2744 931 2782 est
949 2770 958 2778 .
994 2749 1085 2781 Inter
1110 2757 1214 2792 quam

271 2800 308 2833 &
343 2799 479 2844 gratiam
516 2799 580 2833 Dei
616 2796 839 2844 quorumdam
867 2807 934 2831 non
959 2794 1033 2831 sana
1057 2794 1213 2831 discretio

272 2845 321 2883 est
341 2872 354 2889 ,
389 2843 406 2868 ‘¹
431 2845 688 2883 existimantium
714 2846 806 2894 quod
834 2845 1067 2894 praedicatione
1103 2847 1216 2891 gratiae

155 2904 255 2944 Negat
275 2895 418 2933 liberum
444 2908 584 2943 negetur
608 2896 803 2935 arbitrium5
828 2909 890 2932 nec
916 2894 1217 2933 advertentiumea-

101 2944 231 2989 gratiam
276 2947 352 2984 dem
378 2945 490 2993 regula
515 2945 572 2982 fibi
601 2944 687 2994 poss'e
712 2946 813 2992 objici
833 2972 843 2988 ‚
878 2945 972 2994 quod
999 2949 1135 2992 gratiam
1162 2958 1218 2982 ne-

102 2993 240 3053 qussieta‘ng
277 3009 378 3045 gent,
403 3009 484 3033 cum
510 3009 582 3032 eam
607 2995 767 3033 humanae
790 2995 968 3033 voluntatis
1004 3008 1071 3032 non
1097 2997 1218 3033 ducem

96 3034 178 3095 {ficit
194 3035 259 3094 ehu.
278 3047 399 3085 volunt
423 3043 504 3090 effe,
530 3045 584 3082 sed
613 3050 791 3083 comitem.
817 3051 833 3068 ²
858 3049 891 3083 Si
917 3046 1147 3083 enimtollitur
1158 3059 1218 3082 vo-

101 3112 261 3135 manaevo-
279 3097 406 3141 luntas,
432 3096 491 3133 nifi
516 3095 583 3146 ipsa
600 3096 648 3133 est
673 3109 824 3134 verarum
835 3099 934 3144 origo
945 3099 1131 3135 virtutum3
1156 3096 1219 3133 tol-

102 3144 230 3175 luntatis
250 3164 259 3180 ν
280 3147 360 3184 litur
385 3150 489 3194 gratia
505 3172 518 3190 ‚
551 3146 608 3184 nifi
634 3146 703 3195 ipsa
727 3146 774 3183 est
799 3146 971 3184 bonorum
995 3148 1096 3184 caussa
1122 3150 1219 3183 meri-

105 3194 169 3215 ”⁰¹¹
190 3183 246 3214 du·
281 3209 416 3235 torum.
445 3197 509 3240 sed
533 3198 598 3242 jam
622 3197 799 3235 auxiliante
826 3195 969 3234 Christo
988 3223 1001 3242 ‚
1035 3197 1129 3246 quod
1155 3207 1219 3233 tra-

104 3233 169 3255 “m
180 3245 206 3293 ‘e
284 3247 446 3284 standum
471 3249 687 3296 concepimus
704 3246 920 3286 inchoemus.

382 3297 420 3330 S.
445 3295 617 3343 Prosperi-

324 3355 343 3375 α
362 3343 448 3375 Editi
469 3343 577 3375 nostri.
598 3345 713 3377 Lovan.
734 3346 828 3376 Du‘ac.
849 3346 880 3377 δι
894 3346 1220 3387 Colon.quaeriturquae-

276 3384 348 3423 flio,
370 3383 561 3415 emendamus
580 3395 618 3416 ex
638 3385 708 3416 edit.
727 3387 818 3427 Oper.
839 3386 870 3416 S.
887 3387 1219 3418 LeonisadMs.Thau-

282 3434 374 3455 neum
394 3423 496 3454 exacta
511 3444 522 3459 ‚
550 3424 608 3455 ΜΓ.
629 3425 858 3457 Camberonenfi
877 3429 910 3457 in
938 3437 991 3458 ora
1010 3428 1144 3458 codicum
1166 3437 1220 3458 no-

282 3464 410 3496 strorum
430 3464 539 3499 citato,
560 3463 592 3495 &
615 3463 671 3496 101.

324 3505 343 3534 b
365 3505 411 3535 Ita
430 3504 499 3534 edit.
528 3503 620 3535 Leon.
646 3505 839 3536 conformiter
859 3506 924 3537 Mis.
954 3507 1035 3539 Thu.
1061 3508 1167 3539 Camb.
1186 3507 1218 3540 &

285 3545 343 3581 Joi.
364 3545 399 3575 Al.
407 3545 448 3575 ias
461 3545 620 3583 secundum
640 3547 804 3576 voluntates
825 3545 973 3576 bominum
987 3547 1054 3585 fieri
1073 3550 1218 3585 videatur,

285 3596 317 3616 in
339 3585 426 3617 editis
448 3584 556 3618 nostri.

324 3635 341 3656 c
365 3625 421 3656 Ms.
441 3623 549 3654 Camb.
568 3623 603 3657 ὅ(
625 3623 694 3654 edit.
715 3624 793 3660 Leo,
814 3626 903 3662 alias,
921 3626 1030 3664 fidvus
1049 3629 1098 3668 effe
1113 3628 1217 3670 potest.

323 3666 343 3696 d
365 3664 430 3696 Mis.
452 3664 558 3696 Camb-
580 3664 611 3694 &
631 3663 688 3698 Jol.
708 3663 923 3702 aesiimantium.

324 3714 339 3734 c
361 3706 408 3736 Sic
432 3704 488 3734 Ms.
509 3702 660 3740 Joxienfis,
681 3704 716 3734 ad
737 3715 825 3744 quem
844 3706 965 3745 propius
985 3708 1129 3739 accedunt
1152 3706 1218 3739 Mff.

284 3745 391 3776 Camb.
412 3744 443 3776 ἃ
464 3745 545 3776 Thu.
566 3743 615 3774 ubi
635 3751 736 3774 tamen
757 3754 825 3784 pro,
846 3746 879 3775 Si
899 3747 994 3784 enim,
1012 3748 1150 3784 habetur,
1170 3750 1218 3778 Sic

263 3793 265 3795 ’
282 3786 357 3815 enim
378 3784 437 3816 ἃς.
458 3793 491 3815 ut
513 3785 544 3814 in
567 3792 668 3818 textu.
698 3783 856 3815 Editiones
879 3785 1072 3826 Prosperianae
1092 3788 1123 3819 δι
1143 3789 1215 3819 Leo·

284 3825 379 3862 nina,
408 3826 442 3856 Si
462 3824 538 3856 enim
559 3823 675 3856 tollitur
695 3824 834 3856 voluntas
849 3845 859 3863 ‚
887 3826 938 3858 ubi
955 3828 1016 3870 ipsa
1035 3829 1072 3868 est
1092 3839 1224 3860 verarum

237 518 563 633 DE
727 508 2188 634 VOCATIONE

566 690 1137 747 OMNIUM
1243 685 1893 745 GENTIUM

365 747 1043 900 IGNOTI
1149 806 2093 883 AUCTORIS

677 944 1076 1000 LIBER
1157 942 1768 1012 PRlMUs.*

1481 1198 1846 1237 CAPUT
1920 1198 1971 1234 11.

1262 1300 1359 1336 Omni
1376 1299 1492 1337 animae
1511 1298 1661 1334 bumanae
1670 1297 1872 1334 naturaliter
1881 1295 1974 1342 ineffe
1983 1294 2200 1343 qnalemcum-

1313 1364 1373 1398 que
1391 1351 1619 1391 voluntatem,·
1645 1360 1716 1396 quae
1734 1358 1795 1382 aut
1815 1347 1977 1395 sensualis
1996 1372 2008 1390 ,
2042 1355 2099 1380 aut
2129 1343 2199 1380 am'-

1313 1401 1432 1445 malis,
1457 1409 1516 1435 aut
1536 1397 1703 1447 spiritalis
1723 1397 1788 1440 est,

1364 1505 1443 1540 Mni
1469 1505 1584 1540 animae
1609 1500 1762 1539 humanae
1779 1526 1791 1545 ,
1824 1509 1988 1548 quantum
2023 1495 2209 1544 intelligere

1269 1508 1361 1596 O
1390 1565 1486 1602 atque
1512 1557 1653 1602 experiri
1672 1553 1790 1595 datur,
1816 1550 2005 1588 naturaliter
2015 1546 2211 1598 qualiscum-

1263 1619 1334 1654 que
1359 1604 1444 1641 inest
1462 1603 1615 1640 voluntas
1627 1629 1640 1647 ,
1665 1616 1731 1651 qua
1749 1598 1766 1625 f
1780 1613 1836 1638 aut
1856 1604 2026 1649 appetitur
2036 1598 2130 1648 quod
2141 1596 2209 1645 pla·

1270 1666 1344 1698 cet,
1367 1665 1423 1690 aut
1448 1654 1634 1690 declinatur
1660 1653 1752 1701 quod
1763 1651 1933 1699 displicet.
1960 1652 2071 1696 Hujus
2090 1647 2211 1684 volun·

1270 1708 1365 1747 tatis,
1390 1715 1553 1751 quantum
1572 1703 1612 1739 ad
1633 1701 1814 1739 naturalem
1845 1703 1985 1747 pertinet
2012 1711 2145 1736 motum
2170 1708 2214 1732 ex

1270 1758 1356 1792 vitio
1383 1758 1498 1801 primae
1509 1750 1986 1801 praevaricationisinfirmum‚
2011 1761 2129 1797 genera
2140 1747 2215 1783 sunt

1269 1805 1364 1848 dun,
1389 1803 1569 1840 secundum
1596 1815 1670 1850 quae
1697 1800 1849 1838 voluntas
1876 1799 2046 1843 hominis,
2070 1809 2127 1834 aut
2144 1796 2216 1832 sen-

1271 1853 1388 1899 sualiS,
1413 1865 1469 1891 aut
1488 1852 1635 1890 animalis
1655 1851 1721 1889 est.
1746 1851 1810 1888 Sed
1827 1863 1907 1889 cum
1925 1848 2013 1886 adest
2023 1851 2123 1896 gratia
2135 1848 2216 1890 Dei,

1269 1905 1394 1942 accedit
1413 1907 1444 1940 ei
1466 1915 1525 1951 per
1545 1902 1673 1940 donum
1691 1901 1824 1952 spiritus
1846 1904 1983 1939 tertium
2013 1911 2114 1947 genus
2132 1923 2144 1941 ,
2178 1906 2218 1932 ut

1271 1955 1369 2003 poffit
1389 1954 1461 1990 fieri
1481 1952 1656 2001 spiritalis:
1688 1957 1723 1990 &
1751 1965 1811 2000 per
1829 1949 1920 1989 hunc
1947 1949 2218 1987 excellentiorem

1271 2016 1403 2043 motum
1422 2014 1539 2039 omncs
1564 2000 1684 2039 affe&u
1710 2002 1947 2050 undecumque
1974 1998 2138 2037 nascentes
2167 1995 2218 2033 su·

1272 2068 1383 2105 petnae
1401 2055 1536 2091 rationis
1555 2051 1628 2099 lege
1649 2051 1811 2097 dijudicet
1829 2078 1837 2088 .

1478 2157 1511 2192 C
1561 2154 1597 2188 A
1646 2155 1673 2192 P,
1723 2154 1758 2189 U
1809 2153 1844 2187 T

1535 2250 1593 2284 De
1610 2247 1782 2285 voluntati
1793 2249 1939 2296 sensuali
1947 2262 1959 2286 .’

1920 2154 2006 2188 111.

1338 2350 1486 2390 Ensualis
1512 2348 1799 2399 igitur2voluntas
1819 2377 1832 2395 ,
1866 2363 1966 2398 quam
1995 2355 2031 2388 &
2060 2347 2222 2388 carnalem

1363 2402 1473 2438 sumus
1499 2401 1631 2441 dicere,
1657 2413 1727 2435 non
1756 2403 1895 2445 erigitur
1923 2399 2018 2445 supra
2037 2414 2116 2437 eum
2145 2412 2220 2434 mo-

2295 1590 2310 1622 ¹

2237 2383 2392 2426 Injparvu-

2236 2426 2272 2456 lis
2280 2425 2320 2456 est
2330 2433 2394 2456 tan·

1275 2462 1370 2493 tum,
1395 2454 1454 2497 qui
1472 2450 1514 2485 de
1535 2451 1689 2493 corporis
1710 2446 1850 2482 senfibus
1869 2446 2032 2490 nascitur,
2058 2449 2163 2496 qualis
2174 2446 2221 2484 est
2236 2475 2300 2496 tum
2323 2476 2373 2498 νο,

1275 2504 1293 2529 8
1312 2504 1348 2535 in
1366 2502 1484 2534 animis
1503 2495 1740 2543 parvulorum:
1777 2498 1836 2542 qui
1864 2494 1941 2532 licet
1969 2497 2065 2534 nullo
2093 2499 2220 2546 judicio
2234 2506 2332 2537 luntas

1275 2548 1412 2580 rationis
1430 2555 1584 2584 utantur,
1612 2542 1790 2581 ostendunt
1817 2555 1929 2584 tamen
1948 2546 2075 2594 aliquid
2100 2549 2132 2585 st:
2151 2547 2219 2584 vel-
2234 2546 2388 2578 sensualis.

1276 2592 1330 2636 le,
1355 2593 1481 2641 aliquid
1501 2592 1613 2635 nolle,
1639 2606 1719 2630 cum
1729 2595 1896 2639 videndo,
1921 2597 2109 2642 audiendo,
2134 2598 2218 2635 odo-

1276 2644 1400 2686 raudo,
1426 2642 1609 2690 gustando,
1634 2645 1822 2691 tangendo,
1848 2649 1883 2682 δε
1914 2660 1950 2683 ea
1978 2647 2100 2695 quibus
2128 2647 2216 2685 dele-

1277 2695 1408 2730 &antur
1425 2704 1556 2736 amant,
1582 2698 1617 2730 ἃς
1636 2706 1671 2731 ea
1688 2694 1808 2742 quibus
1826 2695 2043 2734 offenduntur
2063 2699 2219 2736 oderunt.

1276 2740 1296 2766 ¹²
1323 2743 1418 2789 Quid
1437 2754 1547 2779 autem
1567 2742 1615 2779 est
1633 2756 1760 2788 amare,
1787 2744 1844 2781 nifi
1865 2746 1973 2783 velle?
1996 2761 2052 2785 aut
2072 2749 2152 2797 quid
2173 2747 2220 2784 est

1276 2793 1400 2836 odiffe,
1427 2793 1484 2829 nifi
1501 2792 1616 2830 nolle?
1641 2793 1777 2832 Habent
1796 2806 1880 2842 ergo
1900 2801 1998 2834 etiam
2017 2799 2076 2846 ipfi
2097 2799 2218 2835 volun-

1276 2855 1379 2881 tatem
1399 2843 1509 2886 suam,
1536 2841 1629 2891 iquse
1650 2845 1707 2881 etfi
1728 2840 1928 2893 prdvidendi
1954 2852 1988 2884 &
2017 2848 2214 2886 consulendi

1277 2897 1509 2942 impiosatque
1519 2897 1629 2940 ignara
1647 2895 1704 2932 fit:
1731 2899 1765 2930 in
1793 2894 1847 2931 his
1867 2907 1976 2934 tamen
1994 2911 2085 2936 amat
2115 2911 2213 2946 agere

1277 2957 1351 2992 quae
1368 2948 1475 2980 carnis
1494 2942 1636 2982 senfibus
1655 2944 1893 2988 blandiuntur,
1919 2947 2029 2983 donec
2048 2948 2148 2996 vigor
2167 2961 2217 2985 ra·

1277 2993 1409 3032 tionalis
1426 2997 1544 3041 ingenii
1565 3007 1626 3043 per
1652 2998 1832 3032 maturiora
1860 2996 2039 3034 ministeria
2065 3001 2218 3046 corporis

1278 3049 1440 3082 excitetur
1459 3069 1471 3087 ‚
1505 3048 1540 3080 &
1566 3044 1608 3080 ad
1640 3044 1873 3082 famulantium
1900 3045 1959 3083 fibi
1987 3047 2218 3085 membrorum

1278 3095 1394 3140 usum,
1420 3106 1491 3131 non
1509 3090 1529 3118 ¹<
1545 3093 1652 3135 alieno
1671 3107 1755 3133 nutu
1766 3121 1779 3140 ,
1803 3094 1858 3132 sed
1875 3095 1930 3134 sua
1947 3096 2021 3146 lege
2029 3109 2216 3141 moveatur·

1779 3304 1882 3349 Qq‘l
2081 3304 2164 3339 CA-

1277 3346 1354 3386 origo
1374 3343 1539 3376 virtutum?
1557 3347 1591 3378 Si
1605 3347 1721 3379 tollitur
1734 3352 1850 3388 gratia,
1871 3346 1922 3377 ubi
1942 3347 2001 3388 ipla
2023 3347 2060 3387 esi
2082 3349 2215 3379 bonorum

1277 3387 1368 3425 cauffa
1383 3388 1543 3416 meritorum
1550 3387 1570 3415 Ρ

1318 3428 1328 3455 i
1348 3427 1408 3497 gs.
1434 3424 1588 3464 Jolienfis,
1608 3437 1662 3458 aut
1682 3429 1790 3468 appetit
1806 3428 1883 3467 quod
1899 3427 1999 3468 placet
2012 3449 2022 3464 ‚
2048 3437 2100 3458 aut
2123 3428 2212 3459 decli-

1277 3476 1330 3496 nat
1382 3477 1407 3498 c.

1320 3518 1340 3546 g
1362 3507 1463 3538 Editio
1486 3508 1579 3538 Leon.
1600 3518 1649 3548 op.
1668 3507 1786 3538 omittit
1806 3507 2058 3548 ptaepofitionem,
2077 3508 2124 3539 in.

1321 3548 1341 3578 h
1363 3547 1419 3578 Ms.
1438 3548 1618 3578 Camberon.
1636 3548 1723 3587 ,Quid
1741 3548 1778 3586 est
1798 3549 1871 3578 mim
1893 3568 1902 3578 .
1921 3569 1929 3578 .
1950 3569 1962 3578 .
1979 3565 1990 3577 0
2010 3549 2048 3579 <9¹
2068 3549 2141 3587 quid
2159 3548 2215 3588 est.

1283 3587 1366 3619 Edit.
1386 3588 1478 3618 Leon.
1499 3586 1531 3617 &
1550 3587 1607 3617 Ms.
1627 3587 1684 3622 Jol.
1704 3589 1742 3619 <9⁶
1762 3589 1832 3628 quid
1850 3586 1903 3625 est.
1922 3587 2029 3627 pariter
2049 3587 2154 3620 habet.

1323 3629 1331 3657 i
1355 3628 1413 3657 Ms.
1438 3627 1571 3663 Joiiensis
1590 3628 1729 3666 impotens
1749 3638 1836 3667 atque
1855 3629 1957 3668 ignara
1965 3627 2020 3666 esi.
2041 3627 2215 3660 MfiCatnb.

1280 3667 1311 3698 &
1338 3668 1430 3701 Leon.
1451 3678 1499 3707 op.
1521 3678 1580 3706 quae
1601 3668 1640 3698 (θ’
1653 3668 1825 3707 providendi
1846 3671 1885 3699 <9-
1905 3667 2215 3709 consulendiimposat·

1279 3719 1334 3747 que
1353 3709 1455 3746 ignara
1477 3707 1532 3746 est.
1551 3709 1586 3736 1η
1606 3706 1652 3737 his
1672 3717 1785 3738 tamen.

1318 3748 1337 3776 k
1360 3747 1407 3778 Ita
1429 3748 1496 3779 ΜΠ.
1516 3747 1621 3779 Camb.
1640 3747 1721 3779 Thu.
1743 3747 1774 3780 δε
1803 3747 1862 3785 Jol.
1890 3748 1975 3781 Editi
2003 3757 2094 3787 ante,
2122 3749 2215 3780 alieno

1285 3797 1384 3822 motu.

2293 2748 2314 2778 h

2299 2865 2311 2898 ἰ
