2652 4126
138 347 264 391 Ibidem·

585 160 692 217 DE
735 156 928 219 V1TA
974 158 1690 219 CoNTEMPLATth.
1735 156 1863 216 Lib.
1907 161 1975 216 ΙΙ.

307 257 405 305 jcffi.
433 255 542 304 Quod
566 257 693 295 faciunt
719 255 797 299 illi,
822 260 882 305 qui
907 255 1058 304 castigati
1095 255 1242 293 libenter

306 312 478 358 accipiunt
487 333 500 352 ,
509 321 572 344 nec
583 305 835 356 increpantibus
844 306 1083 346 contradicunt
1097 334 1107 343 .
1131 304 1242 354 Quod

309 373 396 398 vero
421 363 487 397 ait:
513 358 574 406 Ipsi
598 360 679 395 enim
703 358 901 403 pervigilant
920 382 933 400 ‚
966 357 1053 403 quafi
1089 360 1241 394 rationem

308 412 464 454 reddituri
486 418 543 456 pro
567 406 730 445 animabus
756 405 888 450 vestriss
915 406 1157 446 sacerdotalem
1186 419 1243 444 cu-

309 474 386 500 ram
411 474 478 509 pro
502 457 636 509 populo
661 455 721 493 fibi
747 456 926 497 commisso
951 455 1024 497 satis
1058 457 1207 495 ostendit
1228 483 1242 501 ‚

311 515 372 561 qui
398 521 469 548 tam
493 514 531 554 in
554 507 617 546 suis
641 505 772 544 astibus
790 533 802 550 ,
828 520 932 556 quam
967 511 1003 546 in
1029 507 1242 557 praedicatio-

310 561 411 608 nibus
436 559 637 609 vigilantes,
662 555 809 594 sollicite
834 557 945 595 hostis
961 561 1094 607 antiqui
1119 561 1243 596 riman-

312 623 369 650 tur
394 602 548 652 insidias,
573 621 615 645 ne
641 620 769 656 quem,
797 608 890 647 velut
913 607 1106 645 dormiente
1134 608 1244 658 pasto-

312 677 373 708 re,
389 657 433 708 ,[ις
459 673 497 700 us
521 663 537 686 ⁸
559 656 716 697 diabolus
751 657 856 697 astuta
890 657 1007 700 fraude
1043 657 1207 708 subripiat
1229 685 1242 702 ,

312 717 354 752 δι7
374 708 409 756 ia
457 721 596 748 amnum
632 708 777 757 pastoris
809 707 1020 758 abreptum,
1055 708 1168 749 fecum
1193 709 1242 747 us-

312 761 446 815 quead
469 759 635 810 supplicia
660 757 862 808 sempiterna
889 757 1054 808 perducat
1071 787 1079 795 .
1106 763 1241 798 Verum

307 806 392 862 ‚quia
417 824 461 849 ex
486 809 540 848 his
564 812 623 859 qui
648 818 835 858 arguuntur
853 834 867 853 ‚
890 808 997 857 aliqui
1023 807 1054 845 st
1081 808 1240 847 obedien-

307 857 362 905 ‚tes
387 860 569 907 emendat,
593 859 697 908 aliqui
723 862 758 895 in
784 858 838 895 sua
871 858 1092 907 perversitate
1117 860 1241 908 perdu—

311 923 411 956 rant,
437 911 517 949 ideo
543 910 585 947 de
611 908 840 950 ficerdotibus
866 912 932 946 ait:
957 915 1012 951 vt
1035 921 1107 950 cum
1127 913 1244 955 gaudio

276 999 285 1007 „
311 964 368 1002 boc
386 964 536 1010 faciant,
561 962 605 998 ό·
629 973 687 997 non
707 969 868 1005 gementes
885 987 893 996 .
929 959 1023 998 Cum
1049 960 1175 1007 gaudio
1200 961 1244 998 sa-

311 1014 469 1052 cerdotes
493 1009 512 1039 ῖ’
530 1021 698 1059 arguunt,
724 1010 864 1059 quando
875 1013 1027 1058 correpti
1038 1011 1247 1058 proficiunts

312 1069 348 1103 &
373 1064 486 1102 tristes
511 1060 583 1098 hoc
608 1060 734 1097 faciunt
753 1086 765 1103 ,
799 1060 937 1109 quando
963 1059 995 1097 se
1022 1059 1112 1097 nihil
1138 1063 1246 1110 profi-

308 1129 389 1153 cere
401 1119 437 1157 in
461 1113 526 1155 suis
552 1110 848 1162 contemptoribus
870 1109 1112 1159 ingemiscunt:
1140 1125 1178 1150 ac
1203 1112 1247 1148 fic

310 1165 384 1204 hoc
409 1164 494 1205 dicit
519 1162 587 1203 illis
614 1157 800 1211 expedire,
826 1171 864 1199 ut
887 1173 967 1198 cum
988 1161 1119 1210 gaudio
1138 1187 1150 1205 ,
1176 1176 1247 1199 non

312 1226 489 1265 gementes
514 1227 573 1250 eos
599 1216 777 1262 increpent
801 1210 1013 1255 sacerdotes,
1038 1216 1098 1261 qui
1126 1212 1248 1250 docto-

311 1280 367 1305 res
391 1266 470 1305 suos
504 1263 560 1303 sua
585 1265 801 1307 correstione
824 1261 1000 1302 letificant
1017 1288 1028 1306 ‚
1054 1267 1090 1299 &
1123 1276 1245 1303 eorum

310 1316 434 1369 gaudia
461 1319 688 1364 incremento,
702 1312 750 1361 sui
774 1311 950 1364 profefflis
975 1313 1209 1355 accumulant.

517 1419 549 1455 c
601 1418 636 1457 A
678 1391 811 1462 ¹1²'J1'J'
849 1416 885 1451 T
959 1417 1036 1454 1v.

314 1510 578 1568 οΒῙΕζζΤΙος
608 1503 915 1569 ,Quarefixcerdotes
943 1514 1048 1560 [αηὶΞί
1066 1541 1079 1559 ,
1114 1528 1245 1562 quorum

365 1567 512 1616 curaevfiqst
531 1567 653 1615 perdite
679 1569 835 1603 viventes
860 1578 990 1611 avguere
1007 1591 1021 1610 2
1049 1565 1246 1612 simulatores

366 1622 521 1669 religionis
535 1619 770 1667 ‘aequanimiter
778 1616 889 1667 ferant
898 1643 908 1658 ,

320 1735 353 1761 x.
479 1720 622 1763 ,Ecdum
650 1719 845 1759 sermonem
869 1720 915 1759 de
939 1718 1170 1759 sacerdotibus
1179 1719 1251 1756 ian-

512 1774 598 1816 ἂὶς,
623 1771 713 1815 unde
738 1771 838 1820 plura
857 1770 972 1809 dicere
991 1769 1162 1814 conabar,
1176 1774 1249 1808 rim·

315 1824 520 1875 pleveram,
542 1835 626 1864 cum
644 1835 722 1862 ecoe
747 1820 790 1859 ad
812 1834 871 1859 me
895 1821 1037 1871 quidam
1055 1822 1098 1858 de
1124 1820 1251 1859 nostris

314 1871 505 1923 ingressus,
524 1872 614 1923 ¹quid
638 1872 804 1909 diffitarem
829 1877 844 1897 c
870 1872 1022 1910 curiosus
1041 1876 1250 1920 interrogat.

318 1928 391 1964 Cui
415 1937 497 1963 cum
521 1926 659 1962 recitari
679 1919 846 1959 feciss‘em:
872 1925 1027 1967 omnes,
1052 1925 1187 1971 inquit,
1211 1924 1258 1958 E·

314 1974 481 2026 piscopos
505 1973 590 2011 tales
613 1971 679 2010 ess'e
702 1971 827 2009 debere
847 1999 860 2017 ‚
893 1973 1009 2021 quales
1039 1985 1118 2012 tuus
1144 1972 1257 2010 sermo

315 2025 492 2073 descripsit
509 2050 523 2068 ,
556 2028 593 2061 δε
617 2035 708 2059 nunc
734 2019 797 2060 effe
822 2022 938 2071 plures
970 2024 1063 2073 apud
1088 2036 1151 2060 nos
1186 2021 1258 2071 ple-

314 2085 383 2116 nos
396 2070 672 2116 *sacerdotalibus
697 2070 819 2110 bonis,
844 2072 956 2117 qualia
982 2077 1148 2110 veraciter
1174 2086 1259 2120 prae·

314 2119 437 2162 die-sti
456 2145 471 2164 ‚
495 2117 642 2156 dubium
674 2130 747 2155 non
771 2116 821 2154 est
839 2131 851 2155 3
875 2118 932 2155 led
958 2132 1038 2158 cum
1065 2122 1108 2158 ad
1131 2134 1255 2157 eorum

316 2170 490 2223 ,probetur
509 2167 675 2206 officium
700 2170 874 2217 pertinere
892 2192 904 2209 ‚
938 2178 977 2205 ut
1003 2172 1184 2218 inquietos
1211 2169 1258 2205 sa-

321 2220 492 2268 cerdotali
504 2221 718 2260 *sufforitate
743 2220 934 2267 corripiant
946 2243 959 2261 ,
984 2219 1084 2256 rudes
1095 2218 1243 2255 doceant
1253 2244 1266 2261 ,

317 2271 597 2318 ,contradicentes
621 2268 879 2307 ssnaedoetrinae
898 2267 1128 2317 redarguant‚·
1153 2266 1264 2318 dquid

321 2322 373 2361 est
397 2321 494 2371 quod
519 2334 590 2357 non
617 2323 654 2356 in
677 2332 798 2356 ornnes
825 2317 899 2355 haec
925 2331 1050 2357 eorum
1075 2333 1156 2357 cura
1183 2333 1264 2368 por—

317 2376 560 2422 rigimus-cur
585 2383 657 2408 non
681 2374 718 2411 δε
742 2369 830 2409 alios
857 2367 958 2410 simili
987 2372 1192 2408 auctoritate
1212 2383 1264 2406 ca-

292 2450 294 2453 s
321 2421 485 2468 stipati.
496 2415 594 2464 ¹illos
611 2419 722 2463 dieo,
733 2423 802 2468 ,qui
812 2419 909 2456 velut
932 2420 1090 2457 conversi
1102 2445 1115 2464 ,
1139 2433 1182 2456 ex
1193 2424 1264 2467 pri-

325 2460 608 2517 stinismori'bus
629 2467 723 2510 nihil,
746 2467 934 2512 abiiciunt,
959 2482 1033 2506 non
1056 2479 1171 2506 mente
1191 2481 1266 2504 mu-

291 2532 294 2535 ·
320 2513 634 2563 ,tati‚r.sed⁴vestc‚
659 2517 840 2560 neczastu,
866 2517 922 2555 sed
946 2517 1088 2555 habitu.

344 2584 359 2608 ,·
379 2581 416 2609 3.
439 2564 618 2610 Hifitnt,
643 2567 703 2612 qui
729 2563 885 2602 sermone
909 2573 1163 2611 tantum‚·non
1183 2574 1264 2609 ope-

327 2615 542 2664 1e„saeculo
566 2611 766 2655 renuntiasse
800 2615 955 2650 contenti
981 2610 1182 2650 saeculariter
1215 2614 1265 2648 vi—

266 2704 269 2705 ⁷
330 2679 439 2716 vunt,
462 2672 500 2707 ἃ
522 2669 612 2706 ,vitia
636 2664 692 2702 sua
715 2666 807 2701 inani
841 2661 1047 2712 proieffione
1080 2665 1160 2699 vitae
1194 2675 1267 2701 me-

329 2720 437 2765 limis.
453 2714 667 2756 abscondunt
678 2741 690 2758 ,
716 2727 757 2755 ac
771 2713 957 2762 religionis
968 2712 1182 2761 .imaginariae
1206 2725 1267 2749 no-

324 2774 428 2812 mine
453 2759 618 2818 palliati,
642 2768 847 2813 opinionem
873 2766 1012 2803 virtutis
1039 2775 1106 2812 pro
1137 2766 1266 2800 virtute

331 2818 539 2868 suscipiuntt
560 2814 752 2866 praedicant
777 2826 897 2861 magna
915 2837 928 2856 ,
954 2827 1017 2850 nec
1046 2813 1192 2853 faciunts
1217 2826 1269 2850 ac-

334 2868 453 2914 cusant
478 2870 586 2909 vitia,
609 2865 886 2915 necdeponunt:
911 2862 1049 2912 publice
1067 2862 1269 2912 fibinispli-

328 2914 414 2959 >cert
429 2917 615 2960 fimulant,
638 2915 735 2964 quod
762 2914 899 2954 occulte
924 2917 1150 2952 committunt
1169 2928 1179 2950 2
1202 2926 1274 2951 ma-

337 2973 398 3020 gui
415 2966 553 3011 student
579 2966 712 3010 videri,
727 2978 815 3008 -non
834 2966 910 3004 fieri
931 2978 942 3001 t
975 2969 991 2990 ‘²
1018 2964 1156 3002 laudant
1181 2977 1240 3001 eos
1255 2989 1272 3007 ‚

338 3030 501 3070 quorum,
515 3019 657 3065 cupiunt
668 3015 908 3064 praedicatione
926 3014 1077 3055 laudari:
1103 3016 1248 3063 jejunant
1257 3040 1271 3058 ,

340 3081 382 3109 ut
406 3066 596 3115 vultusisui
623 3066 792 3116 pallorem
804 3065 1000 3115 perniciofis
1026 3064 1179 3102 laudibus
1192 3079 1272 3102 ven—

341 3114 424 3158 dant
437 3112 454 3156 .’
472 3117 533 3163 Ad
553 3115 853 3170 reprehendendos
872 3117 956 3154 alios
975 3120 1130 3165 promti,
1157 3115 1188 3153 st:
1200 3129 1271 3152 non

342 3173 521 3221 patiuntur.
545 3181 566 3204 a
589 3166 799 3215 quibuslibet
826 3167 881 3203 vel
906 3163 922 3189 f
942 3166 1065 3205 leviter
1089 3167 1274 3215 reprehen—

343 3221 402 3258 di.
427 3219 487 3266 Ad
511 3217 631 3255 faciem
661 3217 834 3267 publicam
868 3220 1067 3266 patientiam
1102 3217 1235 3265 fingunt
1259 3242 1272 3260 ,

343 3276 382 3309 &
408 3273 444 3307 in
468 3272 586 3307 animo
621 3268 803 3306 iracundiae
829 3271 923 3305 virus
956 3266 1165 3304 abscondunt
1184 3294 1195 3311 ,
1229 3267 1272 3304 ad

347 3320 544 3362 nocendum
570 3322 703 3368 parati,
727 3331 807 3357 cum
832 3318 980 3355 nocendi
1013 3328 1149 3368 tempus
1184 3323 1278 3355 inve-

385 3468 478 3508 ans.
497 3466 585 3500 eolb.
606 3475 705 3502 unua,
717 3466 819 3506 lupus,
838 3467 932 3506 idest,
952 3467 1103 3501 diabolus.

385 3511 407 3541 b
426 3506 475 3541 aas.
486 3518 560 3540 unus
568 3505 795 3576 addithemfli.
914 3504 919 3510 “

387 3561 404 3582 c
424 3549 479 3581 ΜΠ.
500 3546 673 3583 Colb.duo‚
709 3548 846 3585 uviosiias.

388 3592 407 3622 d
428 3588 573 3620 wls-Com
583 3596 677 3623 unus,
695 3597 781 3626 quare
795 3598 849 3619 non
863 3589 904 3619 ad
917 3587 1076 3621 omneshaec
1083 3597 1176 3619 eorum
1190 3597 1278 3618 corre-

347 3630 401 3663 Hb
407 3629 580 3672 porrigitur.

385 3682 402 3702 e
423 3671 477 3702 ms.
487 3678 579 3703 unus,
601 3667 771 3698 laudantes.

382 3712 401 3746 ἱ
419 3711 501 3741 Edit.
511 3707 604 3748 Lugd.
613 3707 732 3738 leniter.

429 3748 482 3782 nass
499 3757 644 3789 quatuor,
661 3745 902 3787 adglutinantur.

386 3761 411 3823 ξ
431 3790 578 3824 Mss.tres,
604 3795 799 3823 nonpereant.

390 3831 402 3863 i
421 3830 482 3864 uss.
489 3838 634 3873 quatuor,
654 3825 836 3868 laffabundi.

2160 188 2222 239 23

1302 259 1435 292 nei-int:
1463 257 1601 294 suorum
1628 259 1765 295 adinum
1793 258 2017 307 negligentes,
2044 260 2129 296 fiunt
2147 263 2228 299 alio-

1302 319 1379 342 rum
1405 311 1543 355 procaci
1569 307 1726 346 libertate
1751 308 1923 346 censores.
1950 310 2172 358 Impudenter
2197 312 2228 347 se

1303 354 1431 393 assuunt
1442 357 1629 405 virginibus
1655 358 1751 396 sacris
1777 372 1816 395 ac
1841 359 1975 403 viduis,
2001 357 2228 408 quibustanto

1303 410 1319 437 8
1344 407 1589 455 inglutinantur
1615 407 1759 453 affeetu,
1785 420 1823 446 ut
1848 409 1985 448 facilius
2005 408 2048 447 ab
2073 410 2228 447 Ecclefiae

1304 460 1318 499 (
1342 457 1555 504 quoddistu
1580 471 1719 507 quoque
1744 460 1833 498 nefas
1858 459 1907 498 est
1931 461 1946 501 )
1981 473 2083 509 quam
2107 459 2153 497 ab
2178 473 2230 497 ea·

1303 520 1381 545 rum
1407 511 1654 545 communione
1679 509 1867 547 discedant.
1897 514 1970 558 Qui
1997 511 2056 548 etsi
2080 523 2161 549 cum
2191 510 2229 547 il—

1303 556 1343 596 lis
1368 558 1459 595 sorte
1485 566 1556 596 nori
1579 555 1598 581 ¹¹
1624 571 1786 607 peccant,
1811 571 1926 598 tamen
1951 562 2049 598 malae
2072 560 2229 610 suspicioe

1304 610 1355 643 nis
1381 609 1422 644 de
1449 608 1479 647 se
1499 607 1682 657 praebendo
1700 614 1901 656 materiam,
1927 615 2034 649 vitam
2059 610 2151 649 suam
2161 624 2231 648 ma-

1303 658 1388 699 culis
1413 658 1549 698 sinistrae
1574 663 1750 708 opinionis
1775 661 1956 698 infamant.

1358 721 1386 755 3.
1413 711 1530 746 Taceo
1557 709 1599 746 de
1624 710 1714 753 illis,
1739 714 1800 759 qui
1826 712 1973 750 undante
1999 709 2008 734 ¹
2033 711 2228 761 lapsabundi

1302 762 1462 807 corporis
1488 770 1609 803 motu,
1634 760 1858 799 defluentibus
1884 766 1919 799 in
1937 763 2025 800 talos
2052 763 2233 800 vestimen-

1301 812 1344 844 tis
1371 809 1531 846 incedunt
1549 835 1562 853 ,
1597 815 1630 846 δι
1667 816 1762 859 vagis
1789 813 1936 850 laterum
1972 813 2118 850 flexibus
2143 825 2229 861 quo-

1304 858 1494 895 dammodo
1515 859 1737 904 fluetuantes‚
1762 865 1958 900 animorum
1978 862 2233 902 dissolutionem

1305 908 1456 955 vestigiis
1481 909 1607 946 Γιηυοῐξι
1628 910 1820 948 mobilitate
1845 913 2040 951 nutantibus
2060 913 2233 963 produnt.

1305 958 1391 996 Illos
1418 961 1492 1007 quis
1518 959 1624 1003 ferat,
1649 965 1706 1009 qui
1733 958 1752 985 ¹‘
1787 961 1996 1000 adumbratae
2029 963 2236 1013 praetenden-

1307 1019 1358 1048 tes
1385 1006 1572 1045 honestatis
1600 1014 1807 1056 imaginem,
1831 1012 1874 1049 ad
1899 1011 1969 1049 hoc
1990 1015 2234 1062 pupillorum,

1307 1073 1347 1096 ac
1383 1058 1565 1096 viduarum
1601 1060 1710 1098 causas
1732 1089 1744 1106 ‚
1782 1062 1876 1099 velut
1910 1064 2049 1101 tuendas
2084 1062 2236 1100 fimulata

1307 1113 1431 1159 pietate
1459 1109 1662 1158 suscipiunt,
1688 1123 1727 1149 ut
1750 1125 1867 1149 earum
1893 1113 2066 1151 facultates
2091 1114 2155 1150 suis
2182 1112 2237 1148 ad-

1307 1162 1443 1208 jiciant,
1470 1164 1505 1197 &
1530 1160 1655 1211 divites
1681 1175 1724 1198 ex
1753 1162 1957 1211 pauperibus
1983 1165 2086 1207 faeti,
2112 1164 2166 1201 vel
2192 1176 2235 1200 ex

1307 1209 1473 1249 divitibus
1500 1210 1663 1254 ditiores,
1689 1221 1825 1253 tenuem
1863 1213 1998 1250 censum
2025 1213 2034 1237 ¹
2062 1228 2121 1262 per
2146 1213 2236 1251 nefas

1306 1260 1550 1300 accumulent:
1585 1251 1623 1298 bt
1695 1276 1727 1299 m
1756 1264 1881 1300 fuerint
1916 1264 2107 1301 exundante
2134 1266 2237 1312 patri—

1304 1315 1429 1350 monio
1454 1310 1665 1360 sumptuofio
1684 1327 1718 1350 es
1743 1313 1876 1354 effet‘th
1903 1318 2142 1363 numquam-¹¹¹
2170 1327 2237 1350 ma-

1307 1367 1391 1401 teria
1418 1361 1606 1410 voluptatis
1632 1363 1720 1411 gulae
1746 1365 1808 1402 suae
1832 1365 1966 1402 deficiat
1990 1367 2002 1400 ?
2027 1368 2105 1402 Hos
2133 1367 2238 1412 igitur

1306 1413 1389 1451 tales
1415 1425 1518 1461 quare
1546 1426 1616 1450 non
1642 1427 1788 1462 arguunt
1806 1441 1817 1456 ,
1852 1418 1910 1463 qui
1945 1415 2107 1463 arguendi
2145 1424 2238 1462 pote-

1307 1462 1428 1503 statem
1455 1462 1620 1500 divinitus
1646 1467 1872 1516 acceperunt?
1899 1470 1915 1490 ¹²
1942 1469 2025 1502 Non
2053 1476 2238 1507 verentur,

1307 1527 1350 1552 ne
1383 1514 1473 1552 forte
1508 1526 1587 1551 cum
1623 1525 1694 1559 tam
1730 1514 1895 1563 flagitiose
1930 1515 2123 1554 viventibus
2167 1527 2240 1563 par-

1308 1575 1391 1603 cunt
1410 1590 1422 1607 ‚
1448 1563 1629 1601 videantur
1664 1565 1812 1613 probare
1847 1579 1921 1614 quae
1947 1566 2107 1604 faciunt?
2143 1564 2242 1611 Quid

1310 1614 1407 1664 quod
1432 1628 1498 1655 eos
1514 1617 1620 1652 etiam
1646 1616 1687 1652 ad
1724 1617 1880 1655 officium
1906 1616 2084 1654 clericatus
2121 1615 2243 1654 admit-

1309 1675 1408 1707 tunt,
1434 1669 1469 1700 δι
1495 1668 1510 1708 (
1535 1664 1628 1712 proh
1655 1666 1744 1703 nefas
1770 1671 1784 1709 )
1808 1667 1899 1715 quasi
1925 1679 2046 1714 parum
2081 1666 2120 1703 fit
2147 1662 2243 1713 quod

1310 1715 1394 1754 tales
1417 1714 1622 1750 diffimulata
1647 1714 1824 1755 scveritate
1850 1728 1922 1756 non
1956 1719 2129 1764 increpant
2150 1739 2163 1757 ,
2198 1716 2248 1749 in-

1310 1765 1412 1816 super
1437 1768 1473 1805 &
1498 1761 1702 1801 honorant?

1535 1868 1907 1907 CAPUT
1987 1871 2031 1906 V.

1387 1965 1564 2014 Responsio:
1590 1963 1660 2002 vbi
1672 1955 1871 2009 ostenditur,
1896 1966 2008 2012 quibus
2032 1968 2186 2010 exigenti·

1470 2016 1528 2055 bus
1553 2014 1674 2062 caulis,
1699 2017 1905 2062 quorumdam
1927 2014 2095 2059 infirmitas

1630 2064 1740 2104 blande
1765 2065 1922 2104 crucietur
1936 2091 1945 2102 .

1330 2180 1360 2204 x.
1389 2170 1534 2254 EGo
1559 2183 1666 2206 vet-oe
1693 2173 1727 2206 Si
1752 2169 1899 2213 recolis,
1925 2174 2087 2219 inquam,
2111 2169 2197 2219 quid
2215 2169 2257 2206 de

1494 2216 1614 2257 sanctis
1639 2218 1869 2255 ficerdotibus
1894 2220 1996 2256 fiierit
2030 2220 2260 2268 disputatum,

1326 2265 1498 2306 sufficiens
1524 2269 1687 2319 accepisti
1721 2268 1919 2317 responsum
1938 2295 1948 2303 .
1985 2269 2140 2306 Ecclesiae
2165 2273 2262 2318 quip-

1326 2330 1370 2366 pe
1395 2317 1599 2356 doctoribus
1619 2345 1632 2363 ‚
1667 2319 1750 2356 ficut
1783 2318 1882 2367 supra
1918 2322 1983 2364 jam
2020 2320 2169 2355 diximus
2189 2344 2201 2361 ,
2227 2323 2262 2355 &

1325 2367 1461 2405 censura
1487 2367 1585 2405 iness‘e
1610 2368 1739 2409 debet,
1764 2380 1802 2404 ut
1826 2380 1992 2413 argu-ann·
2017 2373 2053 2403 &
2075 2372 2262 2414 patientia,

1324 2416 1561 2456 utvemendari
1587 2416 1744 2447 nolentes
1768 2415 1908 2448 fortiter
1932 2415 2040 2450 ferant
2060 2439 2073 2457 ,
2099 2415 2263 2463 apostoli-

1323 2477 1368 2499 co
1391 2460 1625 2496 satisfacientes
1639 2462 1814 2509 imperio,
1840 2465 1900 2509 qui
1928 2463 2125 2501 Timotheo
2152 2471 2262 2515 ‘’prae-

1325 2512 1443 2556 cepit,
1468 2508 1603 2545 dicens:
1629 2515 1767 2555 Argue,
1792 2510 1916 2554 obsecra
1936 2538 1946 2554 ‚
1972 2517 2098 2560 increpa
2121 2519 2156 2552 in
2179 2519 2262 2554 omni

1324 2560 1483 2605 patientia
1509 2560 1554 2597 &
1577 2560 1734 2597 doctrina.
1762 2561 1865 2607 Quafi
1891 2562 2041 2600 diceret:
2070 2568 2186 2613 Argue
2204 2579 2262 2603 co-

1325 2608 1468 2658 aequales
1490 2634 1502 2651 ,
1536 2607 1674 2646 obsecra
1699 2609 1844 2648 seniores
1864 2638 1877 2655 ‚
1913 2616 2049 2662 increpa
2076 2616 2226 2661 juniores
2246 2628 2260 2652 ’.

1329 2658 1393 2696 Sed
1419 2669 1604 2708 propterea
1629 2660 1782 2705 addidit,
1807 2669 1845 2699 In
1870 2667 1952 2701 omni
1972 2668 2132 2710 patientia
2157 2668 2261 2704 &do-

1328 2709 1452 2747 ffrina:
1480 2713 1557 2756 quia
1585 2710 1707 2747 leniter
1732 2710 1911 2760 castigatus
1936 2713 2081 2751 exhibet
2107 2728 2262 2752 reveren-

1329 2763 1414 2796 tiam
1440 2759 1636 2808 castigantis
1663 2760 1839 2811 asperitate
1864 2774 1978 2801 autem
2015 2768 2130 2802 nimiae
2157 2770 2261 2803 incre-

1331 2812 1479 2859 pationis
1498 2809 1641 2847 offensus
1652 2824 1714 2848 nec
1733 2816 2005 2862 increpationem
2030 2819 2174 2864 recipit,
2200 2830 2263 2853 nec

1331 2860 1471 2897 salutem
1491 2888 1498 2896 .
1533 2865 1621 2898 Item
1647 2861 1718 2898 alio
1753 2863 1835 2899 loco
1869 2864 1959 2900 idem
1987 2866 2180 2914 Apostolus
2212 2866 2263 2903 di-

1333 2915 1400 2948 cit:
1425 2917 1487 2948 Vos
1512 2916 1568 2958 qui
1587 2910 1741 2954 firmiores
1765 2912 1855 2956 estis,
1879 2913 2116 2951 imbecillitates
2136 2919 2155 2946 Β
2179 2915 2263 2960 infir.

1330 2965 1466 2998 miorum
1495 2961 1643 3006 sustinete
1662 2991 1670 2999 .
1707 2962 1878 3000 Sustinent
1911 2977 1995 3012 ergo
2030 2969 2263 3013 aequanimiter

1326 3023 1370 3051 2ut
1407 3012 1563 3050 infirmos
1592 3037 1604 3055 ,
1646 3026 1734 3061 quos
1768 3014 1947 3051 emendare
1980 3027 2051 3051 non
2085 3020 2263 3064 potuerint

1329 3062 1512 3111 castigatos
1534 3090 1543 3098 .
1579 3063 1728 3100 Proinde
1761 3067 1840 3112 quia
1876 3078 1939 3101 nec
1963 3069 1981 3095 ‘1
2019 3064 2191 3114 objurgari
2226 3080 2264 3104 o-

1332 3126 1429 3151 mnes
1466 3113 1605 3161 expedit
1638 3138 1651 3156 ,
1686 3126 1748 3150 nec
1782 3128 1901 3152 omnes
1934 3114 2057 3151 blande
2088 3118 2225 3153 tractari
2252 3131 2263 3156 3

1328 3163 1441 3203 ,sciunt
1467 3163 1572 3201 saneti
1597 3163 1783 3201 sacerdotes
1809 3176 1910 3214 atque
1934 3165 2151 3209 discernunt,
2176 3179 2263 3215 quos

1333 3213 1477 3251 debeant
1519 3225 1707 3262 temperata
1750 3214 1924 3253 leveritate
1970 3220 2146 3265 corripere
2175 3243 2186 3260 ,
2228 3222 2264 3254 δε

1335 3278 1422 3313 quos
1455 3264 1655 3301 sacerdotali
1701 3269 1977 3313 magnanimitate
2014 3277 2153 3314 portare
2183 3281 2197 3302 .-
2228 3272 2264 3304 δε

1334 3315 1413 3352 ideo
1438 3318 1596 3352 omnium
1621 3328 1708 3365 quos
1732 3327 1794 3364 per
1827 3318 1896 3353 Dei
1928 3319 2072 3365 gratiam
2107 3327 2225 3353 curant
2250 3343 2263 3360 ‚

2145 3379 2214 3403 non

1368 3465 1400 3495 “k
1419 3464 1474 3496 Hae
1483 3471 1612 3503 quatuor
1622 3473 1730 3499 voees,
1752 3464 2133 3505 adumbrataepraetendemes
2142 3460 2265 3503 hon‘estae·

1337 3505 1379 3536 eis
1387 3504 1540 3543 imaginem
1550 3525 1558 3534 .
1578 3503 1704 3534 absunta
1715 3502 1763 3535 Mi.
1770 3504 1996 3537 Camberonenii
2006 3529 2015 3538 .

1378 3544 1387 3574 1
1409 3545 1469 3575 mss.
1493 3551 1633 3582 quatuor,
1651 3543 1723 3584 proh
1741 3545 1842 3582 nefas!

1377 3595 1407 3614 m
1429 3582 1477 3614 ΜΓ.
1486 3583 1571 3614 Coib.
1580 3593 1656 3613 unus
1663 3604 1671 3618 ,
1680 3585 1804 3614 materiae
1811 3584 1970 3624 voluptatis
1975 3584 2108 3625 galesun
2113 3585 2246 3622 deficiant
2253 3606 2264 3618 .

1335 3625 1413 3657 Coib
1432 3624 1521 3657 alter,
1543 3624 1662 3652 materia
1671 3623 1823 3663 voluptati
1831 3634 1866 3654 ac
1871 3625 2004 3663 gulaesuae
2010 3624 2122 3663 deficiat
2130 3646 2138 3655 .

1378 3675 1396 3693 n
1420 3663 1468 3694 ms.
1488 3662 1573 3694 Colb.
1595 3673 1685 3699 unus,
1709 3673 1758 3693 nec
1777 3673 1912 3694 verentur
1932 3686 1940 3696 .
1962 3686 1972 3696 .
1992 3685 2000 3694 .
2030 3665 2182 3706 approbare
2207 3675 2266 3704 qua

1351 3704 1481 3734 isicium?

1333 3707 1350 3743 j
1378 3755 1398 3775 o
1420 3742 1469 3774 ms.
1491 3752 1582 3779 unus,
1606 3741 1704 3782 Lugd.
1723 3742 1759 3776 δε
1780 3743 2019 3785 Lov.praecipit.

1379 3794 1399 3824 p
1421 3783 1487 3814 Mss-
1506 3782 1572 3818 sex,
1591 3782 1784 3821 infirmorum.

1379 3835 1401 3866 q
1420 3823 1485 3859 mss.
1507 3822 1582 3862 duo,
1604 3823 1799 3865 objurgare...
1818 3824 1958 3857 eratim.

2295 1485 2317 1507 n

2282 2530 2310 2590 ‚⁸⁸5

2318 2491 2357 2552 Ἀθ

2359 2534 2388 2554 Ξ

2404 2532 2422 2558 ,μ

2285 2898 2438 2933 Rom·15.1.
