2652 4126
466 173 576 246 438

755 170 811 227 S»-
889 168 1488 227 PROSPER1

1571 167 2189 239 AQuiTAN1

459 263 610 310 laribus
641 256 842 308 ‹ex-Urbe
872 259 1117 318 fugientibus
1139 289 1152 311 ,
1182 261 1285 301 'cum
1313 260 1396 318 ipse
1460 262 1738 318 captivorum,
1768 273 1887 317 prout
1915 262 2060 318 quique
2081 291 2095 314 ‚
2125 274 2192 303 aut
2228 273 2340 304 aetate
2373 291 2387 314 ,

459 339 643 382 quoque,
675 323 769 365 data
801 317 951 363 cunetis
981 317 1155 361 abeundi
1194 320 1362 371 licentia
1382 350 1395 373 ‚

460 383 619 443 trepide
653 383 778 424 vellet
810 377 1019 422 abscedere
1051 395 1065 435 3
1097 378 1391 436 septuagesimo

459 445 633 503 septimo
672 440 809 496 adepti
850 438 1023 496 Imperii
1062 437 1127 480 die
1167 453 1192 480 a
1232 439 1392 481 famulis

456 505 578 561 regiis
610 500 826 542 dilaniatus
858 497 942 552 est,
972 499 1011 540 8<
1033 498 1298 541 membratim
1327 498 1394 542 de-

455 564 576 620 jefflus
618 561 661 602 in
702 559 894 602 Tiberim
928 589 942 613 ‚
982 558 1186 616 sepultura
1235 574 1393 617 quoque

455 622 606 666 caruit.

512 680 600 723 Post
631 680 740 723 hunc
754 680 936 722 Maximi
967 681 1150 733 exitum,
1179 678 1390 722 confestim

450 742 587 786 secuta
617 740 673 784 est
704 740 842 783 multis
872 739 997 798 digna
1027 740 1217 796 lacrymis
1237 742 1389 784 Roma-

449 817 506 845 na
537 802 777 858 captivitas,
808 802 848 842 8(
880 801 1022 843 urbem
1051 801 1167 843 omni
1209 798 1387 857 praefidio

450 876 622 905 vacuam
656 861 894 903 Gensericus
925 861 1104 905 obtinuit
1133 891 1147 915 ,
1176 871 1390 903 occurente

447 922 522 965 fibi
554 934 671 964 extra
701 932 839 979 portas
878 921 1016 964 saneto
1047 924 1188 964 Leone
1221 921 1388 978 Episco-

445 997 502 1040 po
546 998 556 1024 ε
599 981 706 1038 cujus
746 981 986 1039 supplicatio
1035 982 1094 1024 ita
1148 995 1242 1023 eum
1293 982 1386 1023 Deo

445 1052 597 1100 agente
628 1042 802 1096 lenivit,
833 1054 878 1084 ut
909 1056 1003 1084 cum
1032 1042 1174 1084 omnia
1213 1040 1386 1096 potesta-

444 1104 497 1145 tis
528 1102 653 1161 ipfius
685 1100 835 1156 essent,
866 1100 1016 1143 tradita
1058 1101 1131 1142 fibi
1171 1099 1341 1142 civitate
1371 1130 1386 1152 ,

445 1163 497 1205 ab
528 1162 624 1219 igne
657 1174 797 1204 tamen
829 1162 869 1202 8<
898 1159 1002 1203 caede
1034 1172 1156 1217 atque
1179 1158 1385 1216 suppliciis

446 1220 735 1264 abstineretur.

505 1282 582 1323 Per
613 1278 920 1341 quatuordecim
950 1280 1076 1336 igitur
1105 1277 1217 1333 dies,
1248 1278 1383 1323 secura

441 1342 482 1381 8<
512 1341 641 1382 libera
682 1340 926 1385 scrutatione
959 1369 973 1392 ‚
1011 1338 1200 1382 omnibus
1242 1340 1385 1397 opibus

439 1398 517 1443 suis
549 1402 687 1443 Roma
718 1412 890 1445 vacuata
921 1398 1001 1453 est,
1029 1401 1237 1459 multaque
1253 1401 1384 1445 millia

472 1527 489 1548 a
511 1518 572 1549 Hic
593 1516 761 1549 inseruntur
781 1529 798 1549 a
818 1517 962 1549 Bucherio
982 1517 1014 1548 in
1037 1516 1164 1548 Paschal.
1185 1517 1313 1556 Cyelum
1324 1515 1378 1547 vi-

431 1556 520 1604 &qrii
539 1567 603 1598 cap.
625 1568 653 1596 3.
673 1560 707 1605 (n
722 1570 791 1605 ‘quo‘
803 1569 853 1605 {tec
873 1559 904 1589 in
935 1559 1046 1588 ratione
1067 1558 1224 1596 plenilunii
1239 1578 1248 1594 ,
1277 1566 1326 1586 nec
1347 1557 1378 1602 {a

428 1606 531 1683 ἔξιτέ)
539 1598 674 1669 7213ng
674 1600 982 1683 ιζῐιῑζοζζῖρεζῐιιοῖινιηέίῗ
979 1611 1011 1669 em
1017 1597 1382 1683 noguffbsttsrxgdnqtffsargd:

432 1686 542 1710 tavent
561 1702 569 1711 .
597 1679 703 1718 Neque
732 1680 813 1709 enim
834 1689 865 1708 m
888 1679 1039 1709 Sirmondi
1061 1686 1113 1709 aut
1141 1678 1289 1709 Chiffleni
1317 1677 1382 1708 cod.

433 1719 502 1749 ΜΠ.
523 1729 559 1749 ex
580 1718 687 1759 quibus
708 1719 894 1750 Chronicum
915 1718 986 1750 illud
1009 1717 1123 1747 auffius
1150 1718 1241 1749 edidit
1263 1718 1383 1748 Duche-

434 1759 523 1794 nius,
544 1759 740 1789 inveniuntur
761 1759 821 1789 haec
843 1758 931 1790 verba
944 1777 951 1785 ·
969 1755 1146 1787 Videdlffer·
1172 1767 1198 1787 ¹-
1218 1758 1254 1788 de
1275 1758 1384 1792 Vita&

434 1799 527 1837 Oper.
549 1799 577 1828 S.
602 1799 712 1830 Leonis
734 1809 800 1839 pag.
824 1801 893 1836 326.
919 1797 951 1830 &
978 1797 1037 1837 seq.
1067 1805 1140 1828 tom.
1170 1807 1198 1830 2.
1220 1809 1288 1832 nov.
1310 1799 1382 1829 edit-

434 1839 527 1877 Oper.
549 1838 577 1868 S.
599 1838 713 1870 Leonis
735 1838 859 1879 Magni.
880 1838 940 1870 Ubi
961 1838 1147 1872 observabis,
1169 1846 1231 1869 tum
1253 1839 1382 1879 primum

436 1878 493 1909 hac
513 1878 663 1909 occasione
683 1878 923 1910 Occidentalibus
943 1878 1201 1919 inquirendidiem
1224 1879 1382 1915 Pascharis,

439 1919 594 1958 motusque
615 1919 691 1949 Solis
711 1918 747 1953 ἀ
768 1920 865 1952 Lunae
885 1918 1057 1960 diligentius
1079 1918 1255 1959 supputandi
1282 1927 1381 1951 ortam

439 1959 662 1995 emulationem
681 1959 761 2003 apud
781 1960 927 1995 Latinos:
947 1959 1001 2005 qui
1019 1960 1131 1995 diutius
1150 1960 1222 2001 paffi
1242 1969 1305 1994 nun
1314 1959 1380 1994 sunt

1459 333 1527 361 aut
1559 333 1643 364 arte
1676 321 1936 376 placuerunt,
1967 335 2060 363 cum
2101 322 2241 377 regina
2273 323 2310 363 8<
2342 319 2385 361 fi-

1455 380 1582 422 liabus
1613 380 1694 436 ejus
1725 381 2022 438 Carthaginem
2064 379 2231 422 abduaa
2271 382 2382 424 sunt.

1517 438 1674 481 Eodem
1707 453 1816 481 anno
1846 440 1997 483 Pascha
2027 440 2296 482 Dominicum
2317 441 2381 484 die

1454 513 1584 541 v111.
1620 498 1828 541 Kalendas
1860 502 1968 543 Maii
2000 501 2251 542 celebratum
2282 499 2338 543 est
2367 530 2382 554 ‚

1453 559 1655 616 pertinaci
1695 560 1926 603 intentione
1968 559 2240 602 Alexandrini
2284 560 2384 617 Epi-

1453 619 1585 677 scopi,
1615 620 1678 662 cui
1709 634 1850 661 omnes
1863 620 2096 662 Orientales
2128 619 2384 662 consentien-

1453 679 1550 721 dum
1580 691 1829 737 putaverunt
1861 695 1870 722 ε
1901 681 2085 737 quamvis
2125 678 2382 726 sanciusPa-

1450 753 1504 796 pa
1534 742 1620 782 Leo
1652 741 1745 780 XV.
1778 739 1983 783 Kalendas
2016 739 2123 782 Maii
2155 739 2286 797 potius
2316 740 2384 782 ob-

1454 798 1696 842 servandum
1727 798 2038 856 protestaretur.
2070 800 2257 842 ²Extant
2288 798 2386 855 ejus-

1452 858 1547 901 dem
1581 861 1696 917 Papae
1729 858 1918 916 Epistolae
1949 859 1999 901 ad
2030 858 2384 902 clementiffimum

1452 919 1686 976 Principem
1717 920 1977 961 Marcianum
2009 918 2133 971 datae,
2163 919 2302 975 qui-bus
2322 933 2384 960 ra-

1448 979 1509 1021 tio
1540 979 1723 1021 veritatis
1754 978 1976 1021 sollicitatae
2016 977 2229 1020 evidenter
2270 991 2382 1035 pate-

1447 1037 1554 1081 faSia
1583 1038 1638 1082 est
1668 1055 1682 1095 3
1714 1040 1752 1080 8<
1782 1040 1922 1096 quibus
1963 1038 2141 1080 Ecclesia
2179 1037 2381 1080 catholica

1449 1097 1592 1140 instrui
1622 1097 1777 1156 potest,
1806 1098 1911 1159 quod
1942 1097 2026 1140 haec
2059 1097 2277 1155 persuasio,
2307 1097 2379 1140 stu-

1447 1158 1514 1200 dio
1544 1157 1714 1201 unitatis
1745 1159 1784 1199 8<
1815 1159 1925 1216 pacis
1955 1158 2126 1200 tolerata
2147 1157 2217 1210 fit,
2246 1159 2380 1214 potius

1445 1233 1568 1276 quam
1598 1218 1794 1280 probata3
1826 1232 2048 1274 numquam
2078 1216 2268 1274 deinceps
2289 1217 2381 1258 imi-

1450 1278 1576 1320 tanda
1608 1292 1618 1318 ε
1653 1291 1697 1320 ut
1728 1292 1811 1335 quae
1843 1278 2056 1321 exitialem
2085 1278 2224 1320 attulit
2252 1276 2380 1319 offen-

1448 1337 1601 1380 fionem
1629 1367 1643 1391 ,
1681 1352 1850 1384 omnem
1879 1339 1923 1383 in
1964 1350 2204 1398 perpetuum
2233 1335 2379 1396 perdat

1449 1396 1729 1441 aufitoritatem
1739 1429 1750 1442 .

1446 1515 1542 1555 legem
1562 1515 1613 1547 fibi
1635 1516 1671 1548 ab
1698 1516 1909 1549 Alexandrinis
1936 1517 1972 1547 de
1999 1516 2159 1548 indicendo
2184 1515 2315 1548 Paschali
2333 1515 2381 1546 die

1447 1556 1580 1596 imponi.
1601 1556 1771 1597 Pmsperum
1791 1568 1907 1628 guoque
1927 1559 2112 1599 Aquitanum
2129 1579 2141 1598 ‚
2169 1557 2220 1597 qui
2240 1565 2301 1587 tum
2321 1556 2383 1587 Ro-

1444 1606 1499 1627 mae
1528 1597 1603 1637 apud
1631 1598 1764 1628 Leonem
1814 1598 1964 1629 ontificem
1985 1598 2091 1638 agebat
2107 1609 2115 1633 ;
2143 1597 2224 1629 suum
2252 1595 2380 1636 Cyclum

1444 1637 1657 1677 composuisse:
1688 1640 1769 1672 cuius
1790 1638 1876 1669 testes
1897 1638 1963 1670 sunt
1984 1638 2139 1670 Gennadis
2163 1639 2195 1668 in
2215 1637 2314 1669 Catal.
2334 1637 2384 1667 vit·

1442 1678 1550 1712 Illussr.
1571 1689 1635 1718 cap.
1657 1679 1706 1711 88.
1727 1677 1775 1708 ubi
1794 1678 1830 1709 de
1850 1678 1987 1711 ViEiorio
2010 1679 2115 1720 Aquit.
2134 1677 2381 1709 &lfidorusOri-

1442 1719 1508 1761 gin.
1526 1718 1577 1749 lib.
1597 1721 1627 1751 6.
1648 1729 1711 1763 cap.
1734 1728 1780 1754 17.
1800 1718 1853 1749 nisi
1873 1720 1933 1756 iam
1953 1719 2050 1750 editus
2070 1719 2107 1749 ab
2128 1718 2180 1748 illo
2199 1717 2264 1749 effet
2283 1718 2383 1748 adan-

1443 1769 1516 1791 num
1537 1768 1699 1790 ccccxuv.
1719 1768 1780 1799 quo
1798 1758 1900 1790 similis
1919 1768 2083 1792 occurrerat
2104 1758 2278 1793 difficultas.
2299 1758 2383 1788 Utut

1443 1801 1494 1836 fit,
1515 1798 1638 1835 dubium
1659 1809 1719 1830 non
1742 1798 1781 1831 est
1801 1800 1873 1840 quin
1894 1801 1930 1832 ad
1949 1800 2034 1833 illum
2055 1798 2384 1836 scribendumavLeone

1443 1842 1478 1872 sit
1499 1841 1657 1871 excitatus.
1678 1839 1790 1878 cyclus
1812 1839 1861 1870 ille
1881 1842 1940 1875 iam
1961 1842 2047 1882 periit
2061 1860 2070 1871 .
2096 1839 2183 1871 Certe
2204 1849 2273 1870 cum
2293 1837 2382 1877 paulo

1444 1882 1549 1912 iratior
1569 1880 1674 1912 scribat
1694 1880 1731 1910 d'e
1751 1880 1888 1912 paschate
1897 1881 2061 1916 huiusanni
2080 1877 2384 1926 cemimquophro-

1440 1922 1544 1993 sicum
1562 1921 1644 1992 {suum
1666 1919 1799 1958 claudit;
1824 1930 1942 1963 apparet
1963 1932 2018 1964 pro
2038 1922 2086 1957 sua
2116 1921 2259 1960 sententia
2284 1919 2382 1962 ipsum

1463 1968 1559 1994 ecetta
1582 1972 1613 1992 e.

2230 3795 2321 3837 AP-

2460 807 2481 831 ὃ
