2652 4126
667 196 992 256 INCERTI
1055 210 1434 256 AUCTORIS
1497 197 1869 259 CARMEN.

454 291 647 359 Impius
684 290 799 343 inde
836 290 1055 354 trahem,
1092 308 1190 411 Quo
1227 287 1380 356 poffet
1417 290 1592 343 habere
1628 286 1851 343 salutem.

452 359 633 412 Donec
671 366 716 411 vi
756 362 910 413 victus
948 361 1072 412 laxat
1129 377 1204 412 era
1240 365 1338 421 jura
1376 374 1633 424 tyrannus,

454 426 599 480 Ditia
638 427 890 481 barbaricis
925 435 972 481 &
1013 426 1179 480 Moses
1214 433 1409 492 agmina
1447 435 1608 494 gazis,

322 512 415 560 395
458 497 746 559 Promovet,
783 496 954 562 insigni
990 493 1117 549 sulco
1153 495 1443 548 monstrante
1478 496 1705 549 columna

452 564 543 616 Per
579 561 758 616 deserta
798 571 924 618 viam
963 585 972 615 :
1009 582 1110 632 quae
1145 561 1349 617 formam
1388 570 1436 616 in
1474 580 1666 632 tempus
1702 577 1959 632 utrumque

455 632 748 700 Temperat,
785 632 965 687 alterna
1003 646 1055 683 ut
1093 633 1267 684 tribuat
1306 639 1408 685 vice
1446 631 1707 689 commoda
1742 631 1929 696 castr1s,

453 700 593 751 Luce
631 716 820 766 tegens,
856 707 904 755 δι
941 700 1086 753 nodie
1122 720 1314 767 regens,
1349 701 1522 754 eadem
1559 707 1684 767 ignis
1720 707 1769 755 &
1807 700 2003 765 umbra,

447 766 727 827 Discutiens
766 767 976 822 flammis
1012 770 1256 833 tenebraS,
1294 776 1342 822 δε
1379 770 1506 824 nube
1541 770 1742 828 calores,

314 856 412 898 400
450 836 586 905 Quid
626 837 793 907 loquar
829 846 877 892 &
913 839 1110 903 trepidis
1146 837 1357 906 patribus
1393 859 1503 894 cum
1541 837 1839 895 incumberet
1875 835 2058 902 hostis,

446 904 678 958 Divisum
715 906 936 976 pelagus,
970 905 1218 975 lolidoque
1255 911 1410 971 rigore
1448 908 1620 972 ligatas

449 974 604 1032 Instar
641 982 820 1032 montis
855 994 1027 1044 aquas,
1064 994 1214 1029 vacuo
1251 972 1426 1026 ceffiffe
1465 973 1707 1042 profundo
1720 995 1738 1036 3

447 1044 653 1112 Qaque
690 1043 893 1110 gradum
933 1040 1064 1096 illaesa
1102 1041 1308 1095 tulerant
1345 1058 1418 1094 tot
1454 1040 1608 1100 millia
1646 1042 1825 1111 plebis,

447 1110 742 1181 Oppressum
782 1115 995 1180 AEgypti
1031 1111 1262 1181 populum
1301 1111 1582 1171 coeuntibus
1619 1112 1792 1164 undis?

310 1199 406 1245 405
449 1183 628 1233 Omnis
665 1187 796 1239 enim
833 1182 1016 1233 austeri
1055 1178 1194 1236 servit
1232 1195 1397 1233 natura
1470 1186 1652 1246 otenti,

445 1249 659 1318 Quaeque,
695 1251 757 1302 ad
794 1269 936 1318 opem
974 1248 1179 1314 cedunt,
1217 1248 1388 1301 eadem
1447 1249 1720 1302 amulantur
1754 1248 1818 1301 ad
1855 1254 1996 1303 iram-

447 1318 545 1370 Sed
584 1320 705 1370 mihi
746 1339 832 1372 nec
872 1338 1080 1378 vacuum
1116 1319 1315 1374 cunCtas
1354 1337 1621 1384 percurrere
1658 1316 1838 1374 formas

450 1388 733 1451 Virtutum,
770 1394 818 1446 &
855 1390 1006 1454 gestis·
1033 1393 1128 1439 oris
1166 1406 1259 1439 non
1301 1406 1430 1455 aequa
1466 1385 1690 1440 facultas.

442 1457 579 1515 Nam
616 1463 722 1527 quis¹
758 1473 997 1514 tantarum
1045 1454 1237 1508 evolvat
1276 1457 1504 1510 miracula
1543 1463 1732 1509 rerum?

307 1545 407 1588 4¹0
447 1525 645 1577 Mannae
682 1527 913 1589 imbrem,
951 1532 999 1578 δε
1035 1526 1237 1577 cunctos
1275 1531 1321 1576 in
1360 1526 1457 1583 caeli
1495 1545 1617 1594 pane
1655 1524 1868 1594 saporeS,

444 1595 587 1646 Siccae
623 1601 750 1663 rupis
786 1613 989 1662 aquam,
1027 1601 1078 1649 &
1115 1594 1362 1646 dulcorem
1398 1592 1546 1646 fontis
1582 1600 1763 1662 amari,

443 1665 552 1714 Aut
590 1669 712 1722 inter
748 1663 927 1726 deserta
966 1664 1101 1715 actos
1139 1663 1292 1720 denos
1328 1680 1502 1737 quater·
1534 1683 1714 1726 annos,

437 1732 549 1784 Nec
584 1732 813 1784 membris
853 1730 1065 1784 nocuiise
1102 1752 1225 1795 aevo,
1264 1752 1351 1784 nec
1396 1730 1600 1786 vestibus
1637 1729 1750 1782 usu?-

510 1802 669 1860 LEGrs
706 1801 1069 1867 inexemplum
1109 1808 1242 1862 juvat
1279 1806 1373 1863 ire,
1410 1806 1459 1853 δι
1497 1818 1700 1868 quaerere
1736 1797 1799 1850 ab
1836 1799 1945 1866 ipfis

301 1886 399 1933 4¹5
440 1871 540 1937 Qi
577 1889 738 1922 curam
777 1871 988 1931 Domini
1026 1882 1304 1932 removent,
1342 1888 1400 1921 an
1440 1883 1657 1937 tempore
1692 1867 1758 1927 abr
1791 1867 1878 1927 illo

437 1940 657 2005 Coeperit
696 1940 1016 1998 humanasin
1056 1946 1162 1989 vitae
1197 1937 1370 1998 foedera
1408 1954 1595 1993 mentes

436 2003 704 2057 lnformare
744 2009 885 2059 Deus
920 2026 937 2069 3
976 2026 1062 2064 nec
1100 2024 1183 2074 per
1219 2023 1291 2057 tot
1329 2003 1487 2058 saecula
1525 2004 1698 2056 mundi

437 2073 693 2122 Permotus
730 2080 892 2136 vitiis„
929 2091 1044 2130 tunc
1079 2082 1152 2136 jus
1187 2078 1210 2118 «ἒ
1250 2072 1560 2142 perscripserit
1597 2093 1808 2143 aequum..

437 2141 514 2190 Ite
553 2137 637 2207 ipfi
675 2146 721 2190 in
762 2139 920 2199 vestrae
957 2140 1217 2206 penetralia
1258 2149 1461 2207 mentis,
1499 2149 1549 2196 ὅ(
1587 2149 1718 2201 intus

300 2227 399 2274 420
435 2207 616 2260 Incisos
651 2214 840 2276 apiceS,
877 2229 932 2261 ac
969 2208 1138 2276 scripta
1178 2209 1427 2265 volumina
1463 2209 1623 2261 cordis

437 2275 692 2346 Inspicite,
730 2284 779 2331 &
815 2284 1034 2343 genitam
1073 2274 1317 2333 vobiscum
1354 2276 1596 2345 agnoscite
1634 2277 1817 2345 legem.

431 2345 573 2398 Nam
610 2352 717 2415 quis
753 2354 870 2412 erit,
905 2346 1059 2401 modo
1095 2365 1193 2399 non
1235 2366 1378 2414 pecus
1413 2354 1545 2413 agri,
1583 2362 1666 2398 aut
1703 2347 1861 2400 bellua
1898 2355 2066 2416 ponti,

434 2414 534 2480 Qui
574 2421 702 2466 vitiis
737 2415 863 2468 adeo
904 2414 1080 2473 stolide
1115 2416 1389 2467 obledietur
1423 2420 1628 2482 apertis,

435 2482 511 2531 Ut
548 2481 682 2547 quod
718 2489 850 2547 agit,
890 2484 1006 2538 velit
1048 2481 1142 2549 ipse
1182 2488 1281 2548 pati
1319 2488 1339 2530 ἒ-
1377 2483 1648 2535 Mendacia
1682 2475 1861 2545 fallax,

298 2566 395 2613 425
436 2549 585 2601 Furta
626 2566 799 2615 rapax,
837 2549 1070 2608 furiosum,
1102 2563 1267 2606 atrox,
1304 2546 1556 2603 homicida
1592 2562 1848 2603 crue-ntum

433 2618 685 2679 Damnat,
723 2621 771 2667 &
810 2622 857 2665 in
896 2617 1131 2666 moechum
1171 2613 1360 2679 gladios
1397 2612 1637 2679 distringit
1674 2615 1891 2674 adulter,

434 2721 469 2750 „
512 2687 651 2741 Unus
687 2689 817 2734 enirn
856 2698 990 2750 pater
1024 2681 1092 2734 est
1127 2682 1444 2746 ctunstorum,
1482 2689 1531 2736 δε
1568 2685 1744 2739 lemine
1780 2687 1906 2739 redii

433 2789 469 2819 „
507 2754 677 2804 Nemo
711 2768 866 2812 caret,
906 2748 1160 2817 similisque
1196 2769 1364 2800 omnes
1402 2750 1628 2817 produxit
1665 2759 1823 2819 origo.

434 2858 470 2887 „
512 2820 663 2873 Unde
700 2826 911 2884 etenim,
953 2818 1180 2872 nondum
1212 2815 1449 2887 descripta,
1482 2819 1620 2886 lege,
1655 2818 1847 2874 fuerunt

297 2911 398 2957 430
433 2927 468 2956 „
507 2890 607 2957 Qui
647 2888 892 2957 placidum
930 2885 1104 2942 faustis
1139 2903 1336 2953 agerent
1373 2894 1423 2939 in
1460 2888 1673 2941 moribus
1710 2900 1900 2955 aevum32

434 2996 469 3024 „
509 2959 618 3010 Nec
655 2955 830 3016 summi
864 2960 1011 3026 patris
1049 2962 1229 3023 ignari,
1267 2975 1355 3013 nec
1390 2963 1505 3019 juris
1540 2962 1713 3025 egeni?

430 3065 467 3094 „
505 3027 642 3093 Ergo
677 3046 846 3078 omnes
885 3046 977 3079 una
1017 3031 1063 3076 in
1105 3031 1201 3076 vita
1237 3045 1350 3077 cum
1388 3026 1494 3093 lege
1530 3032 1677 3079 creati

435 3133 472 3163 „
511 3097 778 3161 VenimuS,
816 3101 865 3149 &
905 3093 1035 3148 fibris
1071 3101 1310 3161 gerimuS,
1348 3114 1459 3163 quae-
1483 3095 1683 3151 condita
1720 3095 1892 3165 libris,

432 3200 468 3231 „
508 3165 618 3223 Nec
654 3184 784 3222 nova*
817 3183 927 3222 cura
963 3162 1053 3215 fuit
1092 3162 1263 3228 nostri,
1299 3183 1411 3216 cum
1448 3164 1626 3217 tradita
1667 3163 1811 3223 Mofi„

301 3251 393 3300 435
435 3270 471 3299 „
509 3234 699 3285 Littera
738 3231 954 3302 praesenti⁴
985 3231 1234 3284 damnaret
1269 3239 1470 3285 crimina
1506 3254 1665 3302 poena.

432 3338 471 3369 ,2
507 3301 602 3359 Sed
641 3300 968 3371 superadjedta
1005 3301 1072 3359 est
1104 3307 1275 3367 generi*
1305 3299 1521 3353 custodia
1557 3301 1757 3367 sanstoj

430 3407 467 3436 „
505 3371 618 3438 Qa
655 3390 843 3431 memor
878 3377 929 3421 in
965 3377 1127 3439 patriae
1167 3367 1281 3426 fidei
1321 3369 1544 3437 perstaret
1581 3371 1809 3439 honore,

429 3474 465 3504 „
504 3439 572 3488 Et
612 3438 946 3506 promissorum
988 3441 1198 3491 Domini
1236 3437 1501 3495 succederet
1538 3438 1697 3493 heres.

430 3543 466 3572 „
505 3507 639 3564 Cum
676 3523 839 3564 tamen
873 3516 922 3565 ὅ(
960 3505 1292 3576 quoscumque
1320 3506 1493 3559 eadem
1531 3505 1620 3560 sub·
1648 3507 1774 3567 sacra
1810 3509 1978 3567 liceret

293 3598 390 3645 440
426 3612 462 3641 „
502 3577 606 3639 Ire,
644 3594 731 3627 nec
764 3594 984 3629 externos
1020 3593 1231 3633 arcerent
1267 3575 1438 3634 limina⁴
1470 3575 1665 3644 templi:

426 3646 656 3712 Cumque
700 3645 812 3706 Dei,
836 3652 1024 3701 monitu
1061 3660 1283 3702 canerent
1323 3660 1519 3702 ventura
1559 3646 1845 3715 Prophetae,

427 3715 556 3780 Saepe
593 3718 742 3765 etiam
778 3714 842 3766 ad
880 3719 1030 3767 varias
1066 3731 1235 3782 gentes
1270 3711 1358 3766 fint
1394 3712 1550 3767 multa
1592 3713 1767 3769 locuti„

2100 207 2202 272 465

2221 742 2368 775 Proteffio

2222 783 2277 812 Dei
2295 794 2364 823 erga

2220 821 2383 854 filioslsrael

2221 862 2254 893 in
2261 863 2380 894 deserto.

2218 1845 2296 1876 Cn.
2318 1845 2374 1876 Vr.

2234 1886 2379 1924 Exempla

2219 1924 2379 1964 providen-

2221 1966 2267 1995 πίε
2283 1964 2337 1995 Dei
2344 1965 2376 1995 in

2218 2004 2300 2046 Lege
2306 2024 2316 2035 .

2216 2279 2278 2310 Lex
2293 2287 2375 2310 natu-

2216 2321 2283 2349 ralis
2311 2330 2375 2349 om-

2215 2359 2300 2388 nibus
2327 2360 2373 2390 in-

2216 2407 2306 2435 nata.

2235 3616 2305 3648 Non
2328 3619 2359 3648 in

2200 3655 2321 3696 solagen
2331 3667 2357 3687 tc

2201 3697 2358 3728 Istat-mica

2200 3735 2315 3767 efficias

402 3786 445 3824 S.
480 3782 673 3841 Prosperi.
1616 3787 1739 3828 Nnn
1803 3802 1824 3830 2
2060 3793 2123 3837 Sic
2197 3786 2353 3848 ῃῖἕᾉξ“
