2652 4126
293 282 300 286 ·
551 265 632 312 ET
672 249 938 312 HisToR.
978 248 1272 314 εεΜιΡΕις
1311 268 1540 315 Lucam.
1573 268 1945 316 AFFBRUNT.

329 361 332 365 ’
357 343 487 389 testad
510 356 673 389 aeternum
682 349 754 387 Dei
779 348 921 388 donum·
934 359 1144 397 regnumque
1153 359 1231 397 per-

327 404 409 439 uci.·
435 403 564 439 Omnia
587 398 736 448 proinde
761 410 874 436 cetera
898 409 974 446 quae
998 398 1158 436 Videntur
1182 402 1231 437 in-

301 462 355 489 ter
379 450 538 489 homines
555 448 681 487 habere
693 447 824 498 aliquid
847 448 978 491 laudis,
1003 447 1180 487 videantur
1190 452 1232 486 ti-

301 501 338 539 bi
361 505 642 543 virtutes-vere,
666 498 846 538 videantur
869 510 974 547 opera
999 497 1112 543 bona,
1135 503 1171 537 δε
1193 499 1231 536 fi-

297 564 343 588 ne
364 552 444 591 ullo
468 551 554 588 faeta
579 560 738 599 peccato.
767 548 876 597 Quod
900 548 943 586 ad
967 560 1022 585 me
1049 553 1195 598 pertinet
1216 576 1230 593 ,

297 600 371 639 hoc
393 596 485 644 stin,
508 604 589 649 quia
606 613 737 637 non-ea
762 598 841 637 facit
858 598 1015 636 voluntas
1032 597 1143 637 bona:
1168 613 1230 637 vo-

298 652 409 690 luntas
433 655 562 701 quippe
587 648 736 687 infidelis
760 661 859 699 atque
884 653 989 698 impia
1011 662 1081 686 non
1100 650 1149 688 est
1168 649 1229 687 bo-

295 715 341 739 na
358 730 368 739 .
399 704 576 739 ‘Dicantur
602 698 785 738 secundum
822 711 855 737 te
880 698 1075 747 hujusmodi
1105 698 1230 737 volun}-

295 761 380 789 tates
407 750 546 788 arbores
572 750 672 788 bonae
689 774 702 793 ,
735 750 859 788 sufficit
876 749 977 800 quod.
997 749 1088 798 apud
1108 753 1226 789 Deum

297 800 430 838 steriles
450 800 548 844 sunt,
572 813 611 837 ac
638 813 699 848 per
724 799 796 837 hoc
815 813 887 838 non
912 799 1029 838 bonan
1057 800 1118 838 fint
1139 804 1227 837 inter

294 850 455 889 homines
479 848 686 892 frustuosae,
711 855 799 887 inter
823 864 910 898 quos
934 850 1009 888 sunt
1035 854 1070 887 &
1095 850 1194 888 bonae
1213 876 1226 895 ,

293 910 328 937 te
346 903 509 943 auctore,
535 911 571 937 te
595 899 771 938 laudatore
787 926 798 943 ,
824 901 908 938 fivis
934 904 1035 937 etiam
1062 901 1227 949 plantato-

294 962 331 987 re
351 965 360 987 :
386 950 470 988 dum
488 961 601 988 tamen
622 950 731 994 illud,
757 951 863 991 velis,
888 951 979 987 nolis
994 976 1006 993 ‚
1031 950 1230 995 obtineam,

293 1000 392 1048 quod
416 1013 518 1039 amor
539 1001 682 1043 mundi,
707 1014 779 1049 quo
800 1000 939 1050 quisque
961 1004 1087 1039 amicus
1108 1001 1230 1039 esthu»

293 1052 345 1098 jus
371 1051 490 1088 mundi
509 1076 521 1094 ‚
546 1064 618 1087 non
645 1050 695 1088 est
721 1064 740 1088 a
770 1054 881 1088 Deo:
907 1063 1071 1099 amorque
1096 1052 1229 1090 fruendi

293 1099 566 1150 quibuscumque
589 1104 754 1138 creaturis
778 1101 844 1138 fine
867 1113 986 1138 amore
1012 1105 1189 1139 Creatoris
1214 1127 1228 1146 ,

293 1163 365 1188 non
389 1150 439 1188 est
461 1164 482 1188 a
506 1153 589 1188 Deo
608 1165 619 1187 ε
653 1164 752 1188 amor
776 1162 890 1189 autern
915 1153 985 1188 Dei
1012 1164 1083 1199 quo
1109 1164 1227 1199 perve—

291 1204 388 1238 nitur
411 1201 454 1238 ad
479 1204 596 1238 Deum
610 1227 624 1245 ,
647 1215 719 1238 non
745 1201 795 1238 est
814 1200 874 1238 nifi
897 1213 916 1236 a
942 1203 1024 1237 Deo
1049 1207 1148 1239 Patre
1166 1215 1228 1251 per

95 1275 164 1306 Sine
176 1286 275 1308 amore
293 1250 405 1294 lesum
431 1249 613 1289 Christum
641 1265 722 1289 cum
748 1250 1023 1300 Spiritu-saneto.
1050 1257 1115 1289 Per
1133 1251 1227 1290 hunc

94 1316 248 1348 Creatori:
294 1312 449 1339 amorem
476 1305 678 1346 Creator-is,
703 1301 787 1339 bene
805 1300 944 1350 quisque
969 1306 1078 1339 utitur
1096 1306 1228 1342 creatu-

96 1366 186 1402 nemo
201 1356 274 1388 bene
293 1355 341 1389 ris
353 1379 361 1387 .
374 1355 464 1389 sine
489 1350 562 1389 hoc
579 1364 697 1390 amore
706 1355 903 1394 Crateris,
927 1352 1029 1388 nullis
1047 1351 1227 1401 quisquam

93 1403 276 1441 ¹¹²¹PU‘C‘02·
292 1401 388 1439 bene.
413 1405 525 1439 utitur
547 1406 733 1440 creaturis.
769 1404 852 1438 Hoc
878 1413 962 1449 ergo
993 1415 1112 1439 amore
1138 1416 1225 1452 opus

95 1443 275 1509 “unii—onum
293 1453 366 1497 est,
390 1462 429 1489 ut
454 1452 586 1505 bonum
613 1451 807 1490 beatificum
833 1452 872 1489 fit
896 1456 930 1488 δι
957 1454 1120 1500 pudicitia
1143 1466 1226 1490 con—

295 1502 435 1552 iugalis,
458 1512 497 1540 ut
521 1502 561 1540 fit
585 1504 655 1550 ejus
681 1505 829 1539 intentio
854 1502 993 1552 quando
1010 1507 1119 1540 utitur
1142 1517 1223 1541 cona

292 1555 379 1601 iugis
404 1551 526 1596 earne,
551 1565 620 1590 non
642 1556 682 1590 in
708 1552 886 1600 voluptate
913 1552 1090 1597 libidinis,
1115 1553 1226 1591 sedin

293 1604 471 1642 voluntate
495 1606 715 1652 propaginiu
741 1602 766 1638 fi
789 1613 903 1639 autem
922 1606 1063 1647 vicerit,
1088 1608 1124 1641 δε
1143 1617 1225 1653 pro·

289 1664 371 1701 pter
396 1652 532 1703 seipsam
552 1679 565 1696 ,
599 1667 670 1690 non
696 1663 841 1703 propter
866 1651 957 1691 filios
985 1655 1223 1703 propagandos

292 1703 368 1740 fieri
393 1702 713 1752 aliquid-extorserit
731 1707 766 1740 &
790 1703 972 1751 voluptas,
997 1704 1128 1741 veniale
1148 1718 1226 1755 pec-

288 1764 407 1792 catum
432 1754 471 1792 fit
490 1765 635 1804 propter
655 1757 788 1804 nuptias
807 1751 1039 1791 christianas.

90 1513 204 1569 bentilic
208 1528 258 1549 um
264 1540 275 1551 .

339 1963 394 1996 Ex
409 1959 515 1994 eodem
540 1955 618 1995 libro
631 1964 687 2017 IV.
705 1967 815 1996 contra
831 1959 1026 2007 Julianum,
1050 1964 1127 2005 cap.
1142 1960 1174 1993 8.
1216 1991 1222 1995 .

109 2063 249 2097 CAPUT

135 2104 223 2138 Vm.
287 2056 472 2144 ALIA
497 2058 619 2095 deinde
642 2070 719 2095 mea
744 2034 847 2095 verba
866 2061 1056 2108 proponis,
1081 2063 1117 2095 &
1138 2059 1225 2097 mul·

409 2117 483 2142 tum
495 2107 651 2141 adversus
662 2120 699 2140 ea
725 2107 815 2143 nihil
828 2108 894 2144 dici
899 2123 912 2145 s
922 2134 935 2150 ,
958 2108 1127 2156 ‘replicans
1136 2123 1224 2158 quae-

280 2153 365 2190 <dam
392 2166 465 2201 quae
475 2152 649 2201 superiore
659 2152 888 2199 disputatione
913 2158 1113 2200 eonffimpta
1123 2159 1222 2195 sunt}

279 2216 362 2253 quae
386 2202 411 2238 fi
436 2207 471 2240 δι
489 2215 556 2252 ego
581 2212 736 2250 repetere
761 2200 892 2241 velim,
917 2204 994 2246 quis
1018 2204 1084 2236 erit
1111 2202 1186 2236 finis
1212 2206 1226 2236 ἓ

284 2253 558 2299 Interquaedicis
581 2255 685 2288 etiam
711 2250 798 2287 illud
808 2248 960 2286 vestrum
986 2260 1106 2285 contra
1119 2249 1224 2286 Chri-

287 2301 329 2338 sti
340 2303 505 2349 gratiam,
531 2301 615 2350 saepe
634 2314 653 2336 a
669 2299 771 2336 vobis
791 2302 936 2336 inaniter
945 2299 1075 2349 di&um
1091 2313 1101 2337 5
1127 2299 1224 2348 quod

284 2351 415 2389 scilicet
437 2350 645 2398 appellatione
665 2353 803 2395 gratia,
827 2349 919 2386 bonos
932 2347 1003 2392 fieri
1026 2350 1164 2387 homines
1167 2351 1223 2396 fa-

285 2401 530 2448 talineceffitate
538 2402 683 2438 dicamus
701 2414 712 2436 ε
730 2412 810 2437 cum
829 2399 930 2436 vobis
946 2412 1011 2437 ora
1020 2399 1198 2437 obstruant
1209 2425 1223 2443 ‚

283 2456 324 2490 ’δι
350 2453 478 2500 linguas
495 2461 677 2499 premant,
700 2453 760 2498 qui
787 2450 886 2498 loqui
911 2446 1066 2487 nondum
1087 2450 1220 2485 valent.

288 2506 383 2540 Cum
417 2505 509 2538 enim
526 2499 773 2549 ioquac-iffime
806 2498 966 2534 laboretis
999 2498 1147 2534 astruere
1180 2509 1220 2533 ae

283 2552 509 2601 persuadere,
532 2548 629 2597 quod
652 2547 805 2596 Pelagius
829 2550 865 2583 in
889 2546 1138 2585 Palestinorum
1148 2550 1220 2595 epi-

285 2602 474 2651 scoporum
498 2601 698 2648 cognitione
714 2598 913 2638 damnavit,
929 2598 1071 2642 gratiam
1095 2599 1157 2632 Dei
1169 2596 1219 2640 se·

288 2655 431 2690 'cundum'
447 2654 562 2690 merita
587 2647 686 2692 nostra
710 2649 809 2684 darie
836 2645 929 2685 nulla
955 2657 1067 2688 tamen
1094 2649 1220 2682 merita

290 2699 576 2752 potestisass‘erere
601 2697 854 2747 parvulorum,
878 2695 1219 2745 perquaediscernan-

290 2765 346 2790 tur
371 2756 431 2801 qui
456 2763 577 2788 eorum
604 2752 640 2784 in
664 2750 733 2784 Dei
753 2747 843 2784 filios
868 2746 1098 2795 adoptantur,
1123 2742 1164 2783 ab
1174 2750 1223 2783 eis

294 2807 354 2852 qui
380 2803 446 2839 fine
471 2801 571 2847 hujus
597 2800 714 2847 gratiae
738 2796 978 2835 consecutione
1003 2800 1222 2833 moriuntur.

342 2854 571 2891 Calumniaris
597 2862 650 2885 me
667 2847 800 2890 dicere,
826 2847 927 2893 Nihil
946 2845 1043 2890 studii
1059 2846 1222 2898 expecilarae‘

290 2904 332 2941 ab
359 2904 495 2940 humana
519 2900 687 2938 voluntate
710 2897 818 2935 debere
836 2922 849 2941 ‚
882 2906 994 2933 contra
1019 2897 1098 2933 illud
1119 2909 1221 2934 evan—

265 2951 274 2959 '
286 2955 425 3001 geticum
450 2965 509 2998 quo
533 2954 581 2987 ait
605 2951 782 2986 Dominus:
807 2951 942 2991 Petite,
967 2948 1011 2985 &⁴
1036 2949 1220 2992 accipietiu

291 3007 442 3050 quaerite,
468 3004 511 3040 &
536 3002 730 3038 ira-venietis,-
751 2998 901 3045 pulsate‚
926 2998 970 3035 &¹
994 2999 1153 3042 aperietur
1165 3009 1221 3034 vo-

280 3054 361 3092 ·biss
386 3057 484 3090 omnis
508 3053 588 3088 enim
613 3051 668 3095 qui
687 3052 774 3094 petit
797 3051 935 3094 accipit,
961 3048 1006 3085 (θ’
1029 3050 1084 3092 qui
1107 3050 1219 3093 quaerit

282 3107 443 3145 invenit,
467 3105 511 3140 &
533 3099 673 3147 pulsanti
697 3101 871 3144 aperietur.
898 3096 1050 3133 Ibienim
1073 3110 1157 3141 vos,
1182 3107 1220 3133 ut

294 3153 421 3194 video,
446 3163 571 3199 ponere
583 3147 808 3197 jamssoepistis
832 3151 955 3184 merita
973 3150 1114 3194 gratiam
1137 3160 1219 3194 prae—

294 3202 469 3242 cedentia,
493 3201 587 3249 quod
609 3197 659 3235 est
677 3191 823 3248 petere,
849 3209 1022 3244 quaerere,
1048 3197 1179 3245 pulsare
1206 3211 1216 3235 ς

292 3263 332 3290 ut
355 3250 411 3289 his
437 3253 565 3287 meritis
591 3248 702 3285 debita
727 3249 785 3284 illa
812 3247 994 3290 reddatur,
1018 3259 1056 3282 ac
1082 3246 1125 3283 fic
1145 3260 1218 3294 gra-

293 3306 339 3339 tia
365 3304 509 3338 inaniter
534 3305 773 3346 nuncupetur:
798 3308 972 3346 tamquam
998 3301 1103 3345 gratia
1128 3297 1220 3334 nulla

106 3349 514 3411 Beatificum‘l'raeceffe‘it’
539 3353 574 3385 δε
598 3361 659 3385 cor
685 3351 856 3396 tetigerit,
883 3358 920 3383 ut
946 3346 1139 3383 beatificum
1159 3346 1218 3383 bo-

100 3421 228 3450 bonum.
296 3413 390 3439 numv
407 3409 578 3448 peteretur
603 3412 621 3434 a
646 3401 727 3435 Deo
743 3423 755 3441 ,
787 3408 826 3434 ut
851 3407 1057 3446 quaereretur
1084 3400 1180 3434 Deus
1205 3423 1218 3440 ,

84 3458 279 3498 *Psal.58.11.
297 3463 333 3488 ut
346 3449 530 3499 pulsaretur
556 3447 596 3484 ad
607 3449 746 3486 Deum
769 3447 958 3495 frustraque
984 3447 1022 3482 fit
1033 3446 1191 3495 scriptum
1206 3473 1217 3489 ,

120 3495 233 3529 M‘mh·
251 3505 278 3532 5-
297 3499 534 3539 Misericordia
561 3499 630 3544 ejus
653 3501 834 3546 praeveniet
859 3511 913 3533 me
933 3511 941 3532 :
968 3496 1089 3534 frustra
1115 3501 1218 3532 etiam

105 3550 152 3575 ⁴⁴·
297 3564 359 3588 nos
385 3562 450 3599 pro
476 3551 621 3585 inimicis
654 3547 776 3583 nostris
803 3546 913 3593 jubeat
939 3560 1037 3583 orare
1054 3572 1066 3590 ,
1099 3546 1123 3582 fi
1149 3560 1217 3582 non

296 3601 344 3638 est
369 3602 437 3644 eius
463 3597 575 3635 averfia
601 3601 636 3633 &
660 3596 795 3633 adven-fi
821 3597 923 3633 corda
948 3608 1166 3643 convertere.

344 3650 407 3687 Sed
427 3645 767 3697 ponis³apostolicum
785 3646 1037 3688 testimonium,
1063 3648 1107 3684 θ
1125 3645 1166 3681 ab
1183 3657 1217 3680 eo

292 3701 376 3738 dicis
398 3696 593 3745 pulsantibus
616 3700 731 3742 aperiri
756 3722 768 3738 ,
802 3700 856 3741 qui
879 3708 982 3738 omnes
1009 3697 1085 3732 vult
1105 3695 1216 3739 salvos

288 3749 381 3794 fieri,
406 3751 449 3787 Θ
474 3751 506 3784 in
523 3748 709 3791 agnitionem
729 3748 882 3782 veritatis
907 3750 1036 3782 venire:
1061 3755 1099 3782 ut
1125 3743 1216 3780 vide-

292 3801 372 3837 licet
398 3799 647 3844 intelligamus,
673 3794 873 3831 docentibus
890 3794 1014 3837 vobis,
1041 3795 1119 3831 ideo
1145 3806 1216 3830 non

294 3863 411 3887 omnes
437 3848 544 3886 salvos
570 3847 644 3883 fieri
669 3871 682 3889 ,
706 3850 740 3883 &
767 3849 800 3882 in
827 3842 1035 3893 agnitifinem
1063 3845 1214 3881 veritatis

97 2929 187 2959 Mate.
202 2939 230 2965 ⁷·
245 2940 262 2966 7

107 3670 118 3689 1
126 3661 211 3691 ssim.
220 3666 275 3696 1-4-

2090 268 2216 338 ⁴167

1291 354 1432 394 venire,
1455 355 1535 399 quia
1555 351 1616 400 i-pfi
1641 350 1765 388 nolunt
1784 361 1920 400 petere,
1947 362 2025 386 cum
2052 354 2143 393 Deus
2163 370 2217 393 ve-

1289 401 1332 438 lit
1349 402 1448 440 dare;
1468 402 1591 438 nolunt
1608 414 1870 451 quaerere,cum
1890 403 1985 438 Deus
2006 401 2090 437 velit
2111 406 2219 442 osten-

1284 450 1390 490 deres
1417 452 1541 490 nolunt
1568 451 1718 499 pulsare,
1743 465 1822 488 cum
1848 454 1945 488 Deus
1967 451 2053 488 velit
2080 459 2217 500 aperire.

1289 501 1354 538 Sed
1377 500 1470 538 hunc
1495 501 1625 538 sensum
1651 502 1802 539 vestrum
1830 501 1971 538 infantes
1995 501 2047 538 illi
2070 502 2138 550 ipsa
2166 503 2219 542 sua

1289 555 1517 590 taciturnitate
1544 555 1755 589 convincunt
1777 578 1789 595 ,
1815 555 1875 600 qui
1900 565 1963 589 nec
1988 562 2131 600 petunt,
2158 566 2219 590 nec

1282 613 1466 649 quaerunt,
1493 615 1554 638 nec
1575 602 1724 650 pulsan&
1752 607 1864 638 immo
1889 606 1992 638 etiam
2011 615 2092 639 cum
2111 602 2222 652 bapti-

1289 663 1410 689 zantur
1430 678 1442 695 ,
1467 652 1652 688 reclamant
1671 677 1683 695 ‚
1709 651 1869 700 respuunt
1888 678 1901 695 ‚
1927 652 2157 691 reluctantum
2185 659 2219 690 δε

1286 706 1458 751 accipiunt
1476 713 1615 746 tamen,
1640 707 1675 738 &
1696 705 1896 744 inveniunt,
1920 706 1956 738 δε
1972 705 2123 750 aperitur
2150 708 2219 745 eis,

1287 756 1322 788 δε
1351 756 1477 788 intrant
1504 757 1537 788 in
1557 765 1697 800 regnum
1725 755 1816 794 Dei,
1842 751 1902 788 ubi
1927 752 1965 787 fit
1983 756 2032 788 eis
2057 757 2220 789 aeternita-

1286 805 1329 838 tis
1348 802 1456 846 stilus,
1482 808 1518 839 δι
1535 806 1663 850 agnitio
1683 806 1854 839 veritati53
1876 802 1979 848 longe
2001 802 2154 850 pluribus
2172 806 2220 838 in-

1288 851 1436 889 fantibus
1463 856 1497 888 in
1525 853 1622 889 istam
1648 856 1790 899 gratiam
1817 865 1888 888 non
1913 852 2083 901 adoptatis
2107 852 2150 889 ab
2176 865 2219 888 eo

1285 906 1345 949 qui
1368 902 1443 939 vult
1461 915 1580 938 omnes
1600 901 1758 938 homines
1776 902 1886 939 salvos
1906 902 1982 939 fieri
1994 928 2006 946 ,
2025 907 2060 940 &
2078 908 2111 939 in
2128 905 2221 950 agni-

1287 955 1421 987 tionem
1447 956 1599 988 veritatis
1620 957 1755 988 venire.
1781 951 1918 997 Quibus
1938 953 2051 989 dicere
2069 965 2140 988 non
2158 965 2220 1002 po·
2238 982 2290 1010 M·
2320 980 2339 1010 b

1287 1000 1351 1037 test
1366 1025 1376 1041 ‚
1403 1001 1535 1043 Volui,
1556 1006 1590 1038 &
1607 1001 1783 1038 noluistis:
1802 1005 1882 1048 quia
1902 1001 1926 1037 fi
1945 1001 2123 1045 voluisset,
2142 1004 2218 1050 quis
2238 990 2318 1058 „J”
2341 1003 2347 1010 '
2368 990 2414 1018 23·

1286 1064 1411 1088 eorum
1436 1055 1495 1099 qui
1516 1051 1671 1087 nondum
1693 1049 1819 1087 habent
1844 1051 2031 1088 voluntatis
2051 1052 2114 1088 suae
2133 1051 2219 1087 arbi-

1287 1105 1413 1142 trium,
1440 1101 1611 1138 voluntati
1631 1103 1699 1147 ejus
1723 1102 2060 1149 omnipotentiffimae
2086 1101 2220 1138 restitis-
2254 1098 2414 1145 Quomodo

1286 1151 1356 1188 set?
1382 1155 1456 1188 Cur
1481 1164 1565 1199 ergo
1591 1164 1661 1187 non
1687 1151 1730 1187 fic
1755 1154 1942 1199 accipimus
1967 1151 2063 1199 quod
2087 1151 2219 1188 dffium
2237 1141 2308 1170 ‘'⁶¹'‘
2336 1142 2414 1208 Dseilffi

1285 1201 1357 1244 est,
1383 1205 1456 1248 Qui
1474 1214 1593 1238 omnes
1620 1201 1694 1237 vult
1721 1200 1879 1237 homines
1899 1201 2008 1237 salvos
2028 1201 2103 1237 fieri
2128 1207 2164 1238 δε
2183 1204 2218 1237 in
2236 1190 2385 1250 Zomsnlfesri?
2404 1196 2411 1202 ”

1284 1255 1497 1299 agnitionem
1525 1254 1677 1287 veritatis
1703 1254 1843 1292 venire,
1869 1251 2051 1299 quomodo
2077 1251 2217 1288 &illud
2237 1262 2352 1295 Rom.5.
2370 1260 2414 1288 ιε.

1288 1306 1473 1351 accipimus
1499 1327 1512 1344 ,
1546 1301 1642 1350 quod
1668 1301 1762 1337 idem
1785 1301 1875 1337 dixit
1900 1299 2090 1349 Apostolus
2116 1327 2128 1345 ‚
2151 1307 2218 1339 Per

1287 1356 1386 1389 unius
1412 1351 1686 1399 justificationem
1714 1355 1750 1387 in
1775 1364 1893 1387 omnes
1918 1349 2078 1388 homines
2104 1351 2146 1388 ad
2172 1353 2218 1398 ju-
2252 1350 2413 1380 theliba.

1286 1402 1529 1439 stificationem
1548 1405 1646 1438 vitae?
1671 1400 1760 1445 (hos
1778 1405 1872 1438 enim
1890 1414 2009 1437 omnes
2027 1404 2123 1438 Deus
2142 1402 2218 1439 vult
2234 1389 2268 1419 ‘³²
2288 1399 2417 1445 peccqfo-

1287 1453 1396 1490 salvos
1423 1453 1518 1494 fieri,
1544 1456 1578 1488 δε
1604 1455 1638 1487 in
1663 1454 1874 1499 agnitionem
1900 1455 2051 1488 veritatis
2078 1455 2217 1494 venire,
2234 1440 2397 1502 :chz‘g‘

1287 1507 1322 1540 in
1349 1516 1435 1551 quos
1460 1515 1579 1539 omnes
1606 1514 1666 1550 per
1692 1505 1790 1539 unius
1808 1501 2084 1548 justificationem
2110 1505 2218 1550 gratia
2236 1508 2330 1546 mfia.

1286 1557 1443 1603 pervenit
1475 1552 1518 1589 ad
1544 1551 1819 1600 justificationem
1847 1555 1951 1588 vitae:
1975 1552 1991 1592 )
2016 1564 2058 1588 ne
2082 1551 2219 1591 dicatur

1285 1602 1409 1647 nobis,
1434 1607 1468 1641 Si
1489 1605 1585 1640 Deus
1610 1603 1686 1639 vult
1710 1615 1829 1638 omnes
1847 1601 2008 1638 homines
2034 1601 2144 1638 salvos
2162 1602 2221 1638 fie-

1281 1657 1340 1698 ri,
1364 1658 1399 1690 &
1425 1658 1461 1690 in
1486 1656 1695 1702 agnitionem
1722 1655 1875 1689 veritatis
1894 1654 2035 1695 venire,
2057 1650 2121 1688 sed.
2141 1651 2222 1687 ideo

1287 1716 1360 1741 non
1386 1707 1549 1748 veniunt,
1574 1707 1652 1752 quia
1678 1703 1738 1751 ipsl
1765 1703 1888 1739 nolunt
1909 1715 2007 1742 ‚·.cur
2031 1711 2088 1738 tot
2106 1701 2222 1743 :millia

1286 1753 1536 1804 parvulorum,
1561 1757 1621 1801 qui
1645 1765 1716 1788 non
1734 1763 1900 1800 percepto
1927 1751 2127 1797 baptismate
2149 1763 2225 1786 mo·

1287 1808 1450 1846 riuntur,
1475 1815 1546 1839 non
1564 1805 1706 1838 veniunt
1734 1805 1768 1836 in
1788 1813 1930 1848 regnum
1956 1804 2048 1841 Dei,
2073 1799 2133 1836 ubi
2153 1812 2224 1834 cer·

1286 1865 1321 1893 ta
1347 1854 1397 1891 est
1422 1856 1552 1902 agnitio
1577 1852 1759 1889 veritatis?
1784 1850 1968 1898 Numquid
1992 1859 2049 1885 aut
2067 1848 2227 1886 homines

1286 1917 1358 1941 non
1378 1903 1477 1946 sunt,
1502 1914 1540 1940 ut
1559 1916 1628 1940 non
1654 1905 1847 1951 pertineant
1863 1901 1907 1937 ad
1925 1899 1962 1936 id
1978 1899 2074 1948 quod
2093 1899 2225 1935 dietum

1287 1954 1360 1997 est,
1387 1966 1508 1990 omnes
1532 1951 1716 1989 homines?
1741 1955 1822 1987 Aut*
1840 1951 1961 1997 aliquis
1986 1953 2120 1996 poterit
2135 1948 2225 1983 dice-

1289 2018 1350 2047 re,
1378 2007 1474 2041 Deus
1500 2002 1642 2050 quidem
1668 2000 1744 2037 vult
1770 2025 1782 2042 ,
1808 1998 1864 2035 sed
1890 1997 1951 2046 ipfi
1975 1996 2100 2034 nolunt
2127 2010 2137 2034 i
2164 2000 2224 2045 qui

1287 2054 1444 2091 nondum
1515 2053 1560 2089 lle
1586 2051 1641 2088 seu
1666 2049 1760 2087 nolle
1779 2048 1840 2085 ista
1866 2058 2060 2086 novel-unm
2085 2046 2222 2096 quando

1287 2118 1349 2141 nec
1376 2108 1424 2146 ii,
1449 2116 1510 2151 qui
1538 2101 1672 2151 parvuli
1699 2100 1917 2148 baptizantur
1942 2109 2044 2147 atque
2070 2101 2223 2135 moriun-

1287 2167 1369 2197 tur,
1396 2159 1430 2191 &
1459 2165 1521 2201 per
1548 2152 1641 2189 illam
1669 2154 1812 2199 gratiam
1838 2150 1879 2186 ad
1900 2152 2109 2198 agnitionem
2136 2152 2221 2184 veri—

1286 2207 1364 2234 tatis
1388 2216 1466 2244 quae
1491 2206 1525 2235 in
1549 2213 1656 2245 regno
1683 2204 1751 2235 Dei
1777 2200 1827 2237 est
1851 2200 2031 2237 certissima
2046 2202 2220 2240 veniunt,

1287 2246 1367 2282 ideo
1393 2250 1558 2288 veniunt,
1585 2250 1663 2294 quia
1683 2246 1744 2293 ipfi
1768 2253 1927 2284 renovari
1946 2249 2082 2284 Christi
2098 2247 2220 2296 baptiss

1287 2307 1378 2332 mate
1389 2295 1576 2332 voluerunt
1586 2297 1599 2330 ἓ
1624 2299 1718 2332 Cum
1728 2308 1812 2345 ergo
1822 2310 1883 2333 nec
1894 2296 1947 2333 illi
1958 2308 2139 2345 propterea
2149 2310 2221 2334 non

1286 2345 1506 2394 baptizentur
1540 2349 1620 2393 quia
1646 2345 1771 2383 volunt
1797 2360 1808 2384 ;
1843 2360 1904 2385 cur
1930 2349 2025 2385 Deus
2058 2351 2118 2395 qui
2144 2347 2221 2384 vult

1283 2409 1404 2432 omnes
1433 2394 1592 2431 homines
1620 2394 1728 2430 salvos
1755 2396 1831 2430 fieri
1850 2420 1862 2436 ,
1887 2401 1922 2431 δε
1947 2400 1984 2430 in
2009 2400 2220 2442 agnitionem

1282 2447 1436 2480 veritatis
1463 2446 1603 2482 venire,
1627 2443 1707 2477 tam'
1725 2442 1853 2478 multos
1878 2446 1912 2478 in
1938 2455 2082 2490 regnum
2099 2445 2220 2489 suum,

1283 2493 1342 2528 ubi
1359 2491 1409 2528 est
1432 2502 1524 2527 certa
1551 2493 1704 2526 veritatis
1729 2494 1883 2538 agnitio,
1910 2495 1970 2539 qui
1994 2493 2093 2530 nullo
2116 2498 2147 2531 ei
2167 2509 2218 2534 re-

1281 2541 1397 2578 fistunt
1418 2541 1603 2577 voluntatis
1621 2539 1788 2584 arbitrio,
1816 2546 1966 2589 patitur,
1990 2555 2061 2580 non
2079 2549 2218 2583 venire?

1330 2591 1404 2628 Nifi
1429 2591 1519 2627 forte
1537 2590 1689 2627 dicturus
1715 2603 1773 2634 es,
1798 2592 1876 2628 ideo
1902 2593 2067 2640 parvulos
2091 2607 2162 2632 non
2178 2600 2216 2634 in
2232 2586 2412 2627 0⁶⁶⁰P2‘50·

1279 2654 1403 2678 corum
1428 2654 1575 2678 numero
1599 2640 1835 2689 deputandos,
1860 2654 1949 2690 quos
1973 2646 2070 2680 Deus
2094 2657 2215 2683 omnes

1280 2691 1356 2729 vult
1373 2691 1482 2728 salvos
1507 2691 1606 2734 fieri,
1631 2694 1709 2739 quia
1731 2705 1768 2727 ca
1793 2692 1921 2735 salute,
1946 2706 2022 2740 quae
2041 2693 2100 2730 hic
2119 2697 2231 2735 intel-r

1279 2742 1413 2791 ligenda
1438 2741 1486 2778 est
1511 2741 1592 2777 salvi
1617 2740 1691 2778 sunt
1716 2741 1801 2790 ipfi,
1827 2741 1918 2778 nihil
1943 2741 2116 2781 trahentes
2141 2759 2216 2783 om-

1278 2796 1364 2830 nino
1382 2794 1532 2841 peccati.
1558 2794 1676 2838 Atque
1701 2794 1749 2827 ita
1774 2803 1807 2827 te
1828 2792 2079 2831 intolerabilior
2104 2794 2216 2843 seque-

1280 2854 1338 2880 tur
1361 2842 1545 2880 absurditas
1570 2869 1578 2877 .
1605 2840 1676 2877 Isto
1701 2844 1792 2877 enim
1818 2841 1930 2878 modo
1955 2842 2215 2882 benevolentio-

1279 2905 1354 2931 rem
1381 2893 1458 2930 facis
1485 2895 1601 2928 Deum
1627 2890 1790 2928 omnibus
1825 2893 2029 2939 impiissimis
2054 2899 2090 2930 &
2114 2894 2215 2932 scele-

1280 2943 1449 2980 ratiffimis
1473 2940 1674 2979 hominibus
1700 2967 1713 2985 ‚
1736 2953 1841 2989 quam
1867 2943 2150 2980 innocentissimis
2175 2950 2211 2982 δε

1283 2994 1466 3043 purissimis
1491 2991 1534 3029 ab
1558 2995 1655 3028 omni
1681 2991 1756 3028 labe
1781 2994 1910 3039 peccati
1939 3005 1947 3027 :
1973 2993 2112 3039 quando
2136 2997 2213 3042 qui—

1281 3046 1362 3081 dem
1386 3043 1466 3080 illos
1491 3068 1504 3085 ‚
1528 3046 1607 3090 quia
1632 3041 1707 3078 vult
1733 3054 1790 3077 eos
1817 3054 1935 3077 omnes
1960 3041 2070 3078 salvos
2095 3043 2170 3079 fieri
2197 3063 2211 3085 .=‚

1282 3094 1357 3131 vult
1383 3098 1484 3131 etiam
1520 3097 1645 3128 intrare
1670 3094 1705 3128 in
1731 3104 1874 3138 regnum
1899 3090 1995 3127 suum
2021 3105 2029 3126 :
2065 3090 2136 3128 hoc
2162 3093 2210 3130 est

1280 3149 1372 3180 enim
1399 3145 1464 3180 illis
1487 3142 1716 3190 consequens,
1743 3141 1765 3177 fi
1790 3141 1872 3177 salvi
1897 3142 2041 3178 fuerint:
2065 3141 2122 3177 sed
2148 3146 2210 3190 qui

1280 3194 1424 3237 nolunt,
1450 3192 1511 3242 ipfi
1536 3191 1595 3228 fibi
1622 3191 1742 3228 obsunt
1763 3218 1771 3226 .
1806 3191 2013 3228 Immensum
2040 3204 2126 3227 vcro
2149 3205 2212 3230 nu-

1282 3258 1415 3281 merum
1442 3242 1667 3293 parvulorum
1694 3268 1707 3286 ‚
1730 3245 1790 3289 qui
1817 3240 1882 3277 fine
1906 3240 2104 3289 baptismate
2129 3253 2207 3278 mo-

1283 3298 1441 3336 riuntur,
1467 3293 1526 3329 suo
1552 3305 1659 3339 regno
1684 3291 1782 3337 adjici
1810 3304 1877 3326 non
1905 3293 1979 3328 vult
2005 3317 2017 3333 ‚
2043 3303 2129 3339 quos
2154 3305 2211 3328 ne·

1283 3357 1348 3391 que
1374 3344 1620 3390 ulla-peccata,
1644 3342 1725 3377 ficut
1745 3344 1888 3389 putatis,
1914 3341 2126 3389 impediunt;
2152 3346 2210 3385 δε,

1283 3393 1377 3442 quod
1414 3393 1525 3429 nullus
1551 3391 1692 3439 ambigit
1718 3416 1731 3433 ,
1764 3392 1831 3438 ejus
1857 3389 2005 3427 refistere
2039 3390 2208 3428 voluntati

1281 3447 1450 3479 contraria
1471 3442 1646 3478 voluntate
1672 3453 1741 3476 non
1761 3438 1910 3488 poliunt.
1937 3441 2062 3486 Sicgfit,
2084 3451 2127 3477 ut
2146 3440 2206 3477 effe

1281 3492 1496 3530 Christianos
1515 3504 1633 3527 omnes
1651 3491 1757 3533 velit,
1784 3503 1931 3538 quorum
1953 3491 2052 3527 multi
2069 3491 2206 3528 nolums

1279 3555 1350 3579 non
1375 3555 1493 3578 omnes
1511 3541 1614 3583 velit,
1640 3553 1788 3588 quorum
1815 3539 1862 3576 est
1889 3553 1992 3576 nemo
2010 3544 2069 3588 qui
2096 3540 2203 3577 nolin:

1278 3591 1372 3639 quod
1390 3590 1555 3627 abhorret
1571 3605 1590 3626 a
1610 3604 1712 3626 vero.
1733 3593 1845 3626 Novit
1861 3592 2034 3626 Dominus
2052 3594 2109 3637 qui
2129 3589 2203 3627 sunt

1277 3643 1365 3687 ejus:
1392 3646 1426 3677 δε
1446 3645 1480 3676 in
1505 3653 1626 3677 eorum
1651 3639 1753 3675 salute
1770 3650 1881 3686 atque·
1894 3643 1927 3675 in
1947 3639 2042 3676 suum
2059 3652 2202 3687 regnum

1276 3691 1530 3727 introduffione
1556 3688 1720 3725 certaest
1746 3689 1902 3725 voluntas
1927 3690 2013 3733 eius.
2039 3692 2201 3737 Sic-ergo
2217 3702 2395 3740 1.Tim.2.4.

1276 3741 1375 3776 debet
1394 3740 1539 3787 intelligi
1564 3738 1660 3787 quod
1685 3738 1812 3775 dierum
1839 3738 1918 3780 est,
1938 3742 2069 3775 Omnes
2087 3737 2201 3776 homi-

1276 3805 1333 3827 nes
1355 3791 1429 3827 vult
1454 3790 1562 3826 salvos
1585 3790 1680 3831 fieri,
1705 3794 1739 3825 &
1767 3792 1801 3824 in
1821 3791 2028 3835 agnitionem
2048 3793 2199 3825 veritatis

1277 3838 1717 3888 venirevquemadmodum
1738 3838 1939 3887 intelligitur
1958 3838 2052 3886 quod
2069 3838 2198 3923 dignm

2079 3901 2095 3922 e
2136 3913 2148 3929 2

2220 3612 2325 3643 thim.
2331 3625 2365 3644 :a
2370 3626 2398 3652 9.
