2652 4126
630 189 1095 247 EXPOSITIO
1151 201 1236 243 IN
1299 184 1699 245 PsALMUM
1755 199 1878 242 civ.

354 288 489 327 Semen
521 284 718 326 Abraham
739 282 850 339 servi
868 283 968 336 ejus,
987 280 1075 340 filii
1093 281 1217 336 Jacob

410 342 518 386 clefh'
548 346 645 395 ejus.

353 406 465 464 Quia
498 407 669 447 multum
711 402 765 445 est
795 403 1006 460 paucisque
1038 402 1215 460 possibile

291 465 370 520 est,
401 465 615 507 secundum
643 462 685 505 id
715 462 873 520 semper
903 464 1042 505 Deum
1072 476 1216 519 quaere-

118 518 274 557 'hd-³³4
292 541 335 569 re
360 557 372 580 ‚
402 524 507 584 quod
538 523 622 583 ipse
650 522 699 566 de
731 521 769 565 se
800 523 858 564 ait
876 552 890 577 ,
928 525 1014 581 Ego
1036 521 1126 577 sam
1155 521 1222 579 qui

284 586 405 644 sum,·
437 583 650 628 secundum
680 582 721 624 id
751 581 893 625 saltem
923 597 947 625 a
977 581 1221 640 parvulisest

116 641 255 677 thid-15·
293 644 548 706 quaerendus,
577 641 682 701 quod
712 641 795 700 ipse
808 643 889 696 ait,
918 645 959 685 E
986 641 1098 697 osum
1118 646 1223 685 Deus
1282 656 1285 658 ’
1345 641 1524 698 Quando
1542 671 1556 695 ‚
1585 641 1718 698 inquit
1737 673 1750 696 ‚
1779 643 1822 685 in
1855 655 1962 686 terra
1993 645 2215 687 Chanaam

294 705 492 748 Abrabam
511 734 524 756 ‚
561 703 612 746 Θ·
642 704 747 744 Deus
775 702 912 758 Isaac,
941 658 992 744 (ξ’
1021 701 1127 742 Deus
1147 705 1224 756 Ja-
1285 700 1576 744 habitaverunt
1606 714 1740 759 patres
1753 702 1990 757 Abraham,
2020 706 2059 747 8<
2090 704 2217 756 Isaac,

292 765 380 819 cob,
408 764 475 807 hoc
503 763 599 806 mihi
628 762 876 818 nomenestin
906 774 1108 804 aeternum.
1138 763 1227 803 Me·
1287 760 1327 801 8(
1366 761 1487 816 Jacob
1507 791 1520 814 ‚
1558 763 1764 819 peregrini
1805 776 1920 806 erant
1952 764 2034 806 illic
2054 794 2068 816 ,
2106 765 2216 820 prius

293 837 461 869 memore
500 837 597 881 ergo
627 820 857 864 mirabilium
886 822 964 872 ejus
1003 836 1083 876 quae
1105 819 1226 877 jecit,
1285 833 1405 876 quam
1436 821 1550 864 illam
1579 824 1811 879 acciperent
1839 824 1883 866 in
1915 822 2217 866 hereditatem:

295 886 364 944 qui
395 883 529 927 semen
560 882 649 926 estis
680 881 856 924 Abrahae
867 896 881 937 3
912 882 951 923 8<
970 879 1042 922 filii
1073 880 1224 937 ejusJa-
1286 880 1324 921 8<
1350 896 1432 921 cum
1463 879 1590 938 efflent
1614 882 1833 940 pauciffimi
1852 913 1866 936 ‚
1903 883 2142 940 transierunt
2172 884 2219 926 de

295 946 370 988 cob
402 959 520 1002 quem
534 943 657 1000 elegit
670 944 804 985 Deus.
836 941 1067 984 Utfialtius
1083 942 1220 983 Deum
1279 953 1395 996 gente
1423 940 1466 980 in
1491 953 1645 997 gentem
1675 940 1757 983 fine
1789 957 1896 985 noxa
1919 972 1930 984 .
1970 945 2075 986 Non
2106 944 2220 986 enim

295 1021 379 1047 non
409 1003 571 1064 potestis
590 1001 833 1054 defiderare,
863 998 1155 1043 velsecundum
1177 1015 1225 1043 ea
1285 998 1467 1056 permisit
1499 1001 1613 1042 Deus
1631 1030 1645 1052 ,
1685 1013 1728 1042 ut
1758 1001 1964 1058 quisquam
1995 1003 2074 1044 illis
2105 1018 2222 1046 noce·

2099 209 2207 262 227

1341 281 1604 339 Transierunt
1631 281 1678 324 de
1702 293 1819 340 gente
1847 282 2072 340 ingentem,
2099 285 2145 325 de
2154 300 2210 326 re·
2250 308 2284 345 v·
2307 319 2354 348 13·

1393 357 1469 400 gno
1500 343 1542 382 in
1567 339 1753 401 populum
1781 338 1970 384 alterum.

1335 404 1428 443 Non
1457 399 1620 457 reliquit
1649 402 1837 444 hominem
1867 417 1996 444 nocere
2025 400 2129 457 illis,
2159 404 2208 447 Θ·
2250 427 2283 462 9,
2307 437 2354 465 14·

1394 461 1574 519 corripuit
1595 474 1669 520 pro
1698 463 1751 504 eis
1780 478 1902 522 reges.
1935 465 1949 472 '

1340 518 1477 561 Nolite
1515 533 1669 580 tangere
1709 523 1882 579 Cbnstos
1908 539 2010 566 meos
2026 554 2040 577 ‚
2078 523 2129 566 (θ’
2167 523 2209 565 r‘n
2253 548 2287 584 ᾗ,
2309 558 2357 589 ¹5·

1396 580 1598 639 Prophetis
1626 583 1718 623 meis
1745 581 1865 625 nolite
1893 593 1910 611 ⁸
1938 581 2170 643 malignare.
2289 598 2307 620 ⁸

156 301 188 335 ἡ.
209 307 237 334 6.

296 1079 380 1122 quae
412 1078 502 1107 cum
534 1063 714 1126 patribus
753 1060 891 1104 vestris
921 1073 1107 1118 operatus
1137 1060 1192 1103 est
1212 1091 1226 1115 ,

294 1124 547 1184 praesentiam
579 1122 697 1180 ipsius
726 1121 951 1180 expetatis.

157 1191 193 1227 ix
211 1205 241 1232 7.
355 1184 442 1245 Ipfi=
470 1185 655 1226 Dominus
667 1186 770 1226 Deus
787 1181 932 1238 noster,
961 1180 1003 1222 in
1033 1180 1136 1222 omni
1152 1193 1226 1222 ter-

443 1260 485 1285 ra
503 1243 651 1294 judicia
680 1243 781 1294 ejus.

118 1313 199 1346 Rom.
214 1314 280 1351 9.8.
358 1303 669 1355 Manifestavit,
699 1301 803 1360 quod
814 1302 858 1343 hi
869 1299 992 1344 essent
1014 1300 1084 1344 filii
1098 1301 1227 1343 Abra-

295 1364 420 1418 ham,
449 1365 516 1421 qui
546 1362 670 1406 effent
690 1361 1062 1423 filiipromissionis,
1091 1360 1229 1403 dicen·

296 1423 372 1478 do,
400 1426 450 1466 In
481 1424 582 1464 omni
611 1436 711 1464 terra
732 1423 879 1474 judicia
907 1422 1016 1472 ejus:
1055 1422 1148 1480 quia
1179 1422 1222 1461 in

295 1497 384 1527 toto
416 1482 566 1526 mundo
596 1483 756 1527 fuerant
787 1481 858 1524 filii
889 1480 1064 1523 Abrahae
1085 1512 1098 1535 ,
1127 1494 1223 1537 quos

295 1558 405 1586 nunc
436 1543 565 1586 sermo
595 1543 855 1602 propheticus
886 1543 1119 1584 cohortatur
1136 1570 1150 1594 ,
1180 1551 1224 1583 ut

294 1604 561 1647 meminerint
593 1603 840 1645 mirabilium
874 1602 979 1643 Dei.

147 1666 190 1718 fl·
209 1670 238 1702 8.
355 1665 508 1706 Memor
527 1662 611 1720 suit
641 1664 682 1704 in
703 1660 885 1717 saeculum
915 1661 1130 1716 testamenti
1150 1659 1228 1717 sui,

117 1713 182 1743 V‘d·
201 1717 271 1753 ff?
392 1765 397 1769 ,
419 1723 528 1766 verbi
556 1723 660 1781 quod
685 1722 891 1764 mandavit
908 1722 951 1762 in
980 1719 1090 1763 mille
1116 1735 1228 1780 gene·

413 1797 598 1827 ratrones.

153 1870 189 1905 ᾗ.
209 1881 238 1908 9
353 1844 478 1910 ,Quod
504 1843 688 1904 disposuit
718 1843 937 1898 Abrabam,
966 1842 1017 1886 &⁴
1027 1843 1227 1894 juramen-

412 1904 446 1946 η’
466 1905 530 1961 sui
559 1905 610 1946 ad
638 1903 764 1960 Isaac.

143 1986 181 2027 9·
202 1999 238 2022 ,ο
353 1965 415 2006 Et
442 1964 587 2020 statuit
615 1962 717 2007 illud
735 1963 862 2019 Jacob
890 1963 934 2005 in
964 1975 1198 2025 praeceptum
1215 1995 1229 2019 ‚

165 2023 170 2026 ’
411 2024 469 2066 Φ·
490 2020 614 2080 Israel
641 2025 684 2066 in
712 2025 979 2079 testamentum
1016 2038 1197 2067 aternum
1215 2054 1228 2067 .

143 2107 182 2150 θ’
201 2118 238 2142 u
351 2083 492 2127 Dicens
511 2113 524 2135 ,
566 2083 663 2124 Tibi
691 2083 782 2124 dabo
811 2096 954 2125 terram
994 2084 1199 2126 chanaam
1215 2115 1230 2139 ,

403 2140 626 2201 funiculum
655 2142 874 2184 hereditatis
902 2135 1059 2199 vestra.

353 2205 430 2247 Per
459 2217 507 2246 ea
536 2213 622 2260 quae
651 2202 927 2260 tranfieruntb,
957 2202 1230 2260 significantur

231 2273 234 2276 ’
294 2277 344 2308 ea
373 2259 459 2322 quae
479 2263 739 2319 vmanebunt;
770 2264 808 2304 8(
839 2264 1146 2320 perimaginem
1158 2278 1228 2306 ve-

293 2326 390 2367 teris
421 2322 674 2377 testamenti,-
704 2320 943 2366 confirmata
973 2322 1028 2366 est
1060 2322 1226 2381 promis—

290 2384 348 2426 fio
378 2382 618 2427 hereditatis
645 2389 825 2435 mei-nae,
853 2396 928 2440 per
947 2383 1115 2425 verbum
1127 2383 1227 2439 quod

291 2442 495 2484 mandavit
525 2443 631 2484 Deus
648 2438 1117 2499 r'n-mr'llegenerat'iones,
1146 2443 1225 2484 hoc

292 2499 373 2554 est,
402 2502 446 2543 in
475 2515 638 2544 omnes.
671 2502 788 2543 Nam
801 2513 844 2543 ut
855 2500 960 2542 nihil
990 2502 1109 2544 vacui
1128 2514 1226 2557 prae-

292 2560 562 2612 termitteret,
592 2569 686 2601 eum
717 2572 932 2601 numerum
941 2558 1072 2616 posuit
1104 2571 1225 2613 gene-

291 2619 496 2660 rationum
508 2647 522 2671 ,
550 2631 670 2674 quem
682 2616 835 2659 constat
844 2626 921 2659 nec
930 2619 982 2659 ab
992 2615 1078 2673 ipso
1088 2614 1224 2656 Adam

292 2677 414 2735 usque
442 2677 504 2719 ·ad
534 2675 658 2719 finem
689 2674 830 2718 mundi
859 2674 967 2732 poffe
1007 2674 1226 2731 compleri,

292 2735 423 2779 donec
453 2750 595 2779 omnes
603 2736 883 2793 generationes
894 2733 1110 2787 finiantur,
1138 2734 1225 2790 quie

293 2809 346 2838 ex
384 2794 607 2837 abundanti
647 2795 877 2837 millenario
908 2808 1078 2836 numero
1116 2808 1224 2836 com·

291 2855 499 2912 prehensae
530 2854 621 2896 sunt
641 2885 651 2896 .
694 2854 876 2896 Verbum
908 2851 1093 2895 mandati
1134 2868 1223 2910 per-

292 2926 455 2957 manet:
485 2913 615 2967 idest,
645 2913 814 2956 verbum
827 2912 943 2966 fidei,
981 2913 1221 2970 cuipromis-

1285 1072 1380 1101 ret:
1412 1059 1469 1101 ita
1499 1071 1543 1102 ut
1574 1060 1660 1116 ipsa
1690 1060 1891 1118 protec'cio
1924 1062 2007 1103 Dei
2039 1061 2171 1105 dicere
2202 1062 2218 1088 ¹³
2298 1067 2316 1098 b

1286 1118 1516 1172 videretur,
1546 1117 1683 1161 Nolite
1713 1133 1867 1178 tangere
1900 1121 2072 1176 Chrissos
2101 1138 2223 1169 meos,

1285 1180 1325 1221 8<
1355 1191 1518 1222 caetera.
1550 1180 1652 1237 Quae
1683 1180 1808 1222 verba
1838 1181 1910 1223 etii
1941 1196 2022 1224 non
2053 1181 2145 1224 sunt
2175 1182 2221 1224 in

1287 1238 1451 1280 historia
1471 1269 1484 1292 ,
1523 1238 1690 1282 fuerunt
1722 1253 1860 1283 tamen
1892 1243 1934 1283 in
1966 1241 2051 1298 ipso
2083 1256 2218 1284 rerum

1286 1298 1461 1342 effectu:
1501 1314 1592 1341 cum
1623 1299 1818 1342 divinitus
1850 1301 1926 1343 hoc
1958 1314 2144 1358 ageretur
2174 1303 2219 1344 in

1285 1359 1465 1400 cordibus
1496 1360 1840 1416 alienigenarum,
1868 1374 1911 1402 ut
1932 1361 2046 1403 eleffl
2059 1362 2142 1404 Dei
2163 1362 2220 1404 es-

1285 1418 1374 1460 sent
1404 1418 1511 1460 illaefi
1531 1449 1543 1460 .
1585 1421 1672 1477 Qui
1701 1419 1792 1462 ideo
1822 1420 1904 1476 jam
1936 1433 2043 1474 ¹tunc
2081 1421 2220 1464 christi

1283 1477 1379 1520 diffi
1419 1478 1510 1520 sunt
1528 1509 1543 1533 ,
1579 1493 1671 1522 cum
1701 1480 1832 1522 adhuc
1861 1481 1905 1522 in
1936 1480 2005 1522 usu
2044 1480 2219 1524 chrisma

1283 1553 1368 1580 non
1400 1537 1526 1581 esset:
1569 1540 1663 1596 quia
1693 1541 1732 1581 8<
1763 1540 1836 1597 ipsi
1867 1541 1911 1582 in
1943 1555 1990 1582 ea
2023 1541 2221 1584 vivebant

1286 1597 1388 1651 fide,
1416 1612 1502 1655 quae
1531 1611 1619 1640 erat
1649 1600 1870 1642 noviffimis
1900 1601 2222 1658 temporibusre-

1287 1656 1489 1704 velanda.
1521 1658 1590 1699 Ab
1621 1659 1740 1701 initio
1771 1661 1885 1702 enim
1914 1662 2102 1703 omnibus
2133 1660 2220 1703 san-

1280 1717 1359 1760 ·&is
1408 1727 1496 1760 non·
1542 1717 1614 1759 nifi
1654 1718 1698 1760 in
1741 1718 1906 1762 Christo
1935 1749 1949 1773 ,
1997 1719 2221 1775 justificatio

1286 1777 1386 1820 fuit.
1618 1799 1623 1803 ³
2141 1802 2144 1805 >

1344 1840 1407 1880 Et
1435 1836 1595 1880 vocaw‘t
1614 1835 1880 1899 samemsuper
1891 1853 2055 1894 terram,
2085 1843 2222 1885 &om-
2264 1866 2301 1900 ᾗ.
2326 1866 2370 1894 ¹5,

1405 1913 1455 1939 ne
1475 1897 1765 1956 firmamentum
1789 1901 1904 1959 panis
1934 1902 2157 1960 contrivit:

1305 1982 1309 1986 ·
1348 1958 1470 2016 Misit
1499 1971 1591 2000 ante
1619 1974 1678 2000 eos
1706 1961 1837 2001 ‘tirum
1856 1991 1870 2014 ,
1898 1960 1941 2001 r'n
1964 1959 2125 2017 servum
2155 1970 2225 2005 ὐθέ

1408 2019 1610 2060 numdatus
1637 2019 1693 2075 est
1713 2021 1750 2074 J
1752 2020 1884 2079 ofiepb.

1350 2080 1426 2122 Per
1463 2079 1571 2120 hanc
1601 2077 1902 2136 dispofitionem
1943 2081 2094 2126 faaum
2134 2083 2223 2138 eff,

1288 2150 1333 2181 ut
1364 2138 1581 2181 transirent
1611 2138 1660 2181 de
1692 2153 1813 2196 gente
1847 2144 1888 2183 in
1921 2156 2112 2200 gentem,
2138 2143 2222 2186 ‘'de

1292 2213 1419 2256 regno
1451 2200 1493 2240 in
1527 2199 1720 2256 populum
1752 2201 1924 2244 alterum
1947 2233 1957 2243 .
2001 2203 2124 2260 Quod
2155 2219 2222 2246 au-

1290 2271 1376 2301 tem
1407 2259 1572 2301 vocavit
1602 2258 1754 2301 famem
1775 2289 1790 2313 ,
1828 2275 1910 2303 non
1943 2262 1994 2304 fic
2024 2264 2225 2320 accipien-

1286 2316 1415 2371 dum,
1455 2319 1562 2374 quasi
1602 2318 1730 2360 fames
1761 2320 1894 2377 aliqua
1933 2319 2105 2379 pe‘rsona
2145 2323 2225 2376 fit,

1289 2379 1355 2420 vel
1385 2392 1446 2420 res
1477 2376 1742 2420 substantialis
1771 2381 1811 2420 8<
1843 2382 2011 2433 vivens,
2041 2397 2126 2438 quae
2146 2383 2223 2423 iin-

1285 2438 1400 2492 perio
1431 2438 1614 2478 vocantis
1644 2437 1733 2478 aaa
1763 2437 1812 2479 fit
1829 2468 1843 2491 ,
1881 2453 1973 2482 cum
2002 2439 2131 2481 fames
2161 2441 2222 2481 ni-

1284 2494 1347 2533 hil
1377 2493 1483 2534 aliud
1516 2495 1589 2546 fit,
1619 2509 1741 2550 quam
1772 2510 1824 2536 ex
1854 2497 1993 2539 inedia
2014 2498 2222 2541 contraaa

1284 2551 1510 2606 pernicies:
1539 2551 1605 2592 sed
1635 2564 1803 2605 vocata,
1832 2553 1984 2598 dietum
2015 2556 2104 2611 est,
2143 2571 2221 2615 pro

1285 2608 1413 2651 facia.
1448 2610 1565 2650 Vocat
1594 2611 1706 2652 enim
1738 2612 1843 2654 Deus
1871 2629 1953 2670 quae
1983 2632 2059 2658 non
2091 2618 2189 2673 sunt
2206 2647 2220 2672 ,
2234 2645 2382 2683 Rome„

1283 2682 1478 2724 tamquam
1507 2685 1590 2724 quae
1610 2670 1720 2727 sint:
1750 2687 1835 2728 quae
1865 2688 1948 2716 non
1980 2675 2071 2718 ideo
2102 2687 2219 2720 voca—
2306 2667 2313 2677 ’
2385 2667 2396 2677 ⁰

1284 2741 1327 2771 ta
1357 2728 1453 2771 sunt
1477 2730 1572 2786 quia
1603 2742 1740 2783 erant,
1769 2732 1836 2774 fed
1866 2732 2218 2795 ideoderuntquia
2292 2766 2310 2796 d

1284 2801 1430 2831 vocata
1460 2788 1573 2831 sunt:
1603 2788 1644 2831 id
1675 2789 1754 2843 est,
1783 2792 1965 2836 exfistere
1986 2795 2079 2850 juffa
2111 2800 2394 2851 sunt,1sa1·.45-¹1-

1283 2864 1356 2906 per
1387 2863 1480 2891 eum
1511 2849 1578 2905 qui
1597 2848 1696 2905 fecit
1724 2865 1806 2906 quae
1828 2850 1967 2907 sutura
1994 2854 2092 2911 sunt
2111 2888 2122 2899 .
2164 2859 2214 2900 In
2230 2847 2283 2884 με·
2305 2857 2371 2878 ²¹⁰·

1281 2923 1331 2951 eo
1363 2923 1460 2951 vero
1490 2907 1597 2966 quod
1623 2910 1733 2967 misit
1761 2925 1852 2953 ante
1881 2929 1940 2955 eos
1968 2916 2098 2957 virum
2115 2947 2129 2969 ‚
2172 2919 2216 2959 in

289 2974 333 3017 sa
352 2974 408 3018 est
437 2973 641 3017 hereditas
670 2985 842 3025 aeterna.
874 2971 998 3031 Quod
1020 2974 1134 3015 enim
1147 2974 1219 3026 ait,
1272 2967 1432 3025 servum
1462 2969 1713 3011 venumdatus
1742 2972 1797 3027 est
1826 2973 1862 3027 J
1866 2974 1977 3033 oseph
1995 3005 2008 3029 ,
2046 2975 2219 3034 diligens

293 3026 391 3077 Tibi
415 3034 510 3077 dabo
539 3047 682 3076 terram
710 3033 912 3076 chanaam
930 3063 944 3087 ‚
983 3046 1065 3075 non
1105 3047 1221 3076 man·

289 3093 432 3138 datum
462 3094 518 3138 est
537 3124 550 3148 ,
580 3093 646 3136 sed
676 3092 940 3152 promissum:
980 3091 1217 3135 mandatum

109 3183 213 3216 Habe:
226 3196 275 3226 ²4
291 3166 428 3198 autem
458 3153 537 3208 est,
565 3165 610 3196 ut
637 3152 754 3210 justus
783 3168 836 3196 ex
865 3151 942 3195 fide
974 3153 1089 3195 vivat
1108 3168 1131 3206 ,2
1160 3155 1223 3195 cui

215 3208 223 3218 ”
290 3216 423 3272 patria
441 3221 602 3257 'aeterna
631 3213 886 3272 promittitur
914 3212 1084 3255 nomine
1101 3213 1221 3269 cujus-

290 3273 398 3335 dam*
415 3285 552 3327 terrae,
581 3273 687 3330 cujus
717 3273 812 3325 dum
844 3286 928 3314 non
957 3272 1013 3315 est
1023 3284 1221 3330 perpetua

246 3368 248 3370 .
289 3331 498 3391 pofl'effio5
525 3332 686 3379 certum·
711 3332 767 3377 est
796 3333 904 3391 quia'
919 3331 999 3376 alia
1026 3331 1219 3390 fignifica-

287 3405 356 3435 tur
690 3403 691 3406 ’

350 3453 463 3494 Cum*
485 3452 611 3511 'eff'ent
638 3453 792 3497 numero
821 3452 957 3508 brevi,
980 3454 1221 3514 p'aucr'ffimi,

407 3512 459 3556 θ’
487 3511 615 3556 incolae
643 3514 686 3555 in
714 3531 780 3557 ea.

347 3572 397 3616 Id
426 3571 508 3626 est,
533 3573 578 3615 in
609 3585 716 3621 terra
746 3574 974 3618 Chanaan.

409 3635 452 3674 S.
484 3631 683 3691 Prosperi-

326 3721 346 3743 α
366 3710 449 3742 Editi
470 3709 560 3741 nostri
580 3709 621 3755 ad·
637 3719 734 3756 13an
749 3721 852 3758 omues
871 3712 980 3758 habent
995 3733 1006 3750 ‚
1026 3713 1185 3755 malignare
1203 3726 1216 3742 .-

312 3761 346 3783 to
365 3761 427 3796 quo
446 3752 479 3782 in
499 3750 880 3820 Angliistinztnarratmne,
900 3762 932 3783 ut
953 3763 985 3783 m
1008 3754 1137 3794 Vulgata
1163 3765 1216 3784 no·

315 3801 351 3862 rb
365 3791 853 3869 ιὲᾗιίξῖΐῦεζὲοὲεἴᾜὲηἶυίὀηκν
870 3855 882 3866 .
909 3818 1085 3866 Posteriores
1108 3835 1217 3866 videre.

139 3461 176 3505 v,
197 3474 245 3497 η.

1280 3028 1475 3086 ίηΓΡεξὶὶο
1506 3029 1721 3072 necessaria
1751 3030 1806 3073 est
1825 3063 1839 3086 ,
1868 3048 1947 3091 qua
1976 3033 2218 3091 videamus,

1279 3088 1483 3146 quomodo
1512 3091 1630 3132 malis
1660 3091 1846 3147 operibus
1876 3093 2092 3138 hominum
2111 3097 2217 3140 bene

1258 3160 1450 3192 ‚utaturz
1489 3163 1581 3191 curn
1611 3149 1799 3193 homines
1830 3153 1938 3196 bona
1967 3169 2091 3213 opera
2132 3158 2217 3199 Dei

1281 3207 1333 3251 ad
1372 3207 1684 3253 instrumentum
1722 3211 1886 3255 malitiae
1925 3214 2000 3257 suae
2049 3217 2215 3259 transfe-

1281 3282 1397 3311 rant·

1341 3326 1663 3371 Humiliaverunt
1691 3332 1734 3373 in
1763 3334 1996 3393 compedibus
1997 3335 2113 3392 pedes
2121 3337 2216 3386 ejus:
2258 3363 2284 3399 ᾖ,
2314 3365 2347 3393 ²3

1393 3387 1542 3445 ferrum
1564 3392 1826 3448 pertransivit
1853 3395 2020 3435 animam
2049 3396 2150 3453 ejus3
2282 3389 2292 3395 ’
2350 3387 2360 3396 ”

1339 3449 1473 3490 Donec
1482 3450 1636 3490 veniret
1646 3451 1804 3493 verbum
1813 3453 1912 3507 ejus,
1932 3451 2120 3510 eloquium
2132 3458 2209 3498 Do·
2252 3479 2286 3514 ψ.
2310 3492 2356 3520 19·

1391 3508 1487 3550 mim·
1516 3509 1778 3565 inflammavit
1808 3528 1914 3555 eum.
2252 3515 2254 3517 ’

1334 3566 1568 3626 Compedes
1595 3570 1757 3626 quidem
1767 3572 1853 3628 Jose
1857 3573 1914 3630 ph
1925 3576 2113 3634 accepisse
2124 3591 2207 3620 non

1823 3634 1893 3675 Ff
1949 3650 1972 3677 2
2093 3637 2148 3680 le-

1276 3723 1322 3744 tur
1342 3722 1427 3743 :rnec
1447 3711 1523 3742 male
1544 3712 1748 3745 emendatum.

1315 3763 1332 3783 c
1354 3752 1402 3783 Ita
1421 3752 1514 3792 Lugd.
1536 3750 1566 3782 ἃ
1589 3753 1667 3784 Lov.
1686 3754 1775 3790 editi,
1798 3761 1830 3785 ut
1850 3753 1933 3793 supra
1954 3754 2062 3794 legitur
2075 3779 2082 3788 .
2114 3756 2206 3787 Duae.

1276 3793 1308 3826 &
1328 3793 1438 3825 Colon.
1459 3795 1498 3824 (9⁶
1518 3803 1616 3831 regno.
1637 3793 1828 3830 Posteriores,
1851 3795 1891 3826 Φ·
1909 3797 1944 3826 ae
1963 3806 2061 3836 regno.

1317 3833 1336 3865 d
1356 3834 1449 3867 Duae.
1469 3832 1500 3865 &
1522 3832 1758 3874 Cohedieiones,
1777 3843 1875 3867 erant.
1898 3836 2203 3877 Lugd.&L0v.erum.
