2652 4126
15 2284 27 2299 a
17 2243 23 2250 .
15 2186 19 2195 κ
0 1978 21 2154 ·Ἆι“”-’νΑ-’Ἆῗ““”“”“

97 1054 167 1095 Cap.
189 1063 214 1092 5.

176 1182 197 1244 8-0

175 2092 200 2166 wh’

189 2458 212 2480 u
180 2290 222 2404 g-ffl'

481 181 585 240 DE
629 180 824 241 Vi‘rA
866 174 1844 251 CONTEMPLATIVA‚-LIBER
1888 184 1986 240 ΙΙΙ.

259 274 305 318 ,in
334 274 407 323 ipso
435 286 546 314 totum
572 288 675 324 genus
702 275 887 315 humanum
907 301 920 321 ,
969 275 1057 315 velut
1083 281 1117 314 in
1145 290 1194 314 ra·

262 325 344 371 'dice
372 325 538 371 sinuum,
572 338 693 366 nature
701 326 819 376 sponte
838 332 853 349 ²
871 330 1034 375 peccantis
1051 330 1194 366 vitiatio-

273 388 323 420 ne,
332 388 484 424 corrupit
494 404 502 412 .

489 456 854 516 GA'PUT
928 479 988 516 ix,

443 576 570 622 Quibus
581 573 690 623 fignis
707 575 910 612 invidiorum
928 575 1033 613 decla·

456 640 459 645 ·
604 635 693 663 retur
717 626 870 664 invidia.

279 741 309 769 1.
327 727 503 820 ORdo
521 729 590 778 ipse
618 732 749 776 exigere
767 731 920 774 videtur,
954 739 993 767 ut
1011 729 1053 766 de
1083 729 1202 767 invidia

445 791 581 827 quoque
609 792 711 828 pauca
728 780 894 824 dicamus,
928 791 1003 826 quae
1021 782 1055 816 in
1073 791 1202 817 tantum

273 829 318 871 [dc
338 827 497 876 superbiai
525 829 619 866 fonte
637 834 799 874 manavit,
832 841 870 868 ut
887 828 1038 867 diabolus
1067 833 1123 878 qui
1145 842 1202 876 pet

274 877 460 927 superbiam
480 883 600 927 periit,
625 879 798 917 hominem
818 883 966 928 primum
987 878 1116 923 statim,
1137 879 1203 916 suc·

274 929 386 965 census
405 929 538 966 invidiae
556 929 655 973 felle,
682 930 880 978 perdiderim
905 926 923 952 b
942 941 1082 976 namque
1102 942 1119 965 a
1137 930 1204 966 dia·

273 977 358 1016 bolo
377 980 547 1028 proceffit.
581 980 748 1023 Proinde,
781 984 858 1028 quia
878 980 968 1017 idem
985 978 1135 1015 diabolus
1154 979 1205 1016 su·

273 1028 460 1077 perbiendo
488 1030 640 1073 invidus,
675 1042 741 1066 non
762 1030 953 1067 invidendo.
970 1028 1124 1077 superbus
1150 1042 1205 1078 ap-

273 1082 403 1128 par-uiti
434 1092 503 1117 non
534 1080 567 1116 su
594 1079 682 1117 erbia
710 1079 836 1118 fruetus
865 1079 995 1116 invidiae
1022 1078 1106 1123 fuit,
1149 1078 1202 1115 sed

274 1130 400 1169 invidia
415 1141 468 1181 ρι’
477 1093 637 1178 superbiai
653 1130 761 1167 radice
779 1129 950 1177 proceffit.
970 1128 1095 1172 Unde,
1119 1140 1203 1176 quo-

275 1183 367 1219 niam
391 1190 555 1228 quantum
575 1180 708 1218 invidos
735 1180 860 1229 affligat
877 1178 1021 1222 invidia,
1056 1183 1070 1200 ⁶
1092 1178 1200 1216 sermo

271 1229 422 1279 superior
439 1242 443 1252 ’
451 1232 515 1275 jam
528 1230 707 1278 prodidit,
741 1243 810 1269 non
828 1229 888 1268 hic
916 1226 935 1253 ‘¹
953 1229 995 1265 de
1023 1228 1110 1265 illius
1128 1227 1202 1277 sup-

270 1279 385 1328 plicio
402 1280 580 1318 dicendum
610 1280 744 1319 videtur
759 1305 773 1325 ,
806 1292 877 1328 quo
904 1278 978 1316 suos
1003 1282 1128 1315 animos
1153 1283 1201 1315 in-

270 1330 342 1370 vidi
356 1330 522 1368 »laniando
546 1329 751 1370 conficiunti
769 1330 837 1368 'sed
860 1329 930 1366 hoc
959 1340 1108 1372 tantum,
1141 1329 1201 1365 do·

271 1379 379 1417 naute·
389 1383 567 1424 Domino,
591 1379 749 1419 debemus
766 1379 958 1423 ostendere,
991 1379 1132 1426 qualiter
1152 1381 1200 1416 in-

272 1429 344 1467 vidi
364 1429 480 1473 ,sansse
510 1434 694 1468 viventium
726 1434 865 1475 merita,
898 1429 952 1467 sua
971 1429 1087 1466 ficiant
1117 1432 1202 1467 invi·

273 1479 384 1523 denda
405 1492 537 1529 peccata
556 1494 567 1520 ς
599 1484 634 1518 δε
650 1491 812 1528 quantum
831 1486 864 1518 in
884 1483 930 1516 eis
948 1483 963 1502 ε
983 1478 1111 1517 bonurn
1129 1493 1206 1517 cor-

273 1542 410 1579 rumpat
434 1531 559 1568 invidia
577 1557 590 1576 ,
623 1533 680 1579 qui
710 1532 875 1580 quidquid
906 1529 986 1566 boni
1015 1530 1085 1566 fleri
1104 1555 1116 1574 ,
1151 1529 1205 1567 vel

274 1580 344 1618 dici
370 1593 390 1617 a
408 1579 523 1618 sanffls
548 1580 734 1625 audierint,
767 1593 823 1619 aut
840 1584 982 1619 omnino
1006 1576 1023 1600 f
1041 1592 1108 1616 non
1135 1593 1207 1617 cre·

275 1630 384 1676 dunt,
414 1641 472 1668 aut
488 1643 540 1668 res
567 1629 652 1669 bene
671 1632 774 1679 gestas
804 1636 836 1668 in
855 1630 979 1674 malum
1008 1630 1091 1667 male
1106 1633 1206 1666 inter-

273 1679 838 1780 3333333330
857 1680 1007 1775 iffi
1041 1680 1210 1778 efflui,

275 1784 294 1812 Ι
312 1780 336 1817 fi
363 1780 425 1829 ipfi
447 1780 611 1826 viderint,
645 1783 806 1821 credunt.
841 1781 996 1821 Feraliter
1014 1784 1059 1818 eis
1086 1783 1146 1828 qui
1171 1780 1208 1816 il-

275 1829 339 1867 lud
368 1843 486 1872 verum
503 1843 571 1870 non
599 1831 660 1871 ess‘e
686 1832 827 1882 probare
855 1832 1047 1874 volueriut,
1080 1835 1211 1867 contra-

276 1879 413 1917 dicunt.
440 1884 566 1920 omnia
585 1883 648 1921 suis
666 1883 792 1921 aetnulis
811 1883 965 1930 fingunt,
998 1893 1115 1918 eorum
1133 1893 1210 1928 pro·

275 1928 369 1967 festu
395 1930 577 1978 deficiunt,
609 1933 687 1971 odia
705 1936 789 1970 intra
816 1932 847 1970 se
865 1931 1089 1975 abscondunt,
1122 1935 1157 1967 &
1175 1933 1210 1966 in

276 1979 356 2018 suos
369 1985 533 2019 cruciatus
553 1987 747 2027 enutriunt,
772 1981 1021 2031 proficientibus
1042 1981 1215 2024 invident,

276 2031 491 2077 peccantibus
512 2032 639 2069 favent.
674 2036 730 2070 De
748 2032 918 2070 bonorum
937 2032 1031 2070 malis
1048 2031 1215 2080 gaudent,

277 2078 324 2120 de
352 2079 558 2124 prosefflbus
587 2079 724 2123 lugent,
755 2077 775 2102 ¹¹
793 2083 973 2116 inimicitiis
1000 2084 1150 2126 gratuitis
1167 2093 1217 2117 ar·

279 2126 382 2171 dent,
414 2123 646 2174 deprehendii
665 2128 809 2174 petitoris
827 2127 877 2164 sui
902 2127 1061 2163 malitiam
1079 2132 1218 2168 timent,

280 2174 415 2226 semper
442 2179 565 2220 amari,
597 2187 783 2225 numquam
810 2179 914 2214 certi:
950 2178 1048 2212 amici
1071 2175 1220 2218 diaboli,

282 2228 528 2265 inimici'etiam
547 2224 618 2270 sui,
652 2225 810 2264 omnibus
829 2225 959 2263 odiofi:
993 2224 1035 2262 ad
1054 2225 1223 2271 gaudenda

285 2274 399 2319 anxii,
431 2275 472 2312 ad
490 2275 673 2324 plangenda
690 2276 778 2321 laeti,
812 2274 997 2324 utrobique
1015 2271 1036 2298 ¹²
1059 2273 1223 2323 perverfi.

288 2328 382 2364 Inter
397 2329 519 2364 amicos
545 2322 752 2364 ¹discordias
780 2325 922 2371 semina,
955 2329 985 2347 ¹¹¹
1001 2323 1224 2362 discordantes

287 2375 330 2415 ad
350 2385 484 2425 §empus
502 2401 515 2420 ,
559 2375 585 2413 fi
614 2374 745 2426 poliunt
763 2401 776 2420 ,
819 2379 853 2412 in
882 2374 1075 2414 dissenfione
1102 2375 1223 2412 confir·

289 2433 383 2459 mant
399 2449 426 2458 ---
441 2429 471 2462 Α
544 2427 690 2463 ‘monem
707 2425 887 2464 ‚bonorum
913 2426 1096 2464 mendaciis
1122 2425 1224 2462 deco·

290 2469 435 2508 lerant:
454 2473 490 2506 in
546 2472 734 2510 irituaiihus:
751 2476 889 2512 carnalia
907 2475 1060 2516 laudant,
1094 2485 1133 2510 ut
1161 2473 1225 2518 spi·

291 2518 426 2559 ritualia
443 2518 529 2557 bona
548 2521 593 2556 eis
613 2519 715 2558 deesse
735 2522 967 2570 persuadeant.
993 2523 1166 2559 Amicitias
1185 2518 1223 2551 fi-

292 2569 420 2609 mulant
438 2595 452 2614 ,
484 2579 524 2606 ut
550 2581 608 2607 eos
633 2572 692 2616 qui
717 2568 749 2606 se
773 2574 904 2608 incaute
933 2569 992 2604 fibi
1009 2573 1027 2589 ⁰
1053 2564 1225 2602 commise-

293 2624 386 2666 rint,
418 2631 483 2668 qua
514 2617 645 2667 poss'unt
662 2630 751 2662 arte,
772 2621 967 2665 decipiant.
1001 2615 1171 2652 Odiorum
1189 2614 1227 2651 fi-

294 2669 333 2708 bi
368 2669 552 2707 occafiones
586 2672 694 2717 pravis
728 2666 964 2717 suspicionibus
997 2675 1191 2703 coacervant
1217 2679 1226 2700 ε

296 2720 464 2758 daemones
482 2745 496 2764 ,
529 2732 679 2767 quorum
705 2718 864 2756 sefiiantur
894 2717 979 2755 faeta
997 2743 1010 2761 ,
1042 2715 1227 2766 laetificant.

297 2771 435 2807 Sanaos
452 2772 544 2808 viros
562 2769 684 2818 quibus
703 2769 776 2805 sunt
795 2772 891 2811 noti,
925 2765 1142 2807 contristant,
1175 2777 1228 2800 ve-

299 2818 352 2857 lut
369 2823 465 2858 amici
483 2823 518 2856 in
535 2818 720 2868 obsequio,
752 2816 864 2857 hostes
881 2821 917 2854 in
935 2820 1065 2854 animo.
1099 2819 1118 2846 ἓ
1134 2818 1228 2859 cong

400 2869 438 2905 S.
464 2868 658 2916 Prosperi.>
680 2891 683 2893 >
702 2891 703 2894 =

342 2961 360 2982 a
379 2951 428 2982 Sic
447 2951 506 2980 Ms-
525 2949 613 2982 colb.
634 2961 724 2988 unus,
745 2962 813 2985 cum
839 2951 905 2984 aliis
920 2973 929 2982 .
958 2948 1044 2983 Editi
1070 2958 1137 2979 cum
1165 2948 1233 2990 qui·

298 2991 422 3023 busdam
444 2989 509 3021 ΜΠ.
528 2992 639 3030 peccari
653 3013 663 3023 .
684 2991 739 3023 ms.
763 2993 838 3032 Reg.
869 3002 945 3023 unus
962 3012 972 3028 ,
993 2989 1125 3032 peccanti
1144 2998 1152 3019 :
1173 2989 1234 3020 alia

303 3041 414 3066 manu,
452 3030 575 3066 eccaeis,
595 3030 670 3061 forie
691 3043 760 3071 pro,
811 3033 936 3063 ccamis.

345 3070 367 3141 b¹
387 3070 421 3101 Μ
442 3091 453 3114 ⁸
473 3078 549 3106 tres,
566 3081 634 3101 nam
654 3072 738 3112 quia.
788 3071 843 3103 dit.
864 3071 961 3112 Lugd.
989 3081 1043 3101 non
1068 3070 1163 3110 quia,
1190 3068 1236 3100 sed

307 3121 356 3143 ma
369 3121 400 3143 e.

349 3161 366 3181 c
388 3149 444 3182 Ms-
465 3158 556 3184 unus,
569 3150 699 3190 superius
712 3152 804 3191 Jermo
818 3150 898 3189 iam·

347 3190 367 3221 d
390 3190 449 3223 Ms.
468 3188 554 3219 Colb.
577 3199 666 3227 unus,
687 3191 722 3221 de
741 3190 857 3221 illorum
877 3213 887 3224 .

304 3231 345 3262 'de
364 3229 447 3261 illius
466 3249 478 3260 .
496 3247 505 3258 .
525 3249 533 3256 .
556 3230 647 3268 quod.

350 3280 366 3301 e
388 3267 643 3302 ML'themu.
662 3268 812 3302 bonorum.
832 3268 894 3301 mss'.
905 3268 980 3310 Reg.
1000 3269 1078 3306 duo,
1098 3277 1237 3310 quantum

311 3311 352 3341 eis
371 3309 473 3340 bonimi
493 3317 652 3350 corrumpat
670 3309 803 3342 invidia.
822 3309 994 3351 Quidquid,
1015 3308 1074 3340 &c-

350 3349 367 3380 s
383 3351 441 3380 Ms.
461 3357 554 3384 unuS,
575 3359 628 3380 non
648 3351 765 3380 credant
785 3371 794 3380 .
815 3370 823 3379 .
841 3371 850 3380 .
870 3357 1053 3382 convertant.

351 3399 374 3430 g
395 3389 453 3421 Ml.
477 3397 570 3425 unus,
584 3390 614 3428 [ἰ
631 3389 671 3422 (9·
691 3389 757 3431 ipsi.

353 3431 375 3460 h
395 3428 500 3464 Editi,
519 3429 557 3461 de
574 3429 754 3463 inimicitiis.
774 3427 833 3460 inff-
855 3438 916 3460 non
936 3428 1046 3459 habent
1067 3429 1123 3462 de.

351 3470 366 3500 i
385 3468 451 3501 ΜΩ.
470 3467 547 3505 duo,
582 3470 691 3500 eci-ari.

351 3509 374 3541 k
395 3507 495 3544 Editi,
515 3508 642 3549 dipersi.
663 3508 717 3540 ms·
735 3518 829 3546 unus,
848 3508 950 3549 ubique
963 3507 1105 3550 perversi.

353 3550 365 3580 l
386 3549 452 3581 Μαι
473 3549 548 3585 duo,
568 3549 756 3588 dfiflYdiam·

353 3599 386 3621 m
405 3587 558 3620 Maeolb.
583 3599 674 3625 unus,
694 3588 902 3628 dlfcordanres,
919 3587 948 3626 fi
958 3588 1085 3629 poffunt,
1106 3586 1246 3619 attentius

316 3629 525 3669 ir'tk‘liffenfione
541 3627 726 3667 confirmant.

357 3681 376 3700 n
401 3669 461 3699 ΜΠ
486 3669 560 3704 duo,
581 3669 749 3710 Opiniones.

355 3720 375 3741 ο
396 3709 497 3744 Editi,
519 3708 728 3748 commiserunt.
988 3744 990 3746 η

355 3759 376 3790 p
396 3750 453 3782 Ms.
474 3759 566 3784 unus,
587 3749 811 3779 incontinentes.
833 3747 939 3785 Alter,
960 3748 1080 3787 compti.

355 3799 376 3830 q
396 3788 462 3820 Mis.
482 3797 607 3830 quatuor
626 3787 714 3820 Colb.
730 3790 841 3820 ‘totum
869 3787 949 3819 hunc
975 3789 1072 3819 locum
1098 3787 1141 3818 ita
1168 3785 1248 3816 exhi-

318 3829 406 3867 bent,
428 3839 541 3862 tenaces
561 3828 706 3861 malarum
723 3827 913 3869 suspicionum
932 3850 943 3868 ,
964 3829 1063 3860 inanes
1089 3826 1219 3859 bonoram
1237 3846 1246 3863 ‚

906 3212 915 3222 .
936 3211 945 3222 .
965 3200 1020 3229 quo
1035 3209 1046 3220 .
1065 3188 1127 3220 inff-
1148 3196 1207 3219 tres
1226 3208 1238 3225 ,

1254 281 1393 316 tinentes
1419 283 1453 316 in
1472 279 1600 322 verbo,
1633 290 1745 327 turpes
1771 282 1803 315 in
1834 279 1938 316 fleto.
1974 280 2108 326 Prodigi
2137 284 2181 318 fe-

1254 340 1444 372 aetorum,
1476 335 1497 361 ’ἱ
1513 341 1637 367 tenaces
1654 329 1840 373 malorum,
1866 332 2015 378 prompti
2031 329 2185 378 suspicio-

1256 391 1339 416 num
1357 379 1539 424 malarum,
1558 384 1665 416 inanes
1686 380 1874 417 bonorum.
1901 379 1993 417 Pleni
2014 378 2183 425 sordium,

1258 429 1386 477 praediti
1413 429 1580 466 fraudibus
1599 457 1608 465 .
1643 429 1830 466 Adversarii
1857 429 1958 466 corde
1985 427 2183 474 virtutibus,

1258 482 1349 527 pravi
1367 478 1538 523 moribus,
1563 478 1749 516 &insidiosi
1764 481 1889 517 cunctis
1907 484 1920 502 ⁸
1934 477 2042 518 secum
2059 482 2095 516 in
2113 478 2186 516 fim-

1259 528 1403 577 plicitate
1427 528 1631 566 viventibus.
1855 528 1858 533 '

1314 591 1345 614 2.
1362 581 1446 616 Haec
1464 575 1525 616 s&
1554 578 1607 615 his
1624 578 1738 615 finiilia
1766 581 1863 623 sunt,
1897 591 1971 626 quae
1991 591 2106 616 omnes
2134 582 2184 616 in-

1261 629 1355 666 vidos
1382 633 1394 651 ²
1420 629 1516 666 bonis
1543 641 1650 672 voto,
1685 629 1749 665 five
1768 634 1881 667 animo
1904 633 2055 666 inimicos
2076 629 2186 678 'osten-

1260 680 1345 716 dunt
1364 706 1372 714 .
1407 683 1446 715 In
1466 678 1537 716 haec
1568 679 1652 717 mala
1671 678 1880 723 deveniunt,
1914 683 1972 727 qui
1998 679 2186 716 insefflindo

1261 734 1280 752 ¹²
1309 729 1474 765 sthandos
1493 754 1505 772 ,
1539 747 1559 767 x
1585 733 1619 765 δε
1643 728 1827 775 diligendos
1855 729 2076 766 abominando
2095 756 2108 774 ,
2141 729 2185 766 fe-

1262 777 1371 816 raliter
1394 792 1412 815 a
1439 782 1675 815 communione
1702 796 1720 823 y
1748 779 1916 827 bonorum
1932 783 2083 821 omnium
2104 779 2183 827 seip-

1262 828 1312 866 sos
1331 827 1512 865 excludunt
1541 843 1551 864 =
1585 828 1722 865 utillud
1752 828 1877 866 bonum
1897 832 1967 874 jure
1993 829 2120 866 nonsit
2151 834 2186 866 in

1263 882 1331 921 eis,
1364 878 1458 925 quod
1485 877 1722 925 persequuntur
1750 882 1783 915 in
1802 879 1913 916 bonis.
1950 879 2188 923 Considerate,

1263 927 1423 970 obsecro,
1447 926 1588 975 qualiter
1604 927 1736 965 invidos
1755 932 1909 976 punitura
1927 930 1989 967 fint
2008 929 2092 966 mala
2112 929 2188 972 flia,

1265 989 1349 1027 quos
1376 980 1474 1013 etiam
1498 975 1586 1012 bona
1614 980 1757 1025 puniunt
1784 978 1905 1015 aliena.
1941 979 2008 1016 Ubi
2035 979 2087 1015 isti
2117 979 2189 1015 fieri

1265 1038 1424 1076 poterunt
1441 1025 1545 1069 boni,
1568 1031 1627 1073 qui
1646 1025 1718 1063 sunt
1736 1031 1768 1063 in
1788 1027 1880 1064 bono
1897 1029 1995 1065 malit
2013 1039 2070 1064 aut
2088 1040 2190 1076 quan·

1264 1078 1311 1115 do
1341 1075 1423 1114 bene
1453 1075 1546 1112 malis
1573 1076 1662 1113 usuri
1691 1075 1783 1121 sunt,
1803 1082 1877 1126 'qui
1905 1079 1988 1115 male
2015 1078 2112 1116 bonis
2139 1081 2190 1116 uti

1263 1140 1332 1164 non
1353 1125 1524 1164 defluunt?
1558 1127 1647 1163 Bene
1666 1126 1756 1164 malis
1771 1128 1818 1164 ufi
1837 1128 1909 1165 sunt
1935 1131 2104 1177 Martyres
2124 1129 2191 1165 san-

1261 1179 1331 1220 di,
1366 1180 1398 1213 in
1427 1175 1621 1212 testimonio
1646 1177 1820 1214 Salvatoris
1845 1177 1948 1214 nostri
1975 1191 2122 1222 veraceS,
2157 1181 2192 1214 δε

1261 1231 1296 1264 in
1314 1226 1425 1264 castris
1443 1225 1664 1274 spiritualibus
1691 1227 1810 1264 strenui
1829 1226 2025 1268 bellatores;
2059 1233 2117 1276 qui
2135 1231 2196 1264 tri-

1260 1275 1483 1315 bulationibus
1511 1280 1545 1313 &
1566 1276 1713 1320 damnis,
1748 1290 1785 1314 ac
1805 1282 1899 1316 variis
1923 1278 2123 1316 cruciatibus
2149 1278 2194 1313 af·

1261 1327 1361 1372 fecti,
1397 1330 1519 1374 pariter
1546 1331 1580 1364 &
1609 1326 1760 1375 probati,
1796 1332 1929 1365 terrenis
1958 1329 2093 1367 caelestia
2124 1341 2197 1365 mu·

1261 1389 1436 1416 taverunts
1472 1381 1506 1414 &
1525 1386 1541 1405 ²
1560 1377 1601 1413 de
1621 1376 1714 1414 bono
1733 1378 1791 1415 usu
1809 1379 1971 1416 malorum
1994 1379 2133 1428 proseffi
2153 1378 2194 1414 a'd

1264 1429 1380 1476 gaudia
1400 1426 1571 1464 bonorum
1603 1433 1798 1475 perennium
1829 1441 2068 1478 pervenerunt.
2104 1428 2202 1467 Item*

1264 1479 1361 1517 bonis
1389 1480 1493 1515 utitur
1522 1478 1650 1514 invidus
1677 1479 1779 1522 male,
1812 1484 1891 1527 quia
1918 1479 2073 1517 omnibus
2098 1479 2203 1517 bonis-

1266 1542 1340 1578 quae
1367 1528 1462 1565 miser
1480 1539 1651 1565 execratur
1670 1555 1680 1572 ,
1715 1529 1905 1576 abjunftus,
1939 1533 2038 1568 animi
2057 1529 2104 1566 sui
2125 1530 2197 1577 sup-

1266 1579 1371 1628 plicio
1399 1582 1428 1600 ²²
1446 1578 1651 1626 relinquetur
1679 1579 1891 1627 affligendus.
1926 1584 1971 1618 Et
1989 1584 2061 1628 quis
2083 1580 2117 1616 'ei
2137 1591 2199 1627 po·

1267 1632 1345 1667 terit
1363 1626 1556 1672 subvenire,
1581 1632 1640 1676 qui
1659 1629 1689 1666 st
1709 1629 1766 1667 fibi
1781 1629 1919 1667 exhibet
1937 1632 2117 1668 invidendo
2136 1641 2203 1665 car.

1268 1679 1400 1716 nificem
1421 1681 1433 1714 ?
1468 1682 1540 1714 Aut
1568 1679 1657 1714 unde
1676 1679 1741 1715 fibi
1765 1676 1800 1702 Μ’
1819 1680 1944 1727 parabit
1973 1681 2138 1722 salutem,
2172 1682 2201 1699 “

1270 1732 1329 1775 qui
1345 1727 1388 1764 de
1408 1726 1514 1763 salutis
1530 1731 1663 1763 materia
1681 1728 1851 1766 contrahit
1875 1734 1892 1773 (
1899 1729 1993 1766 bonis
2011 1731 2096 1767 male
2112 1740 2204 1764 uten-

1270 1776 1340 1822 do)
1368 1780 1582 1825 perniciem?
1614 1780 1856 1815 Verumtamen
1883 1780 1905 1816 fi
1935 1780 2038 1816 invidi
2066 1789 2206 1826 quoque

1271 1828 1353 1866 ficut
1380 1827 1435 1864 alii
1461 1838 1647 1875 peccatores
1674 1828 1834 1866 divinitus
1853 1830 2022 1878 inspirati,
2055 1832 2090 1864 in
2117 1827 2208 1875 spem

1270 1878 1500 1926 recuperandae
1519 1878 1626 1915 salutis
1653 1877 1812 1926 assurgant
1828 1905 1841 1923 ,
1866 1893 1903 1916 ac
1922 1879 1979 1916 fibi
1999 1879 2110 1927 quales
2121 1878 2208 1920 sunt,

1273 1932 1352 1967 Deo
1373 1928 1522 1976 placituri
1541 1928 1750 1975 displiceam
1775 1930 1798 1965 fi
1819 1942 1887 1965 non
1907 1933 2080 1965 imitentur
2099 1931 2208 1968 Cain,

1274 1983 1332 2027 qui
1353 1977 1528 2027 postquam
1549 1977 1748 2014 dominantis
1765 1979 1899 2015 invidiae
1918 1980 2030 2014 furore
2049 1988 2207 2017 caecatus',

1276 2041 1433 2078 germano
1462 2027 1520 2064 suo
1537 2031 1637 2064 vitam
1666 2040 1724 2075 per
1746 2027 1848 2065 scelus
1876 2028 2014 2064 extorfit
2031 2053 2043 2070 ,
2080 2026 2115 2063 Sc
2143 2028 2210 2062 ani·

1278 2092 1367 2116 mam
1386 2079 1473 2116 suam
1490 2077 1624 2114 fraterni
1641 2081 1792 2126 corporis
1811 2090 1922 2115 morte
1941 2076 2122 2127 percussam
2135 2075 2217 2124 ·sup.'

1280 2129 1384 2175 plicio
1410 2139 1534 2165 aeternae
1561 2132 1681 2164 mortis
1709 2128 1857 2170 addixit,
1892 2128 2131 2175 consequendae
2157 2138 2219 2161 ve-·

1281 2179 1344 2211 niae
1362 2176 1587 2222 desperatione
1604 2175 1789 2221 depressus,
1814 2181 1858 2212 ait
1876 2175 1912 2199 (ω
1933 2178 1974 2213 ad
1997 2181 2188 2214 Dominum
2200 2202 2213 2218 ,

1282 2223 1400 2266 Major
1428 2221 1471 2263 est
1489 2222 1645 2267 iniquitas
1675 2234 1745 2256 mea
1764 2249 1775 2267 ‚
1812 2236 1908 2270 quam
1934 2234 1970 2259 ut
1987 2227 2121 2259 veniam
2153 2237 2216 2258 me—

1282 2284 1380 2310 reari
1413 2271 1483 2310 hoc
1509 2272 1556 2310 est
1575 2273 1684 2309 dicere
1713 2276 1808 2312 De03
1842 2275 2013 2322 Indulgeri
2035 2274 2116 2312 mihi
2147 2287 2216 2311 non

1284 2335 1394 2372 peto;
1427 2326 1505 2370 quia
1530 2333 1744 2371 peccatorum
1772 2336 1924 2361 meorum
1950 2326 2179 2372 magnitudine
2204 2350 2216 2366 ,

1283 2373 1492 2420 indulgentiae
1524 2383 1588 2407 tuae
1616 2375 1758 2407 vincitur
1789 2374 1987 2416 magnitudo
2006 2400 2014 2408 .
2059 2377 2218 2420 Denique

1284 2422 1446 2466 nusquam
1474 2419 1596 2460 legitur
1625 2426 1683 2450 aut
1709 2417 1887 2461 paenituiss'e
1914 2419 1956 2454 de
1986 2419 2045 2456 suo
2073 2421 2216 2466 scelere,

1284 2478 1341 2504 aut
1368 2467 1498 2500 veniam
1514 2460 1677 2500 meruiffe.
1712 2467 1743 2500 Si
1763 2477 1844 2513 ergo
1862 2465 2011 2514 “hujus
2036 2469 2217 2508 abhorren-

1284 2508 1539 2560 tes'exemplum
1567 2511 1598 2547 st
1614 2511 1675 2549 >fibi
1693 2514 1856 2560 auferant,
1888 2520 1924 2554 δε
1942 2518 1973 2554 se
1993 2522 2072 2556 Deo
2089 2520 2148 2559 suo
2165 2535 2216 2558 re-

1284 2562 1439 2604 stituant,
1474 2574 1534 2598 nec
1553 2560 1584 2598 se
1611 2565 1646 2598 in
1665 2564 1869 2611 profundum
1896 2567 2063 2607 malorum
2081 2569 2218 2609 fiilutem

1285 2611 1487 2661 desperando
1506 2613 1696 2660 projiciant:
1731 2619 1804 2662 quis
1829 2616 1982 2662 dubitet,
2018 2623 2123 2656 immo
2142 2625 2218 2668 quis

1286 2675 1356 2699 non
1385 2661 1527 2698 firmiter
1551 2662 1680 2706 credat,
1715 2668 1760 2701 eis
1789 2670 1908 2714 prioris
1935 2668 2063 2706 malitiae
2088 2674 2219 2708 veniam

1289 2710 1376 2761 poss‘e
1394 2711 1559 2754 conferri,
1579 2711 1716 2750 simodo
1735 2717 1867 2754 invidiae
1879 2717 2010 2755 vulnere
2029 2719 2137 2756 sanato
2146 2733 2221 2757 cor-

1288 2763 1393 2805 reffi,
1418 2762 1667 2799 amaritudinem
1687 2763 1734 2800 sui
1752 2768 1894 2813 pedoris
1912 2767 2086 2806 dulcedine
2105 2769 2221 2806 frater-¹

1288 2825 1340 2851 nae
1356 2811 1544 2850 dilectionis
1561 2812 1746 2862 expellant,
1772 2829 1828 2853 eos
1839 2814 2063 2866 fffimpliciter
2080 2822 2222 2860 amando

1873 2867 1897 2902 f
2087 2881 2173 2917 quos

1287 2947 1369 2988 pleni
1381 2946 1529 2986 fhrdium,
1545 2945 1604 2978 &c-

1330 2998 1344 3018 r
1365 2987 1421 3017 ΜΓ.
1443 2996 1515 3017 unus
1536 2997 1595 3018 non
1618 2985 1703 3018 habet
1724 2987 1799 3018 hauc
1819 2999 1941 3026 vocem,
1955 2991 2068 3031 ficum:

1292 3068 1316 3107 s
1333 3028 1348 3057 s
1365 3026 1433 3057 Mis.
1451 3035 1509 3058 tres
1526 3039 1535 3062 ς
1557 3028 1625 3057 Haec
1645 3027 1683 3058 (9¹
1700 3029 1763 3058 alia
1774 3029 1847 3067 sum
1860 3051 1869 3060 .
1896 3031 1958 3062 Alii
1979 3039 2036 3063 tres
2050 3052 2060 3069 ,
2087 3032 2126 3064 (9-
2144 3033 2222 3064 talia

1307 3075 1377 3098 um.

1335 3115 1348 3138 t
1369 3105 1426 3137 ΜΓ.
1448 3106 1534 3137 colb.
1555 3116 1644 3143 unm,
1664 3106 1744 3137 bonis
1762 3119 1830 3140 voto
1842 3111 1892 3149 sui
1909 3112 1999 3142 animi
2015 3133 2024 3143 .
2045 3111 2130 3143 Alter
2148 3112 2222 3149 sbo-

1296 3147 1343 3178 m's
1363 3156 1427 3177 noro
1442 3146 1498 3184 fibi
1516 3147 1629 3176 animo.

1335 3197 1355 3218 u
1375 3186 1433 3217 Ms.
1454 3186 1560 3217 Camb.
1581 3197 1635 3216 non
1647 3187 1809 3224 seflandos.

1335 3237 1354 3258 x
1376 3225 1441 3258 Mis.
1463 3234 1602 3266 quatuor,
1622 3227 1765 3267 diligendo
1784 3229 2001 3264 abominandos.

1378 3266 1435 3297 Ms.
1457 3275 1552 3302 unuS,
1571 3266 1700 3297 bon-num
1724 3268 1883 3301 hominum.

1337 3316 1355 3336 z
1377 3305 1434 3337 Ms.
1453 3305 1560 3337 Camb.
1580 3307 1619 3338 (9-
1637 3310 1673 3336 de
1691 3306 1760 3337 bono
1779 3309 1847 3348 ufic,
1868 3320 1897 3338 eo
1922 3309 1991 3341 bono
2017 3310 2060 3348 ufi
2084 3311 2223 3343 malorum

1296 3344 1726 3427 atentiam&
1746 3347 1803 3417 ³32
1822 3348 2023 3421 ἳῢμφέῑ
2041 3350 2108 3382 ⁶⁰”0
2126 3352 2176 3390 “s“
2194 3364 2223 3382 ‘⁰

1733 3407 1742 3422 2
2017 3411 2026 3422 ι

1342 3436 1378 3457 aa
1400 3426 1465 3456 Mss.
1484 3425 1560 3462 duo,
1580 3426 1651 3456 retia
1672 3430 1761 3458 uitur.
1819 3400 1839 3428 g
1933 3409 1942 3425 ²

1343 3466 1380 3496 bb
1403 3465 1473 3495 Mss.
1493 3465 1566 3506 Reg.
1588 3464 1619 3497 &
1668 3467 1745 3500 amb.
1759 3465 1876 3506 probet.

1344 3516 1377 3536 cc
1396 3508 1442 3536 Ita
1463 3505 1530 3536 mss.
1550 3506 1676 3546 septem.
1697 3506 1780 3537 Edit.
1801 3507 1897 3548 Lugd.
1917 3509 1966 3549 qui
1984 3510 2020 3539 de
2035 3509 2129 3548 salute
2154 3511 2228 3541 male

1304 3545 1407 3577 utendo
1421 3545 1495 3584 flacit
1511 3545 1665 3585 perniciem
1684 3548 1704 3577 ?
1724 3546 1807 3578 Editi
1828 3549 1895 3584 alii,
1915 3549 1966 3594 qai
1984 3549 2018 3579 de
2030 3550 2142 3588 salutis
2169 3560 2229 3582 mn—

1304 3586 1396 3621 teria‚
1417 3585 1495 3615 bonis
1517 3585 1592 3614 male
1611 3586 1712 3616 utendo
1730 3587 1803 3624 facit
1818 3589 1986 3628 pernicrem.

1342 3626 1379 3655 dd
1402 3623 1473 3655 Mss.
1491 3633 1630 3664 quatuor,
1652 3627 1691 3654 ad
1709 3626 1815 3657 Deum.
1847 3662 1850 3664 v

1303 3689 1307 3692 Α
1344 3676 1376 3695 ec
1397 3665 1468 3697 Mss.
1490 3672 1633 3704 quatuor,
1653 3664 1692 3695 ab
1710 3665 1793 3705 hujus
1812 3665 1991 3698 abhorream
2009 3669 2165 3709 exemplo,
2177 3671 2230 3700 ms.

1307 3715 1396 3741 unus,
1416 3703 1454 3735 ab
1472 3703 1555 3748 brejas
1575 3704 1756 3737 abhorrendi.
1777 3706 1875 3743 Alter,
1896 3707 2072 3739 abhorrentis
2092 3713 2231 3752 exemplo,

1308 3746 1423 3780 Aliter,
1444 3743 1527 3784 husus
1546 3743 1730 3781 abhorrendi,
1750 3746 1808 3776 fine
1827 3746 1882 3781 ab.

1347 3785 1372 3815 ff
1389 3784 1475 3816 Abest
1498 3794 1554 3816 vox
1575 3793 1584 3815 ε
1601 3785 1767 3827 simpliciter
1787 3797 1804 3818 a
1826 3787 1892 3819 mss.
1912 3787 2024 3822 duobus
2043 3788 2145 3821 Colb.·

2258 354 2279 386 ‘3

2261 752 2283 862 ⁴<ssss

2254 1590 2317 1620 aa‘·

2256 1668 2295 1700 bb

2266 1718 2297 1739 CC

2268 2187 2305 2217 dd

2230 2228 2300 2258 Gen.
2314 2235 2355 2266 4-1
2363 2237 2390 2265 3.

2279 2476 2310 2496 ee
