2652 4126
46 1307 50 1336 ἶ
96 1312 147 1351 qui
157 1320 216 1340 non
229 1320 259 1340 in

40 1391 43 1395 “
100 1392 176 1423 riam
185 1392 258 1431 agit.

486 191 842 252 IGNoTt

275 294 407 333 pareat,
431 285 553 324 divinae
581 287 708 335 semper
734 286 824 325 fuiss'e
849 292 958 335 gratiae
976 315 987 332 ,
1020 290 1113 337 quod
1140 302 1208 326 non

278 337 385 370 omnis
411 334 465 371 ille
491 335 634 383 populus
658 337 797 375 disceffit
822 351 838 374 a
865 341 1036 377 Domino.
1073 343 1122 377 Ita
1145 338 1209 378 hu-

276 396 370 421 mana
396 396 508 423 natura
532 390 564 422 in
592 390 691 434 primi
717 386 862 426 hominis
888 392 1152 436 praevaricatione
1162 394 1208 427 vi·

277 437 354 470 tiata
375 460 386 477 ,
420 438 517 473 etiam
544 439 628 472 inter
654 435 810 475 beneficia
829 462 841 479 ,
876 442 961 474 inter
987 449 1147 488 praecepta
1173 444 1207 476 δε

276 484 395 521 auxilia
421 488 507 527 Dei,
533 486 658 533 semper
684 488 715 520 in
740 485 942 525 deteriorem
968 488 1014 527 est
1025 489 1207 535 proclivior

278 534 515 574 voluntatem;
547 538 603 571 cui
627 538 794 572 committi
824 549 892 574 non
917 535 963 575 cst
986 538 1075 575 aliud
1103 535 1207 587 ”quam

130 584 259 616 Infirmi·
276 583 419 620 dimitti.
446 587 528 621 Haec
553 587 662 631 itaque
688 585 837 624 voluntas
863 598 941 633 vaga
960 611 972 631 ,
1006 590 1127 626 incerta
1145 614 1157 632 ,
1192 594 1207 612 ⁸

6 674 7 679 ¹
46 651 51 691 ζ
102 626 260 696 ἷξξίζθὲῖη·
277 631 454 677 instabilis,
478 637 647 681 imperita,
681 634 812 672 infirma
835 636 876 672 ad
901 635 1110 674 efficiendum
1128 664 1141 681 ,
1165 639 1210 676 fa·

8 709 14 721 ‘
51 717 54 722 ·
105 715 214 736 manae.

277 682 349 719 cilis
373 683 419 720 ad‘
437 681 645 734 audendum,
670 686 702 721 in
726 684 956 733 cupiditatibus
965 699 1068 729 caeca,
1094 691 1127 725 in
1145 686 1208 727 ho-

184 755 201 776 2
277 732 571 776 noribustumida,
597 735 808 777 curisanxia,
834 733 1208 786 suspicionibusinquie-

277 793 330 827 ta,
356 781 468 828 gloriae
494 794 594 830 quam
620 786 784 823 virtutum
809 785 958 828 avidior,
984 785 1078 822 fimae
1105 800 1205 835 quarn

277 831 481 868 conscientiae
505 830 717 877 diligentior,
741 837 776 870 &
803 848 862 882 per
886 847 1020 872 omnem
1041 835 1086 872 sui
1111 849 1207 884 expc-

275 883 424 919 ri'entiam
450 880 599 917 miserior
625 882 768 920 fruendo
794 883 847 922 his
871 896 945 932 quae
962 889 1206 932 concupiverit,

274 934 376 977 quam
402 931 563 970 carendm
587 930 669 972 nihil
694 936 726 972 in
755 933 817 970 suis
842 932 943 974 habet
969 933 1114 976 viribus,
1149 936 1206 974 nisi

277 980 415 1029 periculi
441 980 646 1020 facilitatem
671 986 828 1029 quoniam
855 983 1005 1022 voluntas
1029 983 1206 1028 mutabilis,

45 1037 53 1078 Ἰ
96 1024 348 1109 ἒξξῐξιηῖῑῧςςιιπ
381 1043 449 1066 non
486 1029 526 1067 ab
561 1031 822 1069 incommutabili
850 1034 1020 1071 voluntate
1056 1038 1178 1081 regitur
1197 1061 1209 1078 ,

47 1111 50 1123 ‚

275 1092 370 1118 tanto
395 1084 491 1116 citius
518 1083 721 1128 propinquat
745 1084 931 1131 iniquitati,
955 1096 1080 1132 quanto
1105 1089 1208 1123 acrius

277 1130 461 1167 intenditur
478 1131 600 1166 actioni
612 1157 620 1170 ,
893 1170 900 1176 .

327 1180 499 1227 Quamdiu
533 1192 615 1228 ergo
649 1177 784 1220 homini
810 1195 846 1222 ea
871 1183 998 1231 placent
1031 1197 1106 1232 quae
1130 1188 1209 1228 Deo

237 1269 243 1275 ,
275 1230 473 1278 displicent,
499 1230 651 1270 voluntas
670 1233 738 1278 ejus
758 1233 904 1272 animalis
923 1233 991 1270 est.-
1017 1238 1091 1285 quia
1110 1239 1208 1275 etiam

103 1267 259 1317 M²¹⁶²gf¹t
275 1280 296 1316 fi
318 1284 351 1316 in
377 1278 474 1318 bonis
494 1280 642 1321 moribus
669 1293 760 1328 agat,
788 1282 872 1323 male
899 1281 1008 1323 adhuc
1037 1288 1120 1321 vivit
1140 1311 1150 1327 ‚
1184 1286 1207 1323 fi

272 1343 342 1367 non
365 1332 396 1365 in
417 1333 482 1368 Dei
500 1331 640 1378 gloriam
660 1336 760 1370 vivit.
787 1334 865 1373 Hoc
875 1333 922 1370 est
932 1338 1020 1372 enim
1033 1339 1207 1383 proprium

274 1383 307 1417 &
327 1383 534 1428 precipuum
555 1385 710 1428 piorum,
737 1392 775 1419 ut
793 1385 827 1418 in
847 1386 1001 1421 Domino
1011 1385 1207 1431 glorientur,

274 1442 336 1466 nec
358 1429 388 1465 se
408 1429 463 1465 nisi
484 1433 517 1466 in
540 1433 616 1467 Deo
635 1431 789 1479 diligant.
816 1434 902 1470 Bene
922 1438 1007 1471 enim
1027 1434 1055 1470 se
1084 1447 1206 1478 amant,

273 1483 331 1528 qui
354 1482 385 1515 in
403 1478 434 1515 se
452 1492 551 1529 opera
568 1483 632 1521 Dei
652 1493 778 1523 amant.
806 1485 1038 1522 Nam&Deus
1047 1483 1115 1523 hoc
1126 1496 1213 1523 amat

274 1532 309 1565 in
329 1527 446 1572 nobis,
472 1530 563 1578 quod
583 1530 649 1579 ipse
665 1532 762 1568 fecit:
788 1536 821 1569 &
841 1531 908 1569 hoc
920 1534 1014 1577 odit,
1039 1536 1131 1583 quod
1145 1535 1212 1584 ipse

274 1592 344 1615 non
365 1579 460 1616 fecit.
487 1581 519 1616 Si
541 1592 622 1628 ergo
637 1593 724 1630 opus
755 1584 818 1619 Dei
849 1595 993 1622 amamus
1020 1588 1053 1620 in
1083 1586 1177 1625 nobis
1200 1612 1212 1630 ‚

180 1631 202 1662 b
275 1628 398 1666 bonam
418 1628 622 1668 voluntatem
642 1626 658 1652 ¹’
678 1632 766 1668 reete
784 1645 929 1669 amamus
945 1638 978 1672 in
999 1633 1114 1672 nobis.-
1141 1649 1213 1682 quae

100 1711 121 1742 d
150 1671 262 1702 0⁰¹⁰ss
277 1682 395 1727 utique
410 1679 432 1715 fi
451 1692 536 1727 opus
552 1683 618 1718 Dei
648 1694 715 1717 non
745 1680 819 1718 ess'et
832 1707 844 1725 ,
870 1683 1004 1722 amanda
1032 1699 1096 1721 non
1116 1685 1188 1725 ess‘et
1202 1714 1210 1723 .

99 1721 202 1782 1322
213 1721 262 1782 VJ*
279 1731 367 1774 Quis
385 1740 492 1768 autem
511 1729 637 1774 homo,
664 1732 721 1768 nisi
741 1732 831 1769 malae
850 1733 1029 1772 voluntatis
1049 1740 1062 1759 ⁰
1091 1735 1212 1772 bonam

97 1791 169 1823 Deo
188 1789 244 1822 est,
278 1782 313 1815 in
333 1778 364 1814 se
384 1791 450 1816 non
469 1791 555 1817 amat
575 1781 802 1825 voluntatem,
827 1795 899 1831 quae
930 1783 1059 1832 superni
1087 1789 1213 1832 agrico-

188 1839 204 1861 c
277 1828 316 1865 1ae
346 1832 452 1878 prima
482 1829 642 1878 plantatio
667 1832 735 1869 est?
768 1835 911 1874 Dicente
940 1838 1029 1873 enim
1057 1840 1215 1880 veritate,

279 1877 394 1913 omnis
408 1878 581 1924 plantatio·
596 1892 693 1927 quam
720 1894 780 1916 non
801 1881 977 1928 plantavit
1001 1884 1104 1919 Pater
1130 1898 1213 1920 meus

106 1958 145 1988 ¹3
187 1931 196 1942 ·
255 1927 431 1972 ‘caetestis,
457 1929 706 1974 eradit-abitum
730 1932 896 1981 quidquid
916 1947 984 1971 non
995 1935 1041 1972 est
1052 1935 1218 1973 eradican-

276 1979 380 2023 dum,
406 1980 615 2019 manifestum
633 1981 680 2018 est
701 1996 719 2022 a
743 1986 836 2020 Patre
856 1982 916 2020 esse
927 1985 1126 2032 plantatum.
1154 1988 1220 2025 Bo-

278 2041 320 2064 na
337 2040 450 2065 autem
473 2029 625 2066 voluntas
641 2034 797 2071 omnium
828 2035 994 2072 virtutum
1022 2047 1155 2081 germen
1174 2035 1220 2072 est

110 2116 127 2138 1
149 2108 207 2139 cx
233 2107 252 2138 6
278 2080 445 2124 primum.
472 2081 560 2121 Quae
579 2082 690 2114 innixa
709 2083 830 2125 origini
861 2081 942 2124 suae,
967 2087 1000 2118 in
1028 2084 1082 2122 illa
1101 2097 1219 2123 aeterna

105 2129 158 2187 ἦ.
205 2128 216 2140 '
253 2128 264 2139 ”
277 2129 313 2163 &
333 2124 598 2162 incommutabili
620 2127 790 2168 voluntate
811 2130 1011 2175 requiescit,
1036 2143 1074 2168 ut
1095 2147 1172 2169 vere
1182 2135 1220 2170 fit

278 2175 455 2226 spiritalis.-
480 2178 642 2223 quoniam
660 2176 718 2222 qui
734 2174 876 2210 adheret
902 2178 994 2221 Deo,
1022 2191 1105 2212 unus
1118 2182 1220 2226 spiri-

277 2235 334 2260 tus
361 2223 426 2268 est,
450 2225 532 2262 dum
564 2239 623 2274 per
649 2229 922 2264 communionem
950 2227 1163 2267 illuminantis
1188 2235 1222 2267 &

280 2275 481 2318 illuminati,
507 2275 707 2320 justificantis
727 2281 762 2316 &
789 2275 972 2323 justificati,
999 2284 1160 2327 regentis,
1187 2286 1221 2318 δε

278 2324 424 2368 subditi,
449 2329 559 2362 omnis
577 2327 667 2362 aetio
685 2327 725 2364 ad
754 2339 858 2363 unum
877 2328 1040 2366 refertur:
1067 2334 1102 2367 &
1127 2331 1221 2378 quod

278 2375 323 2413 ad
342 2382 450 2413 unum
470 2374 632 2418 refertur,
660 2377 829 2426 utriuiiJue
846 2375 911 2415 est.
939 2382 1028 2427 Quia
1038 2393 1097 2417 nec
1113 2383 1221 2417 aDeo

281 2423 415 2518 ἓξὲξ-εὶ
434 2424 543 2472 potest
559 2427 652 2474 quod
670 2428 787 2472 dedit,
810 2439 872 2464 nec
887 2427 930 2466 ab
957 2428 1098 2468 homine
1125 2432 1219 2479 quod

93 1351 152 1383 Dei
176 1350 240 1390 glo·

497 2571 860 2612 CAPUT
933 2578 1015 2611 v11.

293 2674 332 2708 In
349 2669 490 2711 bomine,
515 2680 585 2704 cum
602 2668 653 2702 ad
671 2667 827 2715 pietatem
855 2668 964 2715 redit,
990 2683 1052 2706 non
1069 2670 1170 2706 aliam
1188 2670 1223 2705 in

341 2734 376 2756 eo
401 2719 508 2756 creari
523 2717 757 2765 fhbstantiam,
776 2719 838 2764 sed
860 2722 1002 2756 eamdem
1024 2733 1092 2768 quae
1112 2720 1225 2764 fuerat

340 2768 560 2818 labeJaHata,
586 2769 751 2814 reparari3
780 2781 839 2804 nec
857 2770 954 2805 aliud
977 2771 1020 2805 ab
1044 2783 1077 2804 eo
1097 2771 1224 2817 auferri

343 2819 405 2863 nisi
421 2819 568 2863 vitium,
587 2818 698 2865 priore
715 2818 884 2854 voluntate
901 2819 1060 2856 correrio.

405 2923 443 2958 Ie
461 2919 844 2958 tractandumvidetur:
870 2922 994 2959 Utrum
1022 2933 1100 2959 cum
1129 2920 1224 2960 bonae

430 2971 610 3008 voluntatis
635 2968 696 3006 ess‘e
713 2969 823 3007 homo
850 2973 990 3019 incipit,
1017 2972 1130 3008 eadem
1154 2985 1226 3020 quae

295 3025 328 3059 in
348 3021 420 3072 ipio
437 3024 506 3058 erat
524 3023 708 3066 corrigatur
727 3019 898 3059 volunta„
923 3034 962 3058 an
983 3021 1043 3058 alia
1060 3025 1090 3058 ei
1101 3019 1229 3070 quamd

124 3094 210 3128 Vitia
231 3103 281 3124 na,
295 3072 365 3110 non
394 3070 557 3113 habebat,
582 3073 617 3106 &
645 3083 719 3118 quae
749 3073 856 3118 priori
883 3083 1069 3119 repugnet,
1104 3073 1202 3109 detur
1220 3100 1229 3109 .

122 3145 196 3168 11„ae
223 3146 258 3166 ex
299 3122 405 3169 Quod
424 3133 463 3158 ut
479 3121 662 3158 evidentius
681 3132 852 3172 appareat,
877 3121 972 3158 altius
991 3123 1024 3159 id
1035 3135 1102 3158 non
1121 3126 1230 3171 pigeat

123 3183 244 3218 peccato
298 3175 484 3220 inquirere.
509 3173 638 3207 Omnes
655 3168 808 3210 homines
827 3173 859 3206 in
880 3175 989 3219 primo
1008 3170 1146 3209 homine
1166 3173 1230 3209 fine

126 3218 283 3249 Adae‘ma·
298 3226 387 3260 vitio
407 3221 534 3259 conditi
554 3221 682 3263 sumus,
706 3226 741 3258 &
759 3233 877 3258 omnes
897 3233 1018 3258 naturae
1046 3222 1163 3259 nosttae
1181 3226 1229 3258 in·

299 3271 550 3366 colun-grathms,
568 3269 712 3326 ejusdem
728 3269 877 3308 hominis
885 3276 1150 3320 praevaricatione
1159 3285 1230 3321 per·

428 3346 438 3356 .
494 3332 527 3354 ro
538 3331 610 3367 pera
621 3347 630 3357 .

325 3413 359 3451 ‘a
376 3404 449 3435 Haec
469 3401 546 3438 duo,
567 3402 727 3441 instabilis,
747 3402 895 3444 imperita,
916 3403 1018 3435 absunt
1027 3404 1062 3435 ab
1072 3403 1144 3438 edit.
1153 3404 1227 3435 Leo-

302 3453 370 3476 ms.

341 3483 361 3514 b
381 3481 440 3512 Ms.
461 3481 621 3513 Thauneus
640 3491 716 3514 earet
737 3493 828 3518 voce,
847 3483 935 3515 reHe.

343 3534 359 3554 c
379 3523 440 3553 Hic
459 3522 542 3553 Editi
563 3522 692 3553 inserunt
707 3522 815 3559 ficerit,
835 3533 895 3563 quo
916 3532 1014 3554 carent
1037 3523 1102 3554 ΜΠ.
1122 3523 1176 3559 101.
1199 3522 1230 3553 &

304 3563 411 3594 Camb.
430 3561 461 3592 δι
480 3562 552 3592 edit.
579 3562 688 3592 Leonis
706 3583 715 3594 .
748 3563 840 3593 lidem
901 3562 960 3593 stra
987 3574 1042 3593 non
1069 3573 1174 3599 amas,
1200 3562 1231 3593 ὅ(

309 3605 403 3635 Leon.
422 3602 492 3633 edit.
513 3601 561 3632 ubi
584 3601 642 3631 Ms.
661 3602 719 3637 Jol.
739 3600 769 3631 ἃ
790 3573 897 3633 Carni.
916 3612 1014 3634 amar.

344 3643 363 3674 d
385 3642 493 3673 Colon.
513 3641 623 3676 editio,
642 3652 695 3671 non
715 3640 834 3674 habeat.

343 3694 360 3714 e
382 3683 438 3713 Mt.
459 3681 637 3712 camberon.
658 3681 831 3720 animeque,

345 3723 361 3753 f
378 3723 446 3753 Vox
479 3723 537 3751 haec
556 3722 621 3751 veri
635 3741 655 3757 ,v
673 3720 750 3751 abest
771 3725 808 3750 at>
828 3720 958 3752 editione
980 3721 1089 3753 Leonis
1102 3741 1111 3759 ,
1139 3720 1178 3752 est
1198 3721 1230 3751 in

308 3761 412 3795 nostris
431 3760 570 3792 omnibus
587 3759 619 3792 &
641 3761 695 3791 Mf.
717 3759 850 3796 Jolienfi.

344 3813 365 3843 g
383 3804 431 3834 Ita
453 3801 520 3836 ΜΠ.
537 3800 657 3834 Thuan.
677 3798 709 3833 ἃ
735 3800 794 3838 Jol.
811 3799 842 3834 &
863 3801 934 3833 edit.
953 3801 1046 3835 Leon.
1074 3802 1166 3838 Cujus
1186 3800 1229 3833 10-

924 191 1799 261 AUCTORIQIABER
1882 190 1923 247 L

1270 287 1431 324 didimus.
1458 288 1542 325 Inde
1562 287 1661 323 tra&a
1683 285 1884 330 mortalitas,
1920 284 1995 320 inde
2021 286 2197 332 multiplex

1269 342 1418 384 corporis
1437 342 1452 359 θ
1470 340 1636 384 animique
1654 338 1849 385 corruptim
1874 334 1949 370 inde
1968 337 2196 380 ignorantia&
2271 359 2287 381 ε

1268 387 1462 430 difficultas,
1488 400 1573 424 curae
1593 385 1742 429 inutiles,
1767 385 1888 422 illicitae
1906 383 2124 432 cupiditates,
2150 383 2196 419 sa-

1267 436 1378 482 crilegi
1398 450 1543 478 errores,
1572 440 1673 472 timor
1693 449 1816 478 vanus,
1841 447 1934 471 amor
1945 437 2086 477 noxius,
2112 435 2195 478 inju-

1267 485 1313 521 sta
1331 487 1468 532 gaudia,
1496 486 1676 533 paenitenda
1695 486 1851 528 consilia,
1876 488 2000 521 &non
2010 487 2125 520 minor
2134 486 2196 519 mi-

1266 534 1422 572 seriarum
1450 536 1655 579 multitudo,
1679 549 1777 583 quam
1806 538 2002 572 criminum.
2030 536 2092 572 His
2110 545 2194 580 crgo
2213 541 2305 580 Nun,
2331 551 2372 582 est

1266 596 1364 632 atque
1382 586 1451 621 aliis
1469 585 1562 623 malis
1579 589 1612 621 in
1632 597 1778 622 naturam
1796 583 2195 628 humanamirruentibus,
2213 589 2371 621 virtusfine

1270 634 1335 670 fide
1353 635 1500 684 perdita,
1526 635 1580 682 spe
1605 635 1739 680 relicta,
1764 635 1975 683 intelligentia
2002 634 2164 672 obcaecata
2182 658 2194 677 ‚
2212 630 2267 661 Dei
2279 631 2370 667 cultu,

1269 682 1440 722 voluntate
1460 684 1609 732 captiva,
1636 697 1737 721 nemo
1762 689 1794 722 in
1824 684 1854 721 se
1881 685 1968 721 unde
1989 694 2194 731 repararetur
2212 669 2258 740 {ff
2268 679 2370 740 Pege*

1268 737 1411 774 invenit.
1440 737 1529 781 Quia
1547 734 1603 771 etfi
1623 735 1684 771 fuit
1703 738 1759 784 qui
1790 734 1926 771 naturali
1952 734 2119 772 intellectu
2137 746 2193 769 co-
2212 721 2333 784 vixmi,
2362 773 2373 783 ³

1267 795 1361 819 natus
1381 783 1418 820 fit
1439 787 1528 824 vitiis
1549 784 1721 827 reluctari,
1748 783 1845 827 huius
1873 794 2004 821 tantum
2033 787 2194 831 temporis
2214 790 2310 822 larva.

1266 836 1366 869 vitam
1388 833 1540 870 steriliter
1558 837 1706 877 ornavit,
1731 835 1771 874 ad
1799 847 1892 870 veras
1919 846 2030 871 autem
2056 837 2196 871 virtutes

1266 893 1482 929 aeternamque
1499 883 1736 923 beatitudinem
1748 895 1814 920 non
1833 883 1993 932 profecit.
2018 887 2092 919 Sine
2102 883 2198 920 cultu

1268 934 1354 967 enim
1370 928 1386 954 f
1402 936 1470 967 veri
1492 935 1580 976 Dei,
1605 937 1703 970 etiam
1722 935 1816 981 quod
1833 937 1938 969 virtus
1957 933 2089 970 videtur
2115 930 2196 975 effe,
2283 948 2299 978 f

1270 991 1441 1029 peccatum
1463 981 1530 1023 cst,
1558 995 1616 1018 nec
1636 983 1763 1029 placere
1784 981 1869 1019 ullus
1889 983 2042 1019 Deofine
2053 985 2129 1020 Deo
2139 994 2198 1029 po·

1269 1029 1348 1067 test.
1376 1033 1445 1079 Qui
1470 1044 1549 1067 vero
1564 1035 1643 1069 Deo
1662 1044 1729 1066 non
1751 1031 1878 1078 placet,
1904 1036 1955 1069 cui
1970 1058 1983 1076 ,
2007 1033 2063 1068 nisi
2090 1031 2201 1068 fibi&

1270 1079 1406 1117 di‘abolo
1426 1080 1552 1127 placet?
1577 1084 1611 1119 A
1639 1093 1710 1130 quo
1734 1094 1814 1118 cum
1841 1080 1950 1118 homo
1976 1082 2169 1128 spoliaretur
2189 1106 2201 1123 ,

1270 1143 1338 1166 non
1359 1130 1548 1174 voluntate,
1574 1130 1626 1167 sed
1646 1131 1826 1169 voluntatis
1846 1131 1975 1168 sanitate
1987 1136 2131 1180 privatus
2142 1129 2202 1166 est:

1271 1183 1347 1228 quia
1366 1193 1425 1217 nec
1446 1180 1578 1217 detrudi
1599 1179 1640 1217 ab
1657 1185 1854 1221 innocentiae
1880 1181 1962 1217 statu
1991 1179 2115 1230 posset,
2142 1179 2202 1216 nisi

1271 1230 1441 1267 voluntate
1461 1242 1627 1277 peccaret.
1656 1233 1741 1277 Quae
1759 1243 1840 1278 ergo
1860 1242 1975 1267 natura
2003 1242 2071 1267 erat
2091 1229 2201 1274 bona,

1269 1280 1424 1327 qualitate
1440 1280 1521 1317 faeta
1543 1279 1588 1316 est
1609 1281 1710 1319 mala:
1736 1284 1770 1316 &
1791 1280 1845 1317 iile
1865 1285 2113 1324 animimotus‚
2139 1282 2199 1327 qui

1269 1342 1451 1376 numquam
1492 1329 1598 1378 potest
1625 1331 1690 1366 fine
1720 1329 1834 1378 aliquo
1865 1329 1922 1366 esse
1949 1344 2060 1368 amore
2083 1355 2095 1374 ,
2131 1329 2201 1365 hoc

1270 1380 1336 1422 est,
1365 1380 1429 1417 fine
1447 1379 1552 1428 aliqua
1565 1379 1752 1422 voluntate,
1778 1393 1844 1416 non
1856 1381 2204 1428 perdiditappetitum,

1275 1429 1325 1465 sed
1339 1433 1477 1467 mutavit
1486 1429 1663 1471 affestum5
1691 1430 1723 1466 id
1736 1433 1895 1477 recipiens
1906 1431 2091 1471 desiderio,
2111 1427 2206 1475 quod

1274 1478 1389 1516 debuit
1410 1479 1550 1517 refutare
1569 1481 1713 1527 judicio.
1740 1483 1832 1516 Cum
1855 1483 1951 1525 igitur
1971 1479 2128 1517 homoad
2139 1480 2206 1526 pie·

1274 1541 1375 1566 tatem
1397 1530 1503 1575 redit,
1528 1530 1570 1566 de
1596 1544 1666 1578 quo
1693 1531 1770 1568 idco
1799 1531 1926 1566 dicium
1955 1531 2024 1575 cst,
2060 1528 2386 1583 SP³⁷¹²“⁵-Pfi77·39·

1276 1580 1404 1613 vadens
1426 1579 1469 1612 (9²
1485 1592 1547 1613 non
1566 1586 1715 1620 rediens,
1741 1584 1820 1628 quia
1839 1581 1895 1616 mfl
1916 1581 2009 1615 illum
2031 1582 2209 1615 Deuscon-

1276 1641 1438 1671 verteret,
1464 1642 1530 1665 non
1551 1631 1690 1670 redirem
1715 1634 1734 1661 Β
1753 1643 1832 1667 cum
1859 1630 1897 1667 fit
1916 1642 2044 1667 novum
2074 1629 2210 1674 figmen-

1273 1691 1367 1720 tum,
1396 1692 1546 1725 novaque
1565 1693 1734 1725 creatura,
1760 1693 1827 1714 non
1857 1684 1916 1715 aloa
1946 1685 1979 1716 in
2012 1691 2053 1714 eo
2083 1689 2210 1714 creatur
2288 1673 2309 1703 g

1274 1729 1464 1770 substantia,
1490 1729 1543 1764 sed
1563 1731 1676 1765 eadem
1696 1742 1771 1778 quae
1792 1728 1898 1764 fuerat
1917 1729 2129 1769 labefactata,
2166 1739 2213 1761 re-

1275 1790 1425 1826 paratur:
1451 1790 1512 1812 nec
1532 1776 1621 1814 aliud
1638 1778 1678 1814 ab
1706 1791 1749 1814 eo
1776 1777 1942 1822 aufertur,
1968 1776 1986 1802 ¹²
2013 1776 2073 1815 nist
2093 1780 2212 1812 vitium
2288 1780 2309 1811 h

1275 1829 1369 1877 quod
1390 1839 1504 1866 natura
1523 1840 1589 1863 non
1613 1827 1749 1867 habuit.

1479 1931 1844 1967 CAPUT
1922 1932 2018 1968 vm.

1280 2028 1432 2064 Gratiam
1448 2027 1501 2070 sic
1526 2037 1682 2075 reparare
1707 2037 1786 2075 opus
1814 2027 1902 2071 Dei,
1935 2038 1972 2062 ut
1997 2026 2134 2062 liberum
2161 2037 2215 2059 ar-

1311 2080 1462 2116 'hierium
1490 2091 1552 2114 non
1578 2079 1731 2124 auferat.-
1750 2077 1813 2126 sed
1833 2079 1939 2126 potius
1959 2088 2020 2124 per
2045 2075 2213 2123 ipsummet

1332 2129 1419 2163 illud
1436 2129 1552 2174 sanet.

1356 2231 1417 2265 Uit
1443 2230 1532 2263 enim
1558 2230 1592 2263 in
1619 2227 1728 2264 Adam
1753 2238 1865 2265 natura
1875 2229 1938 2264 sive
1955 2231 2062 2273 vitio,
2086 2230 2144 2275 qui
2165 2237 2220 2273 per

1382 2276 1563 2314 voluntatis
1588 2276 1845 2315 inobedientiam
1872 2278 1954 2314 mala
1980 2280 2220 2315 multacontra-

1284 2330 1332 2363 xit
1352 2352 1364 2369 ,
1398 2330 1433 2363 δε
1458 2331 1490 2363 in
1518 2324 1666 2374 posteros
1700 2333 1804 2374 magis
1838 2327 2004 2376 magisque
2030 2327 2038 2350 ³
2065 2325 2224 2372 multipli·
2308 2343 2320 2373 i

1289 2377 1390 2412 canda
1401 2376 1594 2412 transfudit.
1623 2379 1710 2420 Quae
1736 2389 1773 2411 ut
1797 2381 1968 2414 vincantur
1992 2390 2090 2425 atque
2116 2381 2149 2412 in
2177 2377 2225 2409 ni·
2241 2384 2387 2413 Naturam

1281 2424 1390 2461 hilum
1414 2425 1619 2461 deducantur
1635 2449 1648 2466 ,
1683 2421 1702 2446 k
1728 2437 1798 2458 non
1825 2425 1928 2460 efficit
1953 2425 2010 2459 nifi
2035 2429 2135 2471 gratia
2160 2423 2224 2458 Sal-
2240 2422 2321 2453 sanat
2342 2424 2400 2454 sola

1281 2478 1427 2514 vatoris,
1451 2476 1510 2518 qui
1535 2483 1619 2519 opus
1644 2471 1737 2506 suum
1761 2483 1864 2517 opere
1889 2472 1949 2507 suo
1959 2486 2107 2520 reparat.
2134 2477 2223 2510 Sicut
2238 2472 2357 2533 3¹³‘k¹²·

1286 2525 1376 2556 enim
1402 2521 1484 2554 dicit
1510 2524 1651 2560 Joannes
1676 2517 1842 2566 apostolus
1863 2547 1876 2564 ,
1909 2521 1946 2554 In
1981 2523 2039 2556 bor:
2065 2523 2222 2569 apparuit

1284 2568 1393 2601 Filius
1419 2564 1507 2609 Dei,
1534 2576 1570 2600 ut
1590 2567 1707 2612 solvat
1733 2580 1828 2613 opera
1840 2570 1981 2607 diaboli.
2009 2576 2054 2609 Et
2079 2575 2121 2609 fic
2133 2586 2221 2611 rum·

1285 2620 1336 2665 pit
1361 2615 1491 2653 vincula
1516 2620 1658 2664 captivi,
1682 2617 1725 2654 fic
1750 2618 1845 2656 vestit
1871 2621 2052 2660 nuditatem
2079 2623 2220 2671 spoliati,

1283 2666 1328 2703 fic
1354 2666 1439 2703 sanat
1464 2666 1601 2703 vulnera
1628 2669 1774 2712 sauciati,
1799 2681 1836 2706 ut
1861 2673 1953 2717 quod
1982 2676 2014 2708 in
2038 2673 2108 2721 ipso
2133 2677 2220 2718 agit,

1286 2719 1386 2753 etiam
1414 2729 1472 2764 per
1497 2716 1604 2764 ipsum
1632 2729 1780 2765 gei-atur.
1807 2723 1874 2756 Cui
1902 2724 2017 2770 utique
2034 2721 2217 2759 contraho-

1285 2765 1367 2802 stem
1393 2763 1403 2787 ¹
1429 2766 1525 2803 suum
1551 2780 1619 2802 non
1656 2769 1790 2815 expedit
1824 2769 1889 2806 fine
1923 2774 2115 2819 protectore
2140 2785 2217 2808 con·
2298 2785 2310 2814 ι

1284 2816 1417 2863 fligere.
1445 2820 1537 2853 Cum
1562 2815 1620 2852 illo
1644 2821 1730 2854 enim
1761 2817 1860 2856 habet
1885 2833 2068 2863 certamen.
2103 2837 2121 2860 a
2145 2835 2217 2869 quo

1283 2866 1462 2913 aliquando
1486 2866 1652 2913 superatus
1677 2867 1742 2903 est.
1769 2872 1851 2906 Non
1877 2883 1958 2918 ergo
1968 2873 2046 2910 fidat
2070 2878 2097 2895 ¹¹¹
2121 2872 2162 2908 de
2172 2875 2218 2908 vi-

1285 2916 1376 2952 ribus
1400 2915 1485 2960 sui5‚
1510 2929 1584 2964 quae
1612 2921 1710 2954 etiam
1736 2930 1813 2954 cum
1842 2917 1939 2957 ess‘ent
1965 2926 2121 2970 integre,
2146 2934 2216 2957 non

1287 2965 1463 3004 steterunt;
1490 2965 1542 3003 sed
1571 2980 1629 3014 per
1654 2966 1749 3004 illum
1774 2979 1897 3014 quaerat
1925 2972 2095 3008 victoriam
2112 2997 2124 3014 ,
2159 2973 2218 3018 qui

1288 3016 1376 3055 solus
1402 3029 1468 3052 non
1494 3015 1541 3052 est
1565 3018 1670 3054 vietus
1688 3042 1700 3060 ,
1733 3022 1768 3054 &
1794 3018 1948 3056 omnibus
1983 3025 2060 3057 vicit
2079 3048 2086 3056 .
2123 3023 2167 3057 Et
2194 3019 2219 3056 fi

1287 3069 1406 3115 quaerit
1423 3091 1435 3110 ‚
1472 3079 1541 3102 non
1567 3065 1696 3103 dubitet
1721 3067 1889 3114 quaerendi
1915 3069 2067 3107 affectum
2093 3070 2132 3107 ab
2159 3070 2219 3104 illo

1286 3115 1318 3153 se
1343 3113 1514 3165 accepiffe,
1539 3128 1639 3164 quem
1664 3121 1798 3165 quaerit.
1825 3122 1900 3155 Nec
1925 3124 1998 3167 quia
2019 3124 2139 3168 Spiriru
2152 3121 2219 3156 Dei

1285 3170 1413 3214 agitur,
1437 3165 1514 3203 ideo
1540 3165 1571 3202 se
1596 3179 1690 3215 putet
1714 3166 1855 3203 liberum
1880 3168 2051 3207 arbitrium
2077 3183 2142 3206 non
2163 3167 2219 3204 ha-

1287 3216 1391 3254 bere.-
1427 3216 1520 3265 quod
1545 3228 1586 3253 ne
1612 3229 1691 3254 tunc
1717 3217 1852 3265 quidem
1880 3220 2022 3266 perdidit
2040 3246 2051 3263 ,
2086 3220 2217 3267 quando

1289 3265 1424 3303 diabolo
1449 3265 1619 3304 voluntate
1642 3267 1674 3303 se
1700 3268 1810 3306 dedit,
1837 3281 1855 3304 a
1879 3282 1950 3316 quo
1975 3270 2135 3317 judiciuin
2157 3282 2215 3304 vo-

1774 3319 1843 3366 Qq
1850 3331 1874 3366 q
1928 3329 1946 3352 2
2093 3318 2166 3355 lun·

1289 3408 1326 3428 co
1346 3398 1416 3427 alias
1436 3397 1607 3438 legebatur:
1627 3409 1681 3427 non
1693 3397 1732 3435 fit
1753 3410 1858 3429 novum
1875 3398 2059 3438 figmentum:
2085 3402 2162 3440 quod
2182 3402 2214 3432 ἃ

1288 3435 1446 3482 111ροί1010,
1468 3439 1499 3469 ἀ
1521 3438 1572 3477 ipfi
1592 3437 1772 3478 baptismatis
1791 3449 1824 3468 ac
1845 3438 2056 3472 iustificationis
2076 3443 2213 3480 myiierio

1288 3485 1603 3565 ceztrffiisuujigfienfis'
1622 3517 1679 3554 nili
1695 3518 1768 3556 quod
1786 3525 1905 3549 natura:
1926 3519 2027 3551 omissa
2047 3529 2118 3551 voce
2139 3521 2210 3557 hac,

1291 3568 1408 3589 vntum.

1332 3599 1339 3627 i
1366 3595 1430 3627 Mff.
1459 3595 1577 3626 Thuan.
1597 3594 1626 3626 ἃ
1649 3595 1705 3631 Jol.
1724 3596 1957 3636 multiplicando.

1291 3642 1293 3651 ¹
1331 3638 1349 3667 k
1373 3635 1452 3666 Editi
1474 3636 1587 3666 Lovan.
1610 3635 1687 3669 Dua.
1708 3636 1738 3667 ἃ
1758 3637 1866 3668 Goion.
1886 3648 1941 3668 non
1963 3639 2074 3678 effecit.
2101 3640 2212 3673 Melius

1293 3677 1351 3707 ΜΓ.
1371 3677 1427 3712 Jol.
1448 3675 1479 3706 &
1500 3676 1592 3706 Leon.
1611 3676 1719 3711 editio,
1739 3676 1839 3714 efficit.

1326 3717 1336 3746 1
1360 3717 1428 3746 Vox
1461 3717 1538 3750 haec,
1553 3717 1656 3755 suum,
1677 3717 1753 3746 aben
1774 3726 1792 3747 a
1811 3717 1868 3748 Ms.
1887 3717 2021 3753 Jolienfi.

1327 3766 1358 3786 m
1378 3755 1478 3791 Editi‚
1499 3756 1533 3785 eie
1552 3754 1680 3789 viribus.
1699 3755 1756 3789 Mt.
1776 3757 1832 3793 Jol,
1852 3756 1884 3789 &
1904 3757 1974 3791 edit.
1992 3753 2210 3800 Lugdmonha-

1289 3795 1365 3827 bent
1391 3796 1582 3836 particulam,
1606 3795 1656 3827 de.

2239 2543 2393 2582 lJoan.3.8
