2652 4126
506 178 891 241 ETaHiSTOR·
933 180 1219 242 SEMIPEL·
1261 199 1477 243 LUCEM
1522 199 1884 245 AFFERUNT.

295 310 1187 322 *mm

316 377 367 412 Ex
385 377 586 412 enarratione
616 377 753 422 ejusdem
780 378 812 411 in
843 378 1010 425 Psalmum
1035 379 1148 414 XLVI.

626 439 662 464 v.
683 440 715 472 9.
736 439 766 463 n.
794 440 844 464 io.

126 554 196 592 Vnst
205 562 234 590 9·
275 505 546 614 DEgkssdft
567 524 664 571 super
682 524 788 570 fidem
809 525 955 572 sanflam
974 527 1084 586 fitam.
1111 531 1196 573 Quae

379 602 381 604 -
465 589 479 612 s
502 588 570 619 eius
596 575 733 612 untia?
758 577 901 613 Forsitan
927 577 996 614 caeli
1018 605 1030 622 ,
1055 584 1090 616 &
1114 579 1194 615 bene

112 633 250 668 Δᾶμι,
270 626 477 673 intelligitur.
504 624 660 661 Ascendit
686 629 773 662 enim
793 625 966 670 Christus,
992 627 1071 664 ficut
1097 632 1194 664 novi·

266 687 362 718 mus,
387 687 466 712 cum
484 686 626 721 corpore
651 677 683 709 in
709 687 779 722 quo
803 676 979 712 crucifixus
1005 677 1072 720 est,
1097 682 1131 714 &
1151 677 1193 713 se—

265 724 321 761 det
354 724 394 761 ad
429 725 595 762 dexteram
629 727 732 760 Patris
752 740 763 761 .-
798 725 881 762 inde.
908 738 983 762 eum
1018 738 1192 764 venturum

265 773 489 823 exspectamus
522 774 561 809 ad
587 773 778 819 judicandos
805 778 900 811 vivos
936 780 969 811 &
1007 788 1157 813 mortuos
1182 805 1190 813 .

265 824 364 856 Sedet
381 822 481 869 super
500 822 609 867 sedem
628 821 772 865 sanciam
793 824 886 869 suam
907 849 916 857 .
943 825 1022 861 Caeii
1051 826 1120 862 sunt
1146 828 1190 862 ste-

263 869 320 910 des
346 871 452 910 sanda
477 876 568 915 eius.
595 874 655 908 Vis
683 876 716 911 &
744 885 781 910 tu
806 872 866 911 effe
891 873 981 910 stdes
1005 877 1093 918 eius?
1117 878 1190 913 No-

264 922 287 957 li
313 934 428 969 putare
453 933 486 962 te
510 922 569 961 esic
595 935 660 959 non
689 923 773 968 poffe
803 937 812 958 :
847 936 920 971 para
943 923 992 958 illi
1020 923 1131 962 locum
1156 929 1189 961 in

51 998 53 1000 .
87 972 362 1027 ¹,-1·,·„‚·4,corde
387 984 467 1011 tuo;
493 976 584 1008 venit
601 997 612 1014 ‚
638 976 671 1008 &
700 971 838 1008 libenter
862 972 973 1009 sedet:
1013 974 1077 1020 ipse
1101 986 1191 1011 certe

86 1039 115 1062 ι.»
261 1020 309 1057 est
333 1024 400 1058 Dei
428 1025 544 1059 Virtus
568 1026 600 1057 δι
626 1023 691 1058 Dei
718 1025 876 1068 Sapientia
894 1050 902 1058 .
936 1024 1054 1058 Anima
1081 1023 1151 1068 justi
1178 1050 1190 1067 ‚

105 1089 243 1130 5,p·7‚7‚
261 1070 348 1108 sedes
369 1071 550 1118 sapientise.
577 1075 607 1107 Si
635 1083 716 1117 ergo
741 1075 848 1108 anima
873 1071 944 1116 justi
971 1071 1057 1108 sedes
1083 1072 1128 1109 est
1146 1074 1189 1110 sa·

260 1123 392 1168 pientiae
413 1135 423 1156 ε
449 1121 487 1158 fit
510 1124 615 1157 anima
641 1132 694 1157 tua
719 1120 799 1163 justa
818 1147 828 1164 ‚
864 1126 898 1157 δι
923 1124 984 1157 eris
1010 1122 1121 1168 regalis
1146 1123 1190 1158 se-

258 1171 316 1209 des
341 1171 522 1217 sapientiae.
549 1173 594 1207 Et
619 1183 752 1213 revera,
778 1173 926 1212 Fratres,
950 1184 1063 1206 omnes
1080 1171 1189 1208 homi-

259 1233 316 1258 nes
339 1224 396 1267 qui
417 1219 499 1256 bene
518 1225 659 1263 vivunt,
684 1224 741 1267 qui
770 1219 852 1256 bene
864 1231 985 1267 agunt,
1011 1220 1188 1258 secundum

256 1272 423 1308 caritatem
449 1274 535 1318 piam
560 1270 811 1307 conversantur3
836 1283 947 1305 nonne
974 1273 1067 1306 Deus
1094 1274 1124 1306 in
1150 1272 1187 1306 il-

257 1319 298 1356 lis
323 1319 411 1356 sedet
430 1345 442 1362 ,
467 1325 502 1356 δε
527 1320 594 1368 ipse
619 1319 739 1363 iubet?
771 1318 992 1367 obtemperat
1016 1323 1119 1356 anima
1145 1321 1188 1356 se-

257 1368 349 1406 denti
373 1372 406 1405 in
436 1369 465 1406 se
486 1373 584 1410 Deo.
609 1374 644 1405 &
670 1368 734 1416 ipss
752 1367 842 1411 jubet
868 1368 1042 1406 membris,
1069 1373 1188 1407 Anima

257 1421 346 1454 enim
366 1430 420 1456 tua
446 1419 536 1464 jubet
553 1419 706 1456 membro
727 1429 808 1461 tuo,
833 1432 904 1466 quo
929 1431 1100 1455 moveatur
1112 1433 1187 1467 pes.

257 1481 328 1515 quo
354 1481 465 1507 manus
483 1496 496 1513 ,
521 1482 591 1517 quo
615 1467 733 1505 oculus
751 1492 763 1509 ,
788 1481 858 1515 quo
882 1472 968 1505 auris
991 1495 1003 1511 ,
1037 1474 1070 1504 &
1096 1469 1186 1514 jubet

256 1518 324 1564 ipsa
349 1518 505 1555 membris
526 1531 693 1566 tamquam
719 1517 847 1554 famulis
868 1518 956 1555 suis:
983 1518 1034 1554 sed
1060 1522 1093 1554 &
1121 1519 1186 1565 ipsa

255 1568 355 1604 servit
381 1571 516 1604 interius
548 1566 787 1620 infidenti‘sibi
813 1568 955 1605 domino
981 1567 1038 1604 suo
1056 1595 1065 1603 .
1102 1572 1183 1605 Non

255 1617 365 1663 potest
390 1618 534 1654 inferiori
562 1619 592 1655 se
617 1617 701 1655 bene
726 1620 914 1663 imperate,
940 1617 995 1654 nifi
1024 1618 1183 1666 superiori

255 1666 287 1705 se
312 1679 379 1703 non
408 1667 508 1706 suerit
532 1668 702 1716 dedignata
729 1666 869 1706 servire.

301 1835 356 1868 Ex
375 1834 580 1871 enarratione
598 1832 738 1881 ejusdem
767 1834 798 1867 in
818 1833 981 1880 Psalmum
1002 1835 1038 1874 L,
1059 1847 1089 1869 n.
1104 1847 1133 1882 ς.

350 1922 536 1956 Ικενίῐηεὶς
563 1922 622 1967 qui
644 1931 712 1955 non
738 1919 971 1955 commiserunt
992 1921 1009 1965 (
1024 1918 1090 1952 tale
1107 1928 1184 1964 pec.

373 1979 481 2003 catum
506 1969 602 2014 quale
629 1968 784 2008 David)
810 1980 846 2005 ut
874 1969 1015 2016 vigilent
1039 1968 1184 2005 custodi-

246 2031 284 2054 re
299 2014 522 2065 integritatem
550 2019 662 2061 suam,
685 2023 719 2055 δι
739 2031 815 2053 cum
835 2020 1009 2055 attendunt
1028 2030 1182 2065 magnum

246 2068 394 2105 cecidisse
414 2093 426 2110 ‚
461 2072 552 2116 parvi
589 2072 756 2105 timeant.
791 2070 822 2104 Si
850 2081 931 2104 vero
965 2069 1084 2116 aliquis
1118 2071 1181 2114 jam

247 2116 352 2164 lapsus
377 2116 594 2157 bacaudis,
621 2122 655 2153 &
678 2118 802 2163 aliquid
826 2121 859 2152 in
886 2118 1078 2154 conscientia
1106 2118 1189 2154 mali

247 2178 358 2202 tenens
375 2191 388 2208 ,
426 2164 523 2200 verba
558 2165 675 2200 Psalmi
703 2165 801 2207 hujus
825 2167 1000 2204 advertat:
1037 2170 1182 2204 attendat

245 2216 382 2262 quidem
406 2214 550 2251 vulneris
575 2213 835 2258 magnitudinem
857 2238 869 2255 ,
896 2213 949 2248 sed
977 2227 1043 2248 non
1068 2216 1181 2261 despe-

249 2272 306 2299 ret
326 2265 444 2300 medici
471 2262 667 2308 majestatem
686 2290 695 2298 .
731 2266 907 2297 Peccatum
932 2274 1010 2297 cum
1035 2262 1182 2308 despera-

248 2315 341 2350 tione
359 2336 372 2355 ,
406 2323 494 2347 certa
517 2324 607 2347 mors
626 2336 634 2343 -
670 2314 786 2348 Nemo
811 2323 892 2357 ergo
915 2311 1003 2348 dicat
1022 2337 1034 2354 ‚
1065 2314 1096 2348 Si
1123 2313 1186 2357 jam

249 2362 375 2409 aliquid
398 2360 475 2396 mali
500 2360 562 2397 feci
581 2386 594 2403 ,
629 2362 691 2405 jam
723 2360 922 2396 damnandus
958 2360 1056 2397 sum:
1093 2363 1187 2397 Deus

251 2411 344 2449 malis
369 2410 487 2447 talibus
510 2423 576 2446 non
602 2410 759 2456 ignoscit,
787 2423 847 2446 cur-
872 2423 939 2445 non
966 2410 1054 2446 addo
1073 2422 1185 2457 pecca-

251 2475 286 2499 ta
312 2453 477 2508 peccatis?
501 2463 603 2496 Fruar
626 2459 695 2495 hoc
720 2459 839 2494 saeculo
864 2463 896 2494 in
924 2459 1093 2505 voluptate
1113 2483 1126 2500 ,
1151 2462 1185 2493 in

253 2512 379 2548 lascivia
398 2535 411 2551 ‚
446 2512 479 2544 in
502 2509 680 2555 cupiditate
705 2507 824 2543 nefaria
845 2521 855 2542 t
890 2510 952 2551 jam
981 2508 1106 2554 perdita
1129 2507 1187 2552 spe

255 2561 467 2608 reparationis
487 2584 500 2601 ,
533 2557 587 2594 vel
612 2556 679 2594 hoc
713 2555 849 2593 habeam
875 2556 968 2602 quod
988 2557 1093 2592 vvideo
1117 2583 1128 2600 ‚
1162 2556 1186 2591 fi

257 2624 323 2646 non
349 2607 475 2657 poss‘um
500 2606 622 2644 habere
646 2606 738 2654 quod
763 2606 883 2641 credo.
909 2605 972 2642 Iste
997 2618 1078 2652 ergo
1104 2605 1186 2642 Psal-

256 2673 350 2701 mus,
376 2659 457 2695 ficut
476 2669 588 2694 cautos
612 2657 688 2693 facit
714 2668 770 2691 eos
794 2659 852 2701 qui
878 2668 945 2691 non
971 2656 1186 2697 ceciderunt,

258 2711 301 2747 fic
327 2709 508 2757 desperatos
519 2706 579 2743 ess'e
603 2719 671 2743 non
691 2705 764 2741 vult
781 2705 1061 2755 qujceciderunt,
1087 2706 1185 2749 Quis-

258 2763 334 2808 quis
361 2758 494 2806 peccasti
513 2784 523 2798 ‚
548 2761 582 2793 &
607 2755 735 2793 dubitas
760 2767 853 2801 agere
880 2758 1096 2802 paenitcntiam
1123 2767 1187 2801 pro

260 2820 397 2858 peccato
422 2820 483 2845 tuo
507 2807 708 2854 desperando
724 2805 854 2841 salutem
881 2815 993 2847 tuam,
1019 2805 1093 2841 audi
1120 2807 1187 2841 Da-

260 2861 318 2897 vid
346 2870 549 2905 gementem-
574 2857 631 2892 Ad
656 2867 689 2892 te
713 2854 846 2892 Nathan
874 2853 1037 2903 propheta
1063 2854 1187 2890 nonest

260 2908 366 2946 miffus
383 2933 395 2951 ,
419 2907 485 2955 ipse
510 2907 619 2942 David
645 2906 685 2942 ad
710 2917 743 2941 te
768 2903 872 2941 missus
895 2903 942 2940 est
960 2928 970 2937 .
994 2904 1084 2940 Audi
1110 2916 1186 2940 eum

260 2959 479 2999 clamantem,
501 2960 534 2992 &
560 2955 653 2992 simul
678 2955 799 2992 clamat
823 2954 899 2990 audi
923 2965 1127 3001 gementem,
1153 2958 1188 2989 &

262 3007 488 3056 congemisce,
513 3006 587 3042 audi
615 3006 780 3047 flentem,
814 3008 848 3039 &
873 3003 1032 3052 lacrymas
1059 3006 1156 3050 junge
1181 3017 1191 3040 ὅ

263 3059 339 3095 andi
362 3057 575 3098 corretfiturm
601 3053 887 3091 &condelectare-
913 3056 942 3089 Si
968 3052 1029 3089 tibi
1055 3065 1120 3088 non
1133 3065 1191 3099 po-

263 3111 329 3144 tuit
354 3106 527 3150 intercludi
553 3117 719 3154 peccatum
739 3129 750 3147 ‚
776 3104 844 3151 spes
868 3106 971 3139 veniae
998 3115 1066 3138 non
1091 3107 1189 3139 inter·

263 3156 435 3195 cludatur.
460 3154 573 3192 Miss'us
590 3154 636 3191 est
660 3155 701 3191 ad
711 3153 807 3190 istum
833 3155 940 3190 virum
967 3152 1102 3190 Nathan
1114 3165 1190 3200 pro-

263 3206 366 3255 pheta
383 3231 395 3248 ,
419 3205 557 3241 attende.
573 3208 657 3251 regis
675 3203 898 3240 *humilitatem
917 3229 926 3239 .
961 3205 1042 3239 Non
1070 3202 1190 3249 respuit

264 3254 366 3294 verba
390 3257 607 3303 praecipientis
623 3279 637 3296 ,
667 3267 734 3290 non
760 3254 844 3289 dixit
861 3276 872 3294 ,
897 3252 1010 3288 Audes
1034 3250 1114 3288 mihi
1142 3250 1190 3286 lo—

266 3309 328 3353 qui
338 3307 429 3351 regi?
456 3308 533 3342 Rex
551 3303 694 3340 sublimis
706 3302 906 3349 Prophetam
925 3302 1076 3346 audivit,
1100 3299 1190 3350 plebs

269 3357 337 3400 ejus
359 3353 494 3393 humilis
518 3352 694 3393 Christum
718 3353 845 3391 audiat-

373 3815 408 3847 ς,
434 3800 583 3850 Prosperi‘
592 3826 605 3838 .

1282 312 2150 335 *Q*

1327 378 1376 411 Ex
1397 380 1598 414 enarratione
1617 381 1754 426 ejusdem
1775 381 1808 415 in
1827 383 1989 429 Psalmum
2015 386 2100 422 Lm.
2136 412 2140 418 =

1649 443 1731 464 mim.
1747 445 1775 476 3.

1349 530 1446 564 Mnes
1481 529 1558 566 boni
1596 531 1697 568 latent
1730 531 1816 575 hic,
1848 536 1924 579 quia
1957 533 2089 573 bonum
2120 550 2172 573 eo·

1371 590 1443 614 rum
1469 582 1555 616 intus
1581 581 1647 623 est,
1671 580 1897 619 absconditum
1922 582 1988 626 est,
2012 588 2045 620 in
2071 586 2172 623 corde

1251 625 1297 660 est
1318 651 1330 668 ‚
1356 627 1409 662 ubi
1438 627 1538 673 fides,
1564 629 1620 665 ubi
1645 634 1761 666 caritas
1780 657 1790 671 ‚
1816 631 1869 668 ubi
1897 631 1992 678 spes,
2017 633 2073 670 ubi
2099 634 2173 672 the-

1251 674 1360 712 saurus
1385 676 1541 713 illorum.
1566 680 1742 727 Numquid
1769 679 1840 716 haec
1866 679 1950 716 bona
1973 688 2171 730 apparentin

1251 724 1398 760 saeculo?
1422 729 1468 762 Et
1494 725 1564 764 haec
1591 728 1675 764 bona
1699 728 1801 765 latent
1818 756 1829 772 ,
1864 734 1896 766 δι
1922 729 2043 768 horum
2069 732 2173 769 bono-

1249 786 1323 810 rum
1350 788 1472 811 merces
1499 776 1594 813 latet.
1622 781 1669 814 At
1694 791 1774 814 vero
1799 780 1936 824 dignitas
1961 779 2065 817 saeculi
2091 795 2174 828 quo·

1249 824 1352 859 modo
1387 824 1458 861 alba
1492 825 1538 861 est
1565 829 1577 862 .²
1614 830 1710 863 Nitet
1743 828 1781 863 ad
1820 841 1977 875 tempus:
2012 832 2173 878 numquid

1249 872 1375 919 semper
1400 874 1548 911 nitebit?
1582 876 1694 912 Herba
1719 876 1764 912 est
1788 875 1953 925 hyemalis
1973 903 1983 920 ‚
2010 880 2174 926 usquead

1247 921 1387 958 aestatem
1415 926 1499 959 viret
1517 952 1526 959 .
1564 929 1644 961 Non
1672 938 1752 972 ergo
1787 927 1844 962 fiat
1878 930 1910 962 in
1937 932 2048 964 animo
2081 930 2174 977 quod

1248 974 1281 1007 in
1307 971 1372 1007 alio
1399 972 1525 1008 Psalmo
1550 978 1749 1010 invenimus.
1775 975 1970 1013 Confitetur
1993 981 2078 1015 enim
2103 982 2175 1026 qui·

1248 1021 1323 1056 dam
1345 1034 1449 1069 prope
1475 1021 1504 1057 ie
1529 1022 1674 1058 cecidiss‘e
1688 1035 1878 1067 nutantem,
1902 1030 1935 1061 &
1955 1025 2065 1062 labass'e
2088 1026 2173 1073 gres-

1247 1070 1298 1106 sus
1324 1070 1397 1106 suos
1422 1070 1620 1108 ambulantes
1646 1076 1678 1107 in
1706 1077 1756 1108 via
1782 1077 1878 1115 Dei,
1907 1075 1995 1110 ‚dum
2019 1076 2175 1121 aspiceret

1248 1120 1364 1156 florem
1389 1121 1564 1167 quemdam
1597 1121 2069 1170 felicitatemque-iniquorum
2092 1139 2106 1159 τ
2138 1128 2173 1160 &

1249 1169 1359 1214 postea
1392 1183 1490 1218 quam
1525 1174 1683 1217 cognovit
1727 1172 1809 1218 quid
1842 1175 1959 1219 iniquis
2004 1175 2035 1208 in
2071 1173 2172 1210 finem

1248 1218 1382 1255 servaret
1407 1223 1498 1256 Deus
1519 1239 1533 1262 ,-
1564 1224 1598 1257 δι
1622 1220 1703 1268 quid
1729 1220 1818 1266 justis
1843 1220 2068 1259 laborantibus
2094 1237 2173 1271 pro·

1246 1273 1391 1305 mitteret
1409 1293 1422 1311 ‚
1447 1273 1504 1316 qui
1530 1268 1641 1306 fallere
1666 1283 1733 1305 non
1761 1270 1866 1316 potest
1889 1295 1901 1312 ,
1926 1282 2030 1317 agens
2055 1276 2172 1318 gratias

1246 1318 1288 1354 de
1312 1317 1374 1354 hac
1401 1322 1590 1365 cognitione
1610 1345 1622 1361 ‚
1647 1323 1712 1362 ait,
1738 1323 1848 1366 Qam
1875 1319 1981 1357 bonus
2006 1324 2100 1359 Deus
2125 1322 2170 1360 Is2
2186 1338 2348 1378 psamffl,

1246 1367 1311 1403 rael
1337 1368 1432 1403 reffis
1457 1369 1590 1417 corde?
1625 1372 1737 1413 Quare
1762 1369 1831 1408 hoc
1848 1392 1851 1395 -
1867 1370 1975 1408 dicis?
2011 1373 2079 1406 Mei
2115 1384 2171 1410 au·
2188 1380 2250 1413 &a

1245 1429 1312 1452 tem
1333 1443 1342 1457 ,
1379 1421 1486 1465 inquit
1506 1443 1517 1459 ,
1545 1431 1625 1465 pene
1650 1423 1811 1454 commoti
1839 1418 1913 1455 sunt
1942 1419 2038 1465 pedes
2057 1445 2067 1454 .
2102 1424 2172 1460 Un-

1243 1467 1305 1503 de?
1330 1470 1418 1516 Qia
1444 1466 1544 1503 zelavi
1571 1471 1603 1502 in
1632 1468 1854 1514 peccatoribus
1875 1495 1886 1511 ,
1924 1481 2033 1515 pacem
2060 1483 2170 1517 pecca-

1244 1529 1356 1552 torum
1389 1521 1517 1553 intuens
1537 1542 1545 1549 .
1582 1518 1782 1553 confirmati
1818 1519 2171 1566 sunt·autem·gressus

1242 1569 1327 1611 ejus,
1354 1566 1461 1614 postea
1479 1579 1580 1615 quam
1608 1567 1767 1607 intellexit
1793 1571 1824 1603 in
1847 1569 2038 1607 novissima.
2065 1570 2172 1614 Quod

1242 1620 1327 1652 enim
1353 1620 1386 1652 in
1413 1616 1529 1652 eodem
1566 1616 1690 1662 psalmo
1717 1615 1817 1663 paulo
1844 1615 1917 1665 post
1942 1618 2022 1653 dicit
2046 1644 2056 1660 ‚
2092 1621 2171 1655 Hoc

1242 1665 1335 1701 labor
1359 1665 1405 1701 est
1429 1678 1503 1702 ante
1529 1679 1580 1701 mc
1606 1682 1614 1701 :
1651 1666 1732 1702 idest
1749 1692 1760 1708 ,
1785 1679 1896 1713 magna
1924 1666 2008 1703 mihi
2033 1668 2171 1715 quaestio

1241 1716 1378 1755 surrexit
1405 1719 1437 1750 in
1464 1717 1589 1758 corde,
1614 1728 1714 1762 quare
1738 1715 1893 1754 homine-s
1919 1716 2001 1752 male
2025 1718 2168 1765 faciunt-4,

1242 1769 1275 1800 δι
1303 1767 1334 1799 in
1362 1764 1479 1802 saeculo
1505 1765 1626 1801 florent
1646 1789 1657 1806 ,
1685 1764 1916 1803 multi-autem
1944 1765 2024 1802 bene
2050 1764 2171 1811 agunt,

1241 1819 1274 1850 &
1313 1818 1345 1850 in
1380 1813 1442 1849 hac
1476 1824 1562 1850 terra
1597 1811 1747 1850 laborant
1766 1838 1776 1846 .
1799 1813 1966 1860 „Qaestio
1999 1826 2080 1860 ergo
2115 1814 2172 1850 ista

1240 1877 1316 1900 cuin
1343 1875 1454 1908 magna
1480 1862 1555 1899 esset
1579 1873 1655 1898 ante
1681 1862 1946 1906 oculosqmeos,
1971 1867 2006 1900 &
2031 1863 2172 1901 laborio—

1242 1913 1271 1949 si
1305 1914 1344 1949 ad
1373 1911 1657 1958 investigandums
1692 1911 1786 1953 labor
1811 1912 1888 1954 est,
1921 1915 2030 1959 inquit
2049 1938 2062 1956 ,
2096 1925 2172 1950 ante

1241 1976 1314 2005 me,
1338 1962 1446 1999 donec
1472 1966 1632 1997 introeam
1655 1964 1688 1995 in
1717 1960 1932 1998 sanctuarium
1952 1964 2041 2003 Dei,
2065 1965 2099 1998 &
2126 1965 2171 2003 ἰηι,

1241 2013 1388 2058 tclligam
1416 2015 1448 2046 in
1476 2010 1875 2055 novilunia-,Quarum
1899 2009 1955 2045 ista
1981 2012 2171 2054 novissima?

1243 2066 1328 2107 Quae
1347 2088 1358 2104 ,
1393 2061 1450 2097 nili
1474 2073 1547 2106 qum=
1572 2058 1690 2097 scimus
1717 2062 1781 2102 jam
1814 2062 1846 2099 in
1872 2059 2057 2105 Evangelio
2093 2073 2174 2107 prae-

1241 2114 1418 2148 nuntiata?
1451 2114 1541 2147 Cum
1577 2112 1664 2145 enim
1701 2111 1828 2145 venerit
1865 2109 1952 2144 filius
1978 2108 2124 2145 hominis
2159 2124 2350 2162 ‚Manan-

1241 2160 1528 2207 congregabuntur
1552 2170 1626 2195 ante
1648 2171 1727 2194 ,eum
1751 2170 1865 2199 omnes
1890 2169 2002 2207 gentes
2022 2185 2034 2202 ,
2069 2163 2102 2195 δε
2129 2159 2173 2196 se-
2188 2177 2240 2205 31·

1243 2202 1367 2256 parabit
1393 2222 1449 2245 eos
1468 2233 1479 2249 ‚
1510 2208 1592 2243 ficut
1617 2207 1726 2253 pastor
1751 2208 1894 2254 segregat
1928 2220 2007 2243 oves
2030 2207 2075 2245 ab.
2096 2207 2174 2248 hoe·

1243 2259 1294 2341 dlis
1313 2282 1325 2298 ‚
1351 2270 1429 2292 oves
1454 2267 1560 2302 ponet
1585 2257 1624 2293 ad
1649 2256 1818 2295 demetam
1841 2280 1856 2298 a
1882 2255 2012 2295 hoedos
2036 2257 2078 2294 ad
2102 2258 2175 2294 fini-

1246 2307 1259 2344 i
1278 2317 1365 2342 ram.

1319 2471 1369 2503 Ex
1394 2470 1595 2503 enarratione
1620 2470 1756 2512 ejusdem
1782 2470 1815 2504 in
1844 2471 2005 2516 Psblmum
2031 2473 2096 2510 LV,

1533 2519 1621 2564 vers.
1647 2532 1699 2555 12.
1720 2531 1803 2554 num:
1827 2533 1880 2567 19.

1345 2606 1374 2639 E
1402 2604 1514 2639 cordis
1539 2616 1611 2639 arca
1635 2604 1750 2651 profer
1775 2604 1875 2641 laudis
1901 2606 2064 2643 incensum
2084 2632 2094 2649 ,
2128 2609 2173 2644 de

1371 2653 1504 2689 cellario
1539 2652 1634 2689 bona:
1667 2653 1872 2690 conscientiae
1907 2655 2018 2702 profer
2052 2656 2173 2693 sacrifi-

1245 2707 1337 2739 cium
1363 2703 1460 2738 fidei.
1487 2703 1662 2749 Quidquid
1688 2703 1835 2751 profem,
1858 2706 1996 2741 accende
2020 2710 2170 2742 caritate.

1245 2757 1284 2792 In
1311 2765 1342 2788 te
1367 2752 1429 2788 sint
1456 2765 1532 2788 vota
1554 2778 1564 2793 ‚
1597 2765 1668 2800 quae
1694 2753 1807 2789 reddas
1830 2753 1935 2790 laudis
1961 2758 2038 2791 Deo
2055 2779 2064 2788 .
2101 2760 2172 2793 Cu-

1246 2806 1294 2849 jus
1319 2802 1450 2838 laudis?
1477 2802 1570 2848 Quid
1597 2805 1684 2838 enim
1710 2801 1770 2838 tibi
1797 2802 1978 2849 praestitit?
2009 2804 2169 2844 Quoniam

1247 2851 1390 2898 eripuisti
1422 2851 1530 2884 anima
1565 2863 1667 2884 meam
1702 2851 1741 2883 de
1766 2861 1891 2888 morte,
1927 2853 1998 2900 Ipss
2033 2853 2081 2890 est
2115 2854 2170 2892 illa

1247 2907 1313 2939 vita
1333 2913 1429 2949 quam
1456 2904 1600 2937 enuntiat
1625 2901 1690 2937 illi:
1720 2904 1811 2937 Deus
1825 2904 1926 2937 vitam
1952 2915 2168 2940 meamenun-

1246 2956 1322 2990 tiavi
1351 2950 1429 2987 tibi.
1455 2951 1550 2999 Quid
1567 2954 1652 2989 enim
1679 2953 1789 2987 eram?
1813 2953 1990 2988 Mortuus«
2012 2956 2076 2988 Per
2101 2966 2170 2990 me·

1247 3002 1351 3051 ipsum
1378 3013 1464 3036 eram
1481 3009 1632 3050 mortuus
1653 3015 1666 3036 ι,
1689 3012 1747 3047 per
1772 3010 1805 3036 te
1830 3001 1911 3048 quid
1929 3000 2018 3037 sum?
2043 3004 2171 3040 Vivus.

1246 3053 1329 3090 Ideo
1354 3049 1388 3084 in
1413 3061 1461 3082 me
1488 3049 1564 3094 sunt
1590 3050 1679 3083 Deus
1713 3058 1792 3082 vota
1818 3059 1878 3082 tua
1897 3076 1907 3091 ‚
1942 3062 2011 3095 quae
2035 3052 2170 3085 reddam

1246 3100 1353 3135 laudis
1378 3098 1459 3134 eibi.
1484 3101 1536 3136 En
1561 3112 1637 3135 amo
1655 3102 1765 3135 Deum
1792 3112 1932 3136 meum:
1959 3113 2055 3137 nemo
2079 3099 2171 3146 hunc

1247 3150 1328 3188 mihi
1353 3153 1451 3197 eripit
1468 3174 1480 3191 ,
1513 3150 1605 3196 quod
1632 3148 1677 3184 illi
1703 3149 1779 3185 dem
1804 3162 1903 3186 nemo
1927 3148 2010 3186 mihi
2035 3153 2170 3199 eripit}‚

1247 3205 1324 3248 quia
1358 3203 1392 3236 in
1415 3199 1517 3235 corde
1541 3198 1702 3235 incluffim
1735 3198 1781 3235 est
1800 3226 1809 3236 .
1841 3201 1967 3236 Merito
1991 3201 2111 3237 dicitur
2136 3203 2172 3240 in

1248 3250 1302 3287 illa
1327 3249 1491 3297 superiore
1517 3247 1636 3285 fiducia
1656 3272 1664 3281 .
1692 3249 1788 3294 Quid
1812 3247 1894 3285 mihi
1917 3249 2009 3285 ficiat
2034 3248 2171 3298 bomne

1248 3304 1373 3337 Saeviat.
1388 3298 1496 3335 horno
1517 3322 1529 3340 ,
1555 3301 1762 3344 permittatur
1787 3297 1894 3334 saevire
1919 3325 1931 3342 ,
1967 3303 2172 3345 permittatur

1249 3349 1376 3386 efficere
1400 3347 1492 3396 quod
1517 3359 1656 3384 conatur
1675 3361 1683 3382 :
1707 3348 1793 3393 quid·
1814 3346 1861 3383 est
1884 3347 2046 3384 ablaturus
2065 3351 2171 3386 ?=Auv

1247 3412 1346 3442 rum,
1369 3408 1560 3445 argentum,
1587 3408 1724 3445 pecora,
1750 3396 1858 3432 servos
1877 3422 1888 3439 ,
1913 3397 2040 3434 ancillas
2063 3398 2172 3441 ,sun-

1248 3450 1331 3491 dos,
1356 3448 1499 3489 domos,
1519 3446 1641 3482 auferat
1650 3448 1756 3482 omnia
1777 3461 1785 3482 =
1811 3447 1973 3494 numquid
1990 3446 2096 3483 aufert
2112 3460 2172 3485 voe

1250 3510 1281 3535 ta
1301 3522 1310 3538 ‚
1335 3509 1410 3545 quae
1431 3499 1465 3531 i'n
1493 3508 1554 3531 me.
1571 3496 1644 3531 sunt
1661 3520 1673 3538 ,
1695 3508 1769 3542 quae
1787 3496 1919 3533 reddam
1945 3496 2046 3533 laudis
2065 3498 2173 3533 Deo?

1251 3544 1423 3585 Permiffus
1449 3544 1494 3580 est
1504 3556 1625 3581 tentare
1643 3556 1783 3580 tentator
1801 3544 1943 3581 finctum
1969 3549 2076 3582 virum
2087 3545 2173 3590 Job,
2186 3556 2249 3596 soh,
2264 3566 2346 3589 „12.

1253 3610 1322 3634 uno
1347 3595 1472 3643 puntsto
1496 3597 1656 3641 temporis
1680 3593 1811 3631 abstulit
1835 3599 1945 3640 omnia
1964 3619 1976 3637 ,
2008 3596 2172 3643 quidquid

1256 3646 1454 3683 facultatum
1477 3641 1785 3681 habueratademit
1804 3668 1820 3684 ‚‚
1834 3643 1977 3683 -abstnlit
2011 3644 2174 3686 heredita]-

1255 3709 1322 3732 tcm
1341 3720 1352 3738 ,
1379 3693 1542 3730 interfecit
1565 3691 1702 3730 heredes
1721 3717 1732 3735 ,
1756 3706 1860 3740 neque
1888 3692 2135 3742 hoc,paulati'm
2161 3718 2174 3738 ,

1255 3746 1307 3782 sed
1333 3745 1546 3789 catervatim,
1567 3755 1639 3780 uno„
1656 3744 1751 3787 ictu,
1772 3755 1846 3779 uno
1869 3746 2016 3797 impetu,
2040 3755 2077 3780 ut
2100 3757 2174 3781 om-

1800 3804 1820 3839 g
1831 3804 1853 3840 g
2073 3797 2125 3829 nia
