2652 4126
479 256 600 334 '154
684 259 956 316 SCRIPTA
1000 268 1080 321 ET
1121 264 1546 311 MONUMENTA
1588 249 1737 323 Quis
1780 242 2315 306 massiacum.

480 357 566 392 xerit
588 367 685 391 eum.
710 355 756 390 Et
775 350 843 386 hoc
862 357 1003 395 propter
1020 345 1190 382 credentes
1208 349 1242 383 ει
1262 356 1328 383 non
1339 358 1407 383 cre·

482 404 595 441 dentes
616 404 647 440 se
664 399 773 438 dixiss'e
789 396 1026 438 manifestavit,
1053 408 1221 445 exponens
1250 395 1343 441 quod
1360 396 1408 432 di-

482 465 604 496 xerat,
639 452 693 488 nifi
721 454 814 487 Pater
840 450 900 495 qui
926 445 1015 487 mifit
1034 458 1088 483 me
1104 471 1117 489 ,
1142 449 1276 482 traxerit
1294 457 1371 481 eum
1395 461 1405 482 t

484 503 621 552 idipsum
641 500 708 536 aliis
736 496 843 535 verbis
870 495 1051 544 repetendo
1077 499 1111 532 in
1139 509 1181 532 eo
1208 494 1302 542 quod
1327 498 1372 531 ait
1395 520 1409 538 ,

336 577 369 606 T
400 575 428 605 h·
483 554 557 592 Nisi
573 553 669 588 fuerit
687 550 716 587 ei
737 548 850 589 datum
868 560 886 587 a
904 551 1000 584 Patre
1017 559 1113 583 meo.
1141 546 1202 583 Ille
1211 548 1336 593 quippe
1347 555 1415 581 tram

311 585 466 654 vatrrssqlui}
484 599 576 640 hit'ur
586 600 625 637 ad
639 596 817 640 Christum
827 622 839 640 ,
849 601 901 634 cui
911 598 1007 634 datur
1016 597 1171 633 utcredat
1179 600 1212 632 in
1222 593 1412 632 Christum.

305 657 432 686 dicatur.
485 656 592 690 Datur
608 659 689 696 ergo
706 647 850 696 potestas
871 659 909 685 ut
935 647 995 685 filii
1025 649 1093 684 Dei
1121 646 1200 682 fiant
1219 671 1232 689 ,
1257 648 1316 693 qui
1343 657 1413 681 cre·

485 703 566 740 dunt
589 702 621 735 in
640 710 736 741 eum,
762 710 839 735 cum
857 696 926 735 hoc
942 697 1060 745 vipsum
1089 696 1186 733 datur
1214 706 1253 731 ut
1281 695 1415 731 credant

485 755 516 788 in
536 762 633 787 eum·
657 751 745 796 Qae
764 746 905 796 potestas
924 773 937 790 ,
963 747 1020 783 nisi
1041 747 1139 784 detur
1159 760 1176 783 a
1195 749 1272 784 Deo
1293 770 1304 785 ,
1329 744 1417 781 nulla

329 811 464 843 Liberum
486 798 544 838 effe
564 797 671 847 potest
688 811 730 835 ex
750 797 857 834 libero
884 796 1022 834 arbitrio
1047 812 1056 834 ε
1082 800 1159 844 quia
1184 809 1244 832 nec
1271 793 1416 831 liberum

309 851 459 882 arbitrium
485 855 519 886 in
538 849 631 886 bono
649 851 734 891 erit,
758 848 851 895 quod
870 846 1027 885 liberator
1047 859 1115 883 non
1128 846 1335 883 liberaverim
1361 844 1416 880 sed

309 890 468 962 psgeirltigg:
486 905 519 936 in
537 898 624 936 malo
647 897 790 938 liberum
810 895 910 934 habet
929 896 1100 934 arbitrium
1119 922 1132 941 ,
1156 901 1210 933 cui
1227 896 1415 933 delecta-tio-

310 981 368 1003 ΠΟ,
486 962 562 988 nem
587 948 716 985 malitiae
736 947 790 984 vel
809 947 959 984 occultus
979 947 1030 985 vel
1050 946 1237 984 manifestus
1256 946 1416 992 deceptor

487 1000 620 1042 insevit,
645 998 697 1037 vel
716 996 775 1036 fibi
794 997 867 1045 ipre,
879 997 1030 1046 persuafit
1042 1022 1051 1031 .

535 1052 618 1087 Non
644 1052 775 1097 itaque,
799 1047 880 1086 ficut
899 1048 1013 1085 dicunt
1032 1060 1091 1084 nos
1109 1048 1243 1095 quidam
1269 1046 1378 1084 dicere
1401 1069 1414 1088 ‚

486 1102 522 1140 ὅ(
546 1098 568 1120 *
592 1097 650 1135 iste
666 1098 765 1136 audet
783 1097 919 1146 insuper
936 1097 1104 1140 scribero,
1129 1109 1235 1131 omnes
1253 1094 1288 1129 in
1303 1105 1415 1143 pecca-

307 1166 468 1199 Condudit
486 1159 573 1191 tum,
601 1148 689 1184 velut
709 1150 804 1184 inviti
816 1174 829 1191 ,
854 1146 962 1181 carnis
970 1145 1038 1191 suae
1056 1145 1231 1191 neceffltate
1249 1154 1413 1192 coguntur:

306 1218 366 1238 non
388 1207 449 1238 adi·
486 1199 539 1239 sed
557 1198 579 1233 fi
599 1199 660 1242 jam
690 1200 723 1232 in
751 1209 787 1232 ea
814 1207 907 1234 aetate
934 1195 1006 1233 sunt
1026 1222 1038 1239 ,
1063 1207 1102 1233 ut
1133 1199 1274 1245 propriae
1293 1198 1414 1233 mentis

306 1256 388 1292 meze,
413 1247 453 1291 se·
485 1258 618 1284 utantur
637 1245 799 1288 arbitrio,
825 1249 859 1284 δι
878 1249 910 1282 in
930 1257 1064 1293 peccato
1092 1245 1145 1283 sua
1173 1246 1342 1283 voluntate
1367 1259 1415 1282 re·

303 1295 404 1357 {³¹3¹ss
424 1286 468 1356 ἐξ
485 1301 652 1338 tinentur‚
678 1299 713 1333 &
731 1308 749 1334 a
769 1306 906 1343 peccato
925 1299 958 1332 in
979 1307 1149 1343 peccatum
1164 1297 1217 1334 sua
1245 1295 1417 1333 voluntate

303 1337 446 1396 bizim,
485 1349 750 1396 precipitantur.
777 1349 898 1392 Neque
916 1349 1004 1382 enim
1021 1349 1088 1394 agit
1104 1349 1138 1383 in
1156 1351 1202 1383 eis
1233 1350 1332 1383 etiam
1357 1349 1416 1394 qui

305 1406 466 1448 vatianus.
485 1395 794 1444 suadet&decipit,
819 1394 875 1431 nifi
894 1406 932 1434 ut
950 1407 1122 1444 peccatum
1142 1394 1314 1435 volunta-te
1323 1409 1418 1432 com·

324 1468 326 1473 ·
483 1451 637 1488 mittant,
663 1444 716 1481 vel
733 1448 919 1493 ignorantia
940 1449 1108 1492 veritatis,
1132 1447 1185 1484 vel
1205 1446 1419 1483 delefflitione

483 1499 685 1543 iniquitatis,
710 1495 763 1533 vel
781 1505 925 1542 utroque
943 1496 1034 1534 malo
1054 1500 1089 1534 δι
1106 1501 1258 1534 caecitatis
1277 1500 1311 1533 &
1331 1496 1421 1533 infir·

483 1548 633 1584 mitaris·
662 1545 725 1582 Sed
743 1543 814 1583 haec
833 1545 986 1584 voluntas
1005 1560 1077 1595 quae
1094 1546 1198 1585 libera
1220 1546 1267 1583 est
1296 1550 1328 1583 in
1356 1558 1424 1582 ma·

483 1595 549 1639 lis,
575 1598 652 1644 quia
672 1594 854 1634 deleamur
878 1595 970 1634 malis
986 1622 999 1641 ‚
1026 1598 1102 1634 ideo
1132 1597 1234 1636 libera
1261 1600 1295 1633 in
1327 1596 1423 1632 bonis

305 1645 377 1679 Non
414 1653 467 1684 po·
485 1658 554 1683 non
572 1646 642 1689 est,
666 1649 742 1693 quia
760 1645 895 1688 liberata
914 1659 984 1683 non
1002 1646 1066 1684 est.
1093 1652 1168 1687 Nee
1187 1647 1297 1696 potest
1314 1645 1423 1683 homo

302 1685 466 1756 {est-hof&
484 1695 564 1734 boni
583 1695 710 1743 aliquid
731 1695 838 1742 velle,
862 1697 921 1734 nifi
940 1698 1117 1744 adjuvetur
1139 1697 1181 1736 ab
1205 1711 1249 1734 eo
1273 1700 1330 1745 qui
1357 1709 1424 1733 ma-

300 1733 467 1806 q‘ffi’gfssffi
487 1746 561 1784 lum
583 1759 653 1782 non
681 1744 790 1792 potest
809 1746 918 1790 velle,
941 1745 1012 1783 hoc
1031 1747 1079 1784 est
1097 1750 1201 1795 gratia
1221 1750 1286 1784 Dei
1307 1750 1424 1794 perJe·

310 1806 397 1835 fidem
416 1813 466 1844 per
489 1796 560 1837 sum
579 1794 754 1834 christum
777 1798 963 1833 Dominum
983 1796 1134 1834 nostrum
1156 1823 1166 1841 ‚
1192 1801 1306 1835 Omne
1334 1800 1424 1832 enim

303 1844 466 1890 gratuitam
485 1846 579 1894 quod
598 1858 667 1895 non
686 1845 734 1882 est
751 1859 793 1882 ex
814 1845 883 1883 fide
901 1858 1075 1894 peccatum
1093 1847 1158 1884 est.
1186 1850 1239 1884 Ac
1266 1861 1325 1896 per
1354 1845 1421 1883 hoc

302 1892 445 1955 85²?th
486 1895 575 1941 bona
594 1895 748 1933 voluntas
767 1908 841 1944 quae
858 1895 891 1932 se
911 1895 1068 1934 abstrahit
1086 1911 1103 1934 a
1124 1908 1260 1945 peccato
1279 1924 1292 1942 ,
1317 1896 1424 1932 fidelis

303 1935 465 2001 {2542}
487 1946 532 1982 est
544 1972 559 1991 ,
581 1949 659 1994 quia
676 1945 779 1991 justus
797 1958 839 1984 ex
860 1946 928 1982 fide
947 1950 1032 1984 vivit
1052 1972 1061 1981 .
1096 1948 1153 1984 Ad
1184 1947 1286 1984 fidem
1316 1958 1425 1984 autem

487 1999 629 2045 pertinet
656 1995 790 2034 credere
819 1998 854 2032 in
882 1994 1061 2035 Christum
1080 2022 1088 2031 .
1115 2000 1161 2035 Et
1191 2011 1292 2035 nemo
1317 1996 1426 2045 potest

306 2044 469 2080 Εὐας-Μ
487 2046 620 2087 credere
639 2048 673 2081 in
692 2057 789 2089 eum,
816 2044 884 2082 hoc
906 2045 953 2086 est
972 2051 1084 2083 venire
1102 2049 1143 2084 ad
1161 2061 1236 2085 eum
1248 2074 1261 2092 ,
1287 2048 1344 2084 nisi
1355 2047 1424 2084 fue-

309 2087 468 2121 R⁰''¹·¹·¹⁷²
487 2099 531 2134 rit
550 2095 597 2133 illi
618 2095 753 2132 datum.
779 2099 891 2133 Nemo
911 2099 1012 2143 igitur
1033 2099 1142 2146 potest
1161 2097 1283 2135 habere
1303 2098 1424 2134 volun-

486 2157 588 2183 tatem
607 2144 723 2192 justam
742 2169 754 2188 ‚
789 2146 847 2182 nifi
878 2145 978 2182 nullis
1007 2147 1266 2194 praecedentibus
1295 2150 1423 2183 meritis

486 2199 651 2242 acceperit
678 2207 792 2233 veram
810 2219 823 2237 ,
856 2194 924 2231 hoc
951 2195 1025 2237 est,
1059 2199 1236 2241 gratuitam
1264 2195 1306 2230 de
1325 2195 1422 2240 super

488 2248 646 2293 gratiam.
1024 2289 1027 2291 ,

303 2284 451 2351 CA‘VUT
507 2329 523 2341 „
544 2305 573 2340 3·
599 2293 679 2331 Hoc
698 2291 748 2329 isti
767 2290 877 2330 noluit
896 2291 970 2330 elati
997 2294 1032 2331 δι
1063 2291 1194 2340 superbi
1214 2317 1227 2336 ,
1261 2305 1320 2328 nec
1347 2305 1424 2340 pur-

303 2323 453 2404 Pelggia’ni
490 2341 804 2390 gandodefensores
823 2367 835 2384 ,
860 2341 915 2377 sed
945 2341 1139 2379 extollendo
1167 2345 1425 2390 praecipitqtores

307 2403 471 2442 ptaecipita-
490 2391 583 2439 liberi
602 2390 748 2434 arbitrii,
776 2393 848 2438 Qui
868 2402 937 2427 non
956 2390 1003 2426 ob
1020 2390 1109 2427 aliud
1130 2391 1226 2427 nobis
1235 2390 1307 2427 haec
1317 2392 1427 2428 dicen-

304 2441 471 2488 toresriberi
491 2441 577 2479 tibus
594 2440 832 2487 indignantur,
856 2438 914 2475 nifi
932 2442 1010 2486 quia
1037 2438 1174 2486 gloriari
1206 2443 1241 2476 in
1268 2443 1427 2476 Domino

309 2485 460 2549 afb¹llf¹hd
493 2491 706 2536 dedignantur
727 2514 736 2523 .
764 2491 897 2526 Timuit
924 2499 1032 2525 tamen
1063 2488 1212 2535 Pelagius
1241 2489 1427 2536 episcopale

312 2525 476 2599 V‘osiffpae.
494 2542 652 2585 iudicium
672 2537 891 2576 Palestinum:
916 2541 951 2574 δε
969 2550 1046 2575 cum
1066 2542 1095 2575 ei
1115 2538 1220 2576 fuisset
1239 2538 1427 2586 objeetum,

314 2575 419 2640 {pinis
440 2620 450 2635 ,
494 2591 587 2641 quod·
602 2590 725 2626 diceret
744 2592 884 2636 gratiam
903 2591 970 2626 Dei
987 2588 1166 2625 secundum
1185 2592 1302 2626 merita
1319 2590 1428 2628 nostra

315 2654 339 2672 c.
363 2652 408 2676 ¹4·
493 2643 583 2678 daris
608 2644 737 2687 negavit
756 2639 786 2674 se
805 2639 936 2681 dicere,
962 2642 996 2675 &
1017 2651 1074 2674 eos
1094 2642 1152 2685 qui
1184 2637 1254 2675 hoc
1281 2640 1427 2676 dicerent

313 2682 332 2716 ἰ
348 2679 445 2737 Mssa·
492 2688 803 2728 anathematizando
821 2689 991 2727 damnavit
1012 2716 1020 2724 .
1049 2687 1070 2708 *
1097 2691 1187 2725 Nec.
1203 2688 1291 2725 aliud
1320 2701 1428 2728 tamen

493 2739 672 2777 defendere
692 2741 855 2774 invenitur
886 2742 921 2774 in
949 2737 1041 2775 libris
1061 2764 1072 2782 ,
1098 2751 1183 2786 quos
1214 2738 1428 2786 postmodum

494 2788 621 2836 scripsit
646 2801 656 2826 5
682 2787 831 2824 fraudem
851 2787 882 2823 se
905 2799 1023 2836 putans
1044 2787 1238 2825 hominibus
1258 2789 1430 2834 judicanti-

494 2839 555 2876 bus
574 2836 677 2874 fecille
704 2838 924 2884 mentiendo,³
947 2848 1002 2875 aut
1023 2839 1131 2878 nescio
1149 2839 1325 2886 quomodo
1335 2839 1429 2877 suum

497 2889 623 2926 sensum
643 2887 750 2928 verbis
769 2886 928 2936 ambiguis
943 2887 1155 2935 obtegendo,

551 3045 603 3078 Ex
619 3042 726 3078 eodem
742 3042 843 3078 Libro
862 3043 972 3090 primo*
984 3054 1099 3079 contra
1119 3045 1200 3079 duas
1221 3044 1381 3091 Eptstolas

675 3093 951 3140 Pelagianorum‚
976 3104 1044 3140 cap.
1070 3107 1123 3140 ¹9·
1142 3094 1186 3129 (T
1206 3107 1261 3131 πο.

502 3185 662 3278 VOS
681 3193 794 3220 autem
810 3187 843 3219 in
862 3183 958 3220 bono
975 3197 1078 3230 opere
1102 3183 1145 3220 fic
1165 3189 1285 3232 putatis
1304 3185 1434 3230 adjuva·

640 3236 665 3269 ri
678 3231 847 3271 hominem
867 3237 966 3279 gratia
976 3237 1039 3271 Dei
1052 3258 1061 3275 ,
1089 3245 1126 3270 ut
1145 3237 1178 3270 in
1191 3235 1357 3272 excitanda
1368 3237 1433 3276 eius

505 3285 545 3322 ad
567 3282 672 3331 ipsum
692 3282 818 3322 bonum
839 3295 922 3330 opus
948 3283 1144 3326 voluntate,
1167 3283 1251 3320 nihil
1273 3298 1344 3321 eam
1365 3298 1435 3321 cre-

507 3335 588 3371 datis
603 3338 731 3380 operari
742 3361 752 3369 .
778 3333 882 3378 Quod
901 3331 974 3369 satis
991 3333 1056 3380 ipsa
1068 3344 1120 3370 tua
1140 3333 1236 3370 verba
1254 3334 1436 3371 declarant.

508 3388 580 3421 Cur
597 3387 684 3419 enim
707 3396 773 3418 non
792 3382 924 3426 dixisti,
948 3381 1119 3420 hominem
1128 3386 1192 3420 Dei
1213 3387 1313 3431 gratia
1332 3387 1367 3420 in
1377 3383 1437 3420 bo-

510 3446 589 3469 num
607 3445 690 3481 opus
702 3435 862 3476 excitari,
884 3432 963 3471 ficut
973 3432 1083 3469 dixisti
1095 3458 1104 3475 ,
1133 3432 1167 3466 in
1188 3433 1308 3466 malum
1325 3433 1438 3467 diabo-

511 3482 538 3517 li
548 3481 800 3527 suggestionibus
824 3481 955 3516 incitari
963 3494 979 3523 ;
1002 3482 1056 3519 sed
1076 3481 1166 3525 aisti,
1190 3482 1224 3516 in
1244 3483 1322 3517 bono
1345 3491 1440 3528 opere

512 3544 534 3567 a
553 3530 619 3564 Dei
631 3529 745 3577 gratia
758 3531 886 3577 semper
905 3531 1064 3574 adjuvari
1076 3535 1089 3568 ?
1113 3544 1279 3580 tamquam
1301 3533 1353 3568 sua
1380 3545 1439 3568 vo-

513 3581 656 3622 luntate,
692 3580 777 3617 nulla
797 3585 861 3619 Dei
883 3584 983 3628 gratia
1004 3580 1132 3619 bonum
1159 3595 1244 3630 opus
1263 3580 1442 3629 aggi-effus,

516 3632 549 3664 in
568 3630 638 3675 ipso
657 3632 719 3675 jam
734 3644 835 3680 opere
855 3631 1014 3669 divinitus
1032 3632 1228 3678 adjuvetur,
1263 3645 1328 3679 pro
1346 3636 1441 3668 meri·

518 3679 560 3713 tis
578 3679 727 3716 videlicet
753 3680 929 3717 voluntatis
953 3680 1070 3724 bonae,
1104 3693 1141 3718 ut
1159 3682 1314 3719 reddatur
1333 3680 1441 3718 debita

519 3728 620 3771 gratia
640 3751 650 3765 ‚
685 3740 750 3764 non
770 3730 910 3767 donetur
937 3730 1081 3768 indebita
1102 3745 1114 3766 =-
1145 3744 1181 3767 ac
1200 3731 1241 3768 fic
1260 3734 1360 3778 gratia
1378 3732 1442 3774 jam

346 3782 503 3828 lion-3115.
522 3786 591 3810 non
621 3774 658 3808 fit
688 3775 767 3812 illud
794 3780 885 3823 quod
906 3779 1050 3825 Pelagius
1078 3784 1111 3815 in
1133 3780 1257 3826 judicio
1284 3779 1444 3817 Palestino

345 3827 373 3853 V-
401 3822 452 3852 nb.
467 3820 502 3851 de
523 3823 607 3862 sisto
623 3823 725 3860 corde
744 3825 927 3869 damnavit,
954 3832 1086 3876 gratiam
1099 3831 1162 3866 Dei
1184 3828 1361 3867 seeundum
1380 3841 1446 3873 meg

325 3197 466 3227 cipur

361 3236 386 3265 X
394 3236 449 3266 IX.

363 3275 486 3306 Initium

327 3315 416 3346 bonae
438 3324 487 3346 vo·

328 3353 449 3385 luntatis

330 3395 441 3424 donum

328 3434 432 3474 gratia
440 3453 450 3466 ·

1468 348 1530 382 rita
1552 341 1660 379 nostra
1678 342 1767 379 dari.
1792 343 1860 379 Dic
1881 341 1984 385 mihi,
2020 336 2184 385 obsecro','
2212 341 2294 389 quid
2315 336 2407 378 boni?
2431 363 2490 402 effi,
2517 362 2570 392 Pe.

1469 393 1586 431 Paulus
1604 390 1712 430 adhuc
1722 391 1855 436 Saulus,
1881 392 2034 436 volebat,
2058 406 2094 430 ac
2115 405 2181 429 non
2201 394 2312 439 potius
2331 377 2572 445 rna-{agiieqsp

1468 455 1529 490 gna
1547 443 1650 485 mala,
1674 443 1810 490 quando
1829 442 1948 489 spirans
1964 444 2093 480 caedem
2114 442 2268 492 pergebat
2284 441 2324 477 ad
2345 453 2398 477 va·
2415 445 2533 482 efflau-

1468 493 1598 530 standos
1614 490 1782 529 horrenda
1808 496 1923 528 mentis
1941 497 2084 531 caecitate
2113 507 2149 530 ac
2168 492 2280 529 furore
2297 489 2409 528 Chri-1

1469 543 1611 579 stianos?
1644 541 1777 588 Quibus
1795 545 1920 578 meritis
1947 542 2042 581 bonae
2058 544 2235 580 voluntatis
2252 545 2344 579 Deus
2361 540 2399 577 il-

1471 594 1542 629 lum
1568 591 1610 629 ab
1628 591 1680 629 his
1699 592 1791 629 malis
1809 592 1849 628 ad
1869 591 1976 636 bona,
2012 593 2153 631 mirabili
2172 597 2206 629 δι
2226 595 2398 639 repentina

1473 645 1645 679 vocatione
1654 645 1840 679 convertit?
1868 643 1962 688 Quid
1974 655 2036 690 ego
2050 645 2155 680 dicam
2167 668 2179 686 ,
2203 640 2324 689 quibus
2334 654 2402 677 me-

1474 696 1565 734 ritis,
1589 705 1666 729 cum
1685 691 1753 740 ipse
1771 691 1909 734 clamet,
1935 696 2018 730 Non
2038 707 2080 730 ex
2098 691 2256 741 operibus
2272 690 2409 735 iustitiae'

1475 755 1548 790 quae
1567 741 1705 779 fecimus
1726 754 1786 778 nos
1801 768 1810 782 ,
1843 741 1898 778 sed
1916 741 2092 780 secundum
2113 743 2198 779 suam
2223 741 2404 779 misericor·

1475 793 1564 829 diam
1584 791 1687 828 salvos
1708 805 1767 828 nos
1785 790 1882 828 fecit?
1907 793 2002 840 Qid
2021 793 2102 830 illud
2120 793 2213 841 quod
2229 794 2293 838 jam
2309 803 2403 828 com-

1476 846 1656 879 memoravi
1674 840 1786 879 dixisse
1798 844 2007 886 Dominum,
2033 846 2146 880 Nemo
2165 841 2273 891 potest
2291 844 2404 877 venire

1477 893 1518 929 ad
1534 905 1589 929 me
1608 918 1618 936 ‚
1644 892 1736 941 quod
1753 891 1968 938 intelligitur,
1993 892 2124 929 credere
2147 896 2180 929 in
2198 905 2271 930 me3
2297 891 2354 928 nifi
2374 893 2405 926 ei

1474 942 1590 979 datum
1608 942 1705 978 fuerit
1723 946 1844 978 aPatre
1863 944 1962 977 meo?
1987 945 2111 979 Utrum
2119 945 2180 989 jam
2200 942 2323 979 volenti
2334 954 2404 977 cre·
2421 961 2531 993 Venire
2545 957 2584 990 ad

1473 992 1551 1030 dere
1568 1004 1631 1040 pro
1649 994 1772 1029 meritis
1801 990 1898 1028 bonae
1916 991 2093 1029 voluntatis
2123 992 2191 1029 hoc
2209 993 2325 1029 datur:
2362 1003 2402 1027 an
2421 1000 2572 1034 Christum

1474 1044 1588 1092 potius
1607 1054 1645 1079 ut
1674 1041 1806 1085 credat,
1831 1042 1898 1089 ipsa
1928 1043 2101 1087 voluntas,
2126 1042 2206 1080 ficut
2233 1041 2340 1086 Sauli,
2362 1041 2583 1077 de'estcredere

1474 1092 1572 1142 super
1591 1095 1772 1136 excitatur,
1797 1091 1919 1128 etiamfi
1938 1104 2006 1129 tam
2030 1092 2068 1129 fit
2085 1093 2344 1134 aversusafide,
2367 1102 2406 1128 ut
2416 1083 2583 1130 1⁰⁶'¹.·⁶-·⁶⁶·

1474 1142 1643 1180 credentes
1662 1146 1759 1179 etiam
1782 1141 2013 1190 persequatur?
2038 1145 2086 1180 Ut
2104 1144 2185 1190 quid
2203 1146 2291 1180 enim
2314 1140 2408 1178 nobis
2423 1124 2486 1204 ΖΙ]
2486 1131 2558 1202 343'1‘

1472 1196 1638 1234 Dominus
1657 1197 1812 1240 praecepit
1824 1218 1835 1236 ,
1860 1203 1896 1227 ut
1915 1204 2047 1229 oremus
2067 1206 2129 1239 pro
2147 1197 2191 1230 eis
2199 1196 2327 1240 quinos
2335 1205 2407 1241 per-

1475 1243 1680 1292 stquuntur?
1705 1243 1883 1289 Numquid
1903 1241 1971 1278 hoc
1991 1255 2147 1284 oramus,
2172 1247 2261 1280 uteis
2280 1254 2343 1292 pro
2352 1241 2410 1278 bo>
2444 1242 2502 1289 ,¹⁷³³
2523 1249 2589 1281 gra·

1477 1305 1518 1329 na
1539 1305 1657 1329 eorum
1677 1292 1844 1330 voluntate
1864 1295 1964 1338 gratia
1973 1295 2039 1328 Dei
2051 1291 2269 1336 retribuatur,
2294 1305 2331 1329 ac
2341 1304 2409 1328 non
2427 1291 2493 1313 ¹²²·

1480 1346 1591 1391 potius
1612 1352 1651 1380 ut
1667 1342 1751 1378 mala
1769 1346 1802 1380 in
1823 1341 1951 1379 bonum
1972 1342 2126 1379 voiuntas
2147 1343 2212 1391 ipsa
2242 1351 2412 1388 mutetur?
2429 1326 2588 1359 M¹'‘5'⁴⁴'

1480 1395 1570 1430 Sicut
1588 1391 1773 1436 credimus,
1797 1403 1877 1428 tunc
1895 1406 1912 1428 a
1932 1392 2047 1429 sanetis
2055 1405 2140 1440 quos
2150 1391 2416 1442 persequebatur,
2432 1399 2587 1442 ilfi-769·

1482 1456 1551 1480 non
1574 1445 1712 1480 inaniter
1727 1453 1859 1478 oratum
1878 1440 1936 1478 esse
1953 1455 2018 1490 pro
2032 1442 2131 1479 Saulo
2143 1469 2153 1485 ‚
2179 1455 2216 1479 ut
2245 1442 2285 1479 ad
2314 1442 2417 1478 fidem

1483 1505 1581 1541 quam
1602 1491 1767 1535 vastabat,
1791 1492 1943 1530 voluntas
1952 1495 2019 1541 ejus
2029 1499 2295 1530 converteretur.
2321 1493 2368 1529 Et
2379 1489 2418 1527 il·

1484 1545 1545 1581 lius
1565 1542 1698 1591 quidem
1717 1542 1887 1579 converfio
1915 1543 1957 1580 de
1986 1542 2086 1590 super
2116 1543 2220 1586 fasta,
2246 1539 2420 1579 manifesto

1484 1597 1584 1630 etiam
1596 1591 1756 1629 miraculo
1766 1595 1916 1640 apparuit
1926 1608 1936 1630 z
1966 1605 2065 1641 quam
2074 1593 2170 1630 multi
2183 1595 2309 1631 inimici
2320 1590 2420 1631 Chri·

1486 1643 1524 1680 sti
1543 1643 1702 1691 quotidie*
1714 1641 1822 1679 subito
1841 1645 1906 1680 Dei
1919 1643 2053 1680 ‘occulta
2074 1647 2173 1690 gratia
2193 1642 2367 1680 trahuntur
2377 1641 2420 1678 ad

1485 1692 1681 1732 Christum.
1708 1692 1814 1740 Qod
1836 1691 1976 1730 verbum
1994 1693 2016 1730 fi
2037 1706 2105 1729 non
2117 1707 2155 1731 ex
2168 1692 2350 1740 Evangelio
2362 1704 2420 1740 po·

1485 1741 1631 1786 fuissem,
1658 1755 1779 1791 quanta
1797 1743 1841 1779 de
1859 1755 1914 1779 me
1933 1754 2069 1792 propter
2087 1741 2155 1780 hoc
2183 1743 2239 1780 iste
2267 1740 2391 1786 dixisset
2410 1753 2422 1778 3

1483 1807 1560 1831 cum
1581 1796 1679 1830 etiam
1699 1805 1787 1829 nunc
1807 1791 1999 1830 obluetetur
2019 1806 2087 1829 non
2107 1793 2212 1837 mihi,
2237 1793 2292 1830 sed
2305 1792 2351 1828 illi
2362 1793 2420 1839 qui

1485 1844 1625 1886 clamat,
1650 1845 1765 1881 Nemo
1784 1842 1890 1890 potest
1910 1844 2069 1880 veniread
2081 1857 2134 1880 me
2147 1870 2159 1887 ,
2184 1845 2241 1880 nifi
2258 1848 2352 1880 Pater
2361 1843 2419 1890 qui
2429 1842 2602 1882 sauman-

1485 1894 1571 1931 mifit
1591 1906 1644 1930 me
1663 1897 1799 1929 traxerit
1818 1894 1919 1930 eum?
1943 1897 2024 1930 Non
2057 1898 2145 1930 enim
2165 1897 2230 1936 ait,
2256 1893 2389 1930 duxerit
2408 1915 2422 1934 ,

1487 1955 1524 1981 ut
1542 1943 1610 1981 illic
1631 1943 1747 1991 aliquo
1765 1943 1871 1980 modo
1883 1943 2100 1990 intelligamus
2112 1944 2294 1991 praeeedere
2304 1941 2424 1978 volun.-

1487 2005 1607 2033 tatem.
1635 1997 1722 2039 Quis
1742 1991 1906 2036 trahitur,
1932 1993 1954 2029 fi
1973 1995 2036 2038 jam
2066 1993 2218 2030 volebat?
2243 1996 2288 2030 Et
2316 1998 2423 2028 tamen
2491 1996 2602 2030 Trahit

1486 2057 1590 2082 nemo
1608 2047 1723 2087 Venit,
1746 2043 1804 2079 nifi
1825 2044 1922 2079 velit.
1949 2043 2114 2080 Trahitur
2131 2057 2213 2091 ergo
2235 2045 2327 2080 miris
2353 2040 2525 2085 mo-*Pater
2543 2038 2588 2067 sa·

1484 2095 1533 2132 dis
1549 2106 1586 2132 ut
1605 2094 1708 2136 velit,
1732 2092 1774 2129 ab
1790 2093 1852 2128 illo
1866 2096 1925 2138 qui
1943 2097 2036 2128 novit
2056 2097 2143 2128 intus
2161 2098 2195 2128 in
2215 2093 2289 2139 ipsis
2309 2089 2421 2125 homi·
2439 2087 2521 2148 ΠΤ*
2542 2084 2581 2107 ‘¹‘

1484 2157 1566 2181 num
1583 2141 1742 2178 cordibus
1757 2143 1910 2186 operari,
1926 2142 2002 2174 non
2015 2150 2052 2173 ut
2059 2138 2238 2182 homines,
2261 2138 2354 2185 quod
2365 2138 2424 2173 fie-
2438 2128 2479 2188 {2⁶5³
2492 2125 2606 2188 ‘xgssm

1483 2194 1511 2224 ri
1535 2201 1603 2223 nori
1625 2187 1751 2235 potest,
1778 2187 1927 2222 nolentes
1945 2187 2103 2232 credant,
2128 2188 2182 2225 sed
2202 2199 2239 2225 ut
2270 2188 2421 2224 volentes
2439 2197 2604 2229 tibusfiant

1487 2251 1528 2275 ex
1548 2234 1736 2273 nolentibus
1756 2236 1853 2272 fiant.
2332 2244 2335 2247 '
2467 2235 2469 2237 ’

1535 2290 1613 2324 Hoc
1625 2298 1750 2322 *ver-um
1769 2284 1829 2320 ess‘e
1850 2298 1918 2320 non
1938 2288 2124 2332 conjeetura
2143 2286 2339 2334 suspicamur
2357 2285 2420 2322 hu·
2437 2277 2520 2327 CA?
2531 2287 2582 2310 π

1485 2350 1601 2379 mana,
1625 2335 1678 2372 sed
1695 2334 1934 2371 evidentissima
1963 2336 2150 2372 divinarum
2179 2340 2420 2386 Scripturarum
2437 2318 2601 2390 Gru-{vis

1485 2389 1681 2425 auc'toritate
1699 2384 1940 2431 dignoscimus.
1969 2389 2108 2432 Legitur
2136 2389 2169 2422 in
2199 2387 2420 2434 Paralipome-
2437 2401 2559 2429 demon-

1488 2449 1557 2473 non
1577 2434 1688 2472 librise
1714 2436 1760 2470 Et
1780 2435 1962 2482 quidemin
1973 2436 2056 2477 Juda
2073 2435 2154 2472 fasta
2163 2436 2209 2473 est
2221 2449 2335 2474 manus
2345 2438 2423 2474 Deis
2435 2438 2558 2470 stratur.

1488 2498 1526 2522 ut
1547 2485 1639 2522 daret
1657 2483 1720 2521 illis
1729 2497 1791 2520 cor
1811 2497 1912 2520 unum
1924 2510 1933 2526 ‚
1947 2495 1997 2521 :ut
2008 2485 2151 2523 facerent
2161 2495 2361 2535 praeceptum
2373 2499 2421 2522 re·
2435 2478 2598 2520 ‘²·P‘''⁶¹¹'P·

1486 2539 1533 2583 gis
1553 2539 1586 2571 δι
1608 2537 1797 2582 principum
1819 2538 1850 2570 in
1871 2534 1976 2571 verbo
1987 2538 2148 2572 Domini.
2174 2541 2257 2574 Item
2269 2549 2326 2585 per
2338 2539 2420 2573 Eze·
2436 2527 2588 2596 ἑέεὲἷζσ

1489 2611 1513 2629 ,,
1539 2584 1682 2621 chielem
1705 2582 1904 2632 prophetam
1913 2586 2190 2624 Dominusdicit:
2217 2612 2242 2630 „
2267 2585 2423 2626 Daboeis
2442 2599 2536 2632 zm&
2550 2578 2599 2636 ²7:

1488 2661 1514 2680 „
1540 2648 1600 2672 cor
1610 2633 1697 2671 aliud
1710 2660 1721 2677 ,
1746 2639 1780 2671 &
1802 2635 1953 2681 spiritum
1965 2649 2091 2672 novum
2101 2635 2187 2673 dabo
2204 2640 2247 2673 eis
2258 2662 2270 2680 ,
2291 2640 2325 2673 δι
2336 2635 2421 2673 evel-

1491 2710 1514 2730 ‚‚
1541 2685 1685 2727 lam-cor
1705 2697 1825 2723 eorum
1848 2684 2015 2733 lapideum
2034 2686 2076 2723 de
2102 2699 2196 2731 carne
2222 2698 2340 2732 eorum
2350 2699 2366 2733 ,‘
2387 2689 2423 2724 &

1489 2762 1516 2780 „
1539 2733 1628 2772 dabo
1648 2738 1692 2770 eis
1712 2747 1771 2770 cor
1793 2746 1971 2779 carneum,
1996 2739 2074 2772 utin
2085 2739 2256 2785 praeceptis
2267 2739 2348 2774 meis
2357 2743 2423 2773 am-

1490 2812 1516 2830 „
1542 2784 1680 2827 bulent,
1703 2788 1738 2821 &
1759 2783 2002 2825 iustificationes
2022 2799 2103 2822 meas
2113 2786 2312 2830 observent,
2336 2785 2423 2824 &fa-

2418 724 2555 762 Tit-35·

2435 1521 2498 1554 ΑΒ.
2517 1532 2547 1561 9.

1472 2861 1515 2879 v„
1542 2838 1626 2871 ciant
1645 2846 1714 2870 cas.
1742 2834 1835 2878 Quid
1854 2833 1900 2870 est
1919 2847 2028 2872 autem
2048 2837 2138 2883 quod
2159 2836 2281 2874 Esther
2299 2835 2353 2873 illa
2372 2846 2420 2870 re·
2437 2835 2531 2874 Esther
2547 2845 2586 2870 14·

1490 2911 1516 2929 ‚‚
1541 2888 1615 2932 gina
1632 2895 1703 2919 orat
1724 2887 1758 2919 &
1780 2883 1885 2926 dicit,
1911 2888 1963 2922 Da
1982 2886 2166 2924 sermonem
2177 2889 2373 2923 concinnum
2385 2887 2421 2920 in
2440 2887 2484 2915 ¹3·

1491 2948 1528 2971 os
1546 2946 1659 2971 meum
1670 2958 1680 2975 ,
1703 2932 1860 2970 &verba
1877 2947 1946 2971 mea
1964 2935 2104 2973 clarifica
2123 2934 2342 2982 in'conspedu
2353 2933 2422 2970 leo-

1490 2989 1560 3025 nis.
1587 2988 1622 3020 δι
1641 2994 1801 3019 converte
1820 2996 1879 3020 cor
1906 2987 1974 3031 ejus
2002 2990 2035 3021 in
2054 2986 2169 3022 odium
2198 2986 2420 3032 impugnantis

1491 3037 1575 3071 nos?
1598 3035 1649 3070 Ut
1668 3033 1751 3079 quid
1770 3031 1828 3069 ista
1847 3038 1879 3070 in
1900 3038 2048 3071 oratione
2066 3036 2148 3071 dicit
2175 3037 2275 3078 Deo,
2300 3034 2322 3070 fi
2352 3045 2421 3069 non
2459 3036 2601 3068 Deusvo-

1492 3095 1648 3132 operatur
1658 3085 1750 3120 Deus
1764 3086 1799 3119 in
1817 3084 1973 3120 cordibus
1984 3083 2163 3120 hominum
2175 3084 2423 3121 voluntatatem?
2440 3077 2587 3145 iuntatffin

1493 3135 1554 3171 Sed
1574 3132 1661 3169 forte
1679 3131 1747 3169 hoc
1772 3133 2085 3180 mulierinfipienter
2094 3138 2221 3171 oravit.
2246 3135 2425 3172 Videamus
2441 3126 2590 3189 ffiscsszm}

1493 3196 1576 3231 ergo
1593 3194 1707 3219 utrum
1725 3187 1861 3219 inaniter
1882 3181 2054 3230 praemissus
2074 3183 2173 3220 fuerit
2199 3187 2320 3221 orantis
2349 3182 2424 3219 affe-
2443 3175 2607 3233 num⁴0pef

1494 3237 1564 3271 ἃυε
1576 3258 1589 3275 ,
1614 3237 1647 3269 &
1667 3233 1859 3269 consecutus
1877 3244 1944 3267 non
1954 3232 2051 3269 fuerit
2070 3235 2269 3272 exaudientis
2277 3233 2423 3271 effeetus.
2443 3246 2539 3268 ratur.

1495 3310 1520 3328 „
1546 3285 1634 3319 Ecce
1655 3282 1839 3328 ingreditur
1859 3282 1898 3317 ad
1922 3294 2054 3328 regem.
2079 3309 2103 3327 ,‚
2130 3287 2186 3321 Ne
2213 3284 2316 3321 multa
2341 3284 2424 3320 dica·
2442 3277 2535 3315 1²7³&r
2556 3281 2602 3306 ¹5·

1500 3360 1523 3378 ‚‚
1550 3345 1644 3369 mus:
1669 3335 1714 3369 Et
1736 3334 1811 3378 quia
1829 3344 1896 3367 non
1915 3333 2032 3369 ordine
2059 3333 2116 3369 suo
2145 3333 2389 3380 ingrediebatur
2414 3358 2426 3376 ,
2443 3327 2473 3355 9-
2489 3316 2605 3353 &J‘q'

1498 3409 1523 3427 „
1548 3394 1662 3429 magna
1685 3381 1865 3417 neceffitate
1885 3383 2074 3429 compulsa,
2098 3387 2235 3421 intuitus
2252 3383 2298 3420 est
2325 3395 2395 3420 eam
2414 3408 2426 3426 ‚

1500 3457 1525 3476 ‚,
1550 3432 1630 3468 sicut
1650 3429 1808 3478 scriptum
1825 3430 1893 3474 est,
1919 3432 2010 3469 velut
2028 3445 2137 3470 taurus
2157 3437 2189 3469 in
2210 3438 2334 3482 impetu
2344 3433 2427 3468 indi·

1500 3507 1526 3525 „
1550 3482 1714 3527 gnationis
1736 3479 1816 3516 suae.
1843 3483 1889 3517 Et
1908 3485 2019 3519 timuit
2038 3487 2168 3530 regina,
2193 3488 2226 3520 &
2252 3482 2427 3520 conversus

1500 3556 1526 3575 ‚‚
1550 3528 1597 3565 est
1613 3529 1708 3565 color
1729 3532 1795 3574 eius
1822 3543 1879 3578 per
1906 3530 2170 3574 dissolutionem,
2198 3537 2231 3569 &
2259 3533 2426 3570 inclinavit

1503 3605 1528 3624 ‚,
1552 3578 1582 3615 se
1605 3579 1700 3626 super
1725 3591 1823 3627 caput
1848 3581 1994 3618 delicatae
2019 3584 2102 3626 suae,
2126 3596 2199 3630 quae
2227 3581 2427 3631 praecedebat

1504 3655 1528 3673 ‚,
1555 3641 1640 3664 eam.
1667 3631 1713 3665 Et
1732 3634 1894 3666 conv-ertit
1911 3634 2024 3676 Deus,
2049 3637 2084 3668 &
2103 3633 2264 3669 transtulit
2279 3631 2425 3678 indigna-

1500 3705 1524 3723 „
1548 3682 1677 3714 tionem
1696 3681 1763 3723 ejus
1773 3684 1806 3715 in
1824 3680 2009 3718 lenitatem.
2035 3707 2059 3725 ,‚
2084 3686 2155 3725 Jarn
2166 3682 2325 3730 sequentia
2334 3693 2426 3716 com·
2449 3672 2542 3714 Esther
2566 3673 2632 3701 ¹⁶¹⁴*

1502 3741 1683 3766 memorare
1700 3730 1781 3776 quid
1798 3743 1885 3777 opus·
1902 3730 1949 3766 est
1959 3756 1971 3773 ,
1995 3731 2052 3768 ubi
2082 3736 2193 3769 Deum
2213 3730 2429 3778 'complevisse

1504 3778 1595 3826 quod
1605 3777 1659 3813 illa
1678 3790 1866 3825 rogaverat,
1891 3780 2000 3816 divina
2010 3781 2167 3830 scriptura
2176 3782 2328 3823 testatur,
2352 3792 2433 3827 ope-

1506 3828 1609 3867 rando
1628 3831 1662 3865 iu
1678 3829 1779 3867 corde
1798 3833 1903 3876 regis,
1928 3831 2008 3877 quid
2028 3830 2135 3875 aliud,
2159 3831 2434 3879 quamyolunta·

2297 3894 2363 3918 tem
2374 3905 2387 3925 ρ
