2652 4126
451 209 573 260 270
823 183 1139 240 SANCTI
1198 178 1563 234 ASTERII
1620 177 2004 235 HoMiLia

448 275 638 328 fitiemij
650 285 774 340 potum
797 276 926 326 praebe.
953 270 1115 321 Etinhis
1152 271 1266 320 uidem
1288 269 1385 322 nobis

443 320 513 370 ilia
529 318 704 380 sple‘nilida
724 340 763 366 ae
786 323 927 375 superba
945 314 1061 359 divitis
1082 285 1183 363 veliis
1193 314 1383 369 profuerit.

443 386 567 430 Neque
581 394 667 418 vero
680 389 796 415 caetera
809 373 1009 422 negligenda
1020 401 1027 408 .
1040 378 1146 411 Paeter
1157 372 1276 409 luxum
1288 375 1380 407 enim

441 430 638 472 ioevembus
650 455 661 472 ‚
674 430 937 478 purpuraqueac
947 422 1060 470 byn‘o,
1070 425 1213 473 opipare
1224 421 1381 470 quotidie

440 481 651 532 epulabatur.
665 480 758 515 Paria
768 484 881 513 autern
892 485 932 511 nc
942 477 1076 521 gemina
1088 471 1226 522 prorsus
1237 471 1298 510 ista
1306 466 1379 521 duo

440 533 514 569 sunt
526 530 635 567 inutili
656 530 814 576 inanique
823 529 913 562 eirca
926 523 1035 561 vestes
1042 524 1232 563 ambitione
1243 518 1380 565 efferrr‚

440 584 619 628 ventrique
644 578 777 625 &gulae
790 589 851 625 per
871 575 1086 623 voluptatem
1110 574 1282 613 ancillari·
1311 575 1378 610 Lu-

439 644 501 668 xus
521 634 639 678 utique
669 632 704 665 &
725 627 855 665 deliciae
875 635 955 662 cum
974 625 1087 662 studio
1118 627 1255 662 virtutis
1282 635 1381 672 repu-

436 691 539 729 gnant
551 706 563 722 ,
572 691 648 715 tum
663 676 826 715 socordiae
835 702 847 720 ‚
867 675 1057 725 profusioni
1069 701 1080 718 ‚
1089 677 1356 724 intemperantiae
1367 699 1380 717 ‚

435 731 619 778 servilique
650 728 787 776 prorsus
806 725 1043 764 consuetudini
1069 724 1231 761 homines
1252 727 1377 761 manci—

434 791 517 831 pant
537 785 571 816 &
589 779 748 816 addicunt
771 806 779 814 .
820 781 866 814 Et
884 788 1092 826 quamquam
1120 788 1171 811 res
1190 787 1254 812 una
1277 785 1378 822 atque

434 831 576 880 simplex
589 829 765 871 videatur,
775 828 797 865 fi
808 831 953 877 propius
966 826 1118 874 inspicias
1132 851 1143 868 ,
1153 830 1186 863 ἃ
1203 822 1376 872 figillatim

433 884 605 917 examines
616 905 628 922 ‚
646 892 664 914 e
676 883 766 915 varia
779 877 1033 925 multiplicique
1045 880 1210 913 vitiorum
1223 875 1376 912 colluvie

432 930 579 967 conflata
593 933 783 977 reperietur
793 956 802 966 .
827 928 993 966 Deliciari
1004 930 1093 963 enim
1105 921 1228 974 absque
1245 928 1376 972 magnis

431 979 648 1018 facultatibus
659 978 750 1016 haud
763 979 863 1027 poffis
878 1007 886 1015 .
915 981 1021 1027 Atqui
1034 977 1172 1013 divitias
1183 975 1378 1014 accumula·

431 1044 469 1068 re
478 1036 564 1067 citra
577 1041 752 1079 peccatum
765 1027 972 1079 impossibile
984 1041 994 1066 ς
1006 1027 1064 1063 nifl
1078 1028 1177 1063 alicui
1193 1052 1204 1067 ,
1216 1026 1297 1062 ficut
1308 1024 1375 1067 Iob

429 1081 552 1130 (quod
571 1080 670 1117 valde
681 1078 822 1124 rarum)
841 1078 937 1115 fimul
950 1083 982 1115 &
994 1077 1154 1114 ditescere
1164 1081 1198 1116 δι
1211 1075 1373 1121 iustitiam

429 1132 545 1168 colere
564 1134 749 1179 contigerit
759 1158 767 1166 .
795 1133 887 1166 Ante
898 1131 1011 1164 omnia
1023 1139 1134 1164 autem
1148 1130 1177 1163 ei
1193 1152 1205 1169 ‚
1217 1130 1271 1163 cui
1283 1125 1374 1162 laute

429 1181 644 1230 delicateque
662 1184 780 1217 vivere
800 1178 1014 1228 propofitum
1039 1204 1051 1220 ‚
1077 1178 1188 1215 domo
1217 1190 1304 1225 opus
1323 1175 1372 1212 est

428 1231 554 1268 cultius
572 1232 729 1267 extructa
751 1242 789 1266 ac
809 1228 965 1278 pretiosis
986 1228 1124 1266 calculis
1138 1253 1151 1270 ,
1177 1227 1305 1276 lapillis
1325 1237 1374 1263 at*-

427 1295 493 1330 quc
504 1294 589 1317 auro
599 1306 611 1323 ,
623 1278 818 1329 sponsarum
831 1279 935 1315 instar
949 1304 962 1322 2
972 1289 1155 1316 exornatas
1182 1289 1257 1314 tum
1269 1281 1371 1313 etiam

427 1331 470 1368 ad
484 1335 690 1368 mutationes
700 1341 900 1379 temporum
914 1355 926 1372 ‚
938 1332 1083 1377 annique
1093 1340 1163 1365 tem
1167 1327 1310 1377 pestates
1321 1327 1376 1364 be-

426 1395 470 1418 ne
489 1380 749 1418 accommodata
775 1408 783 1416 .
809 1378 1090 1417 Commendatur
1116 1383 1207 1416 enim
1230 1377 1370 1414 hiberna

427 1432 566 1481 quidem
577 1431 686 1468 calida
707 1436 741 1468 δε
761 1430 803 1466 ad
812 1430 1047 1467 Meridianum
1069 1430 1231 1466 conversa
1242 1429 1346 1465 solem
1362 1454 1374 1471 ‚

428 1482 542 1518 aestiva
554 1495 639 1518 vero
658 1484 895 1529 septentrioni.
917 1480 1096 1530 opposita,
1121 1494 1194 1529 quo
1203 1491 1319 1516 tenues
1335 1479 1370 1515 il-

428 1532 468 1568 lae
489 1537 523 1568 &
546 1531 715 1581 frigidulce
741 1530 783 1567 ab
803 1531 915 1568 Arcto
940 1530 1100 1580 spirantes
1121 1545 1210 1568 aurae
1229 1530 1372 1580 perflare

428 1595 502 1618 cam
516 1608 528 1625 ‚
538 1587 570 1619 δι
584 1594 758 1631 permeare
768 1582 957 1618 commode
968 1583 1113 1631 poffint.
1144 1581 1199 1618 Ad
1209 1580 1283 1618 haec
1296 1580 1375 1617 stra-

426 1632 503 1680 gula
517 1633 617 1669 multi
632 1636 734 1681 pretii
744 1631 838 1668 veste
850 1631 900 1669 est
910 1644 996 1680 opus
1009 1633 1051 1669 ad
1063 1632 1194 1668 scamna
1205 1658 1217 1674 ‚
1244 1632 1351 1668 festos
1363 1658 1375 1675 ,

428 1683 584 1720 culcitras
602 1710 615 1728 ‚
639 1684 751 1729 januas
773 1697 784 1719 a
808 1695 886 1719 nam
915 1686 1029 1718 omnia
1049 1682 1139 1731 apud
1167 1681 1234 1719 hos
1256 1682 1339 1720 tales
1362 1707 1374 1724 ,

427 1737 582 1780 quamvis
594 1737 740 1770 inanima
751 1758 764 1775 ‚
791 1744 945 1770 accurate
960 1732 1174 1775 vestiuntur,
1199 1745 1277 1768 curn
1293 1745 1374 1780 pau-

426 1781 566 1831 peribus
586 1787 726 1819 interim·
745 1782 947 1819 hominibus
970 1787 1200 1831 integumenta
1212 1786 1373 1831 corporis

427 1832 551 1868 defint.
578 1833 678 1870 Adde
690 1832 763 1869 vafii
782 1844 939 1876 argentea
952 1837 1093 1870 &aurea
1110 1859 1121 1875 ,
1141 1831 1371 1882 sumptuosam

423 1888 638 1930 emptionem
659 1887 775 1919 avium
790 1882 1027 1919 Phafianarum
1042 1908 1054 1926 ,
1081 1886 1220 1931 vinique
1233 1881 1372 1919 Phoeni-

423 1936 466 1968 cii
478 1957 489 1974 ,
499 1933 594 1980 quod
604 1935 726 1978 Tyriae
737 1937 823 1967 vites
834 1958 846 1973 ‚
857 1933 916 1968 etfi
928 1936 1078 1968 maxime
1093 1931 1280 1982 pretiosum
1294 1958 1307 1975 ‚
1320 1932 1370 1969 di-

423 1980 552 2019 vitibus
574 1979 702 2018 affatim
724 1980 918 2024 sufficiunt,
943 1995 1152 2031 omnemque
1164 1983 1252 2019 adeo
1272 1984 1372 2020 volu-

425 2035 527 2080 ptatis
550 2040 651 2080 atque
668 2031 870 2068 deliciarum
891 2042 1090 2080 apparatum
1105 2059 1116 2075 ‚
1142 2033 1184 2069 ab
1208 2033 1282 2081 ipfis
1304 2035 1370 2070 illis

424 2085 486 2129 q'ui
498 2081 658 2129 usurpant
672 2107 683 2124 ‚
709 2093 866 2119 accurate
876 2083 1116 2120 recensendum
1130 2111 1138 2118 .
1167 2087 1258 2120 Nam
1271 2084 1373 2121 adan-2

424 2131 556 2180 gestens
575 2137 609 2168 &
631 2132 836 2180 exquisitior
853 2136 890 2169 in
908 2133 979 2169 dies
997 2134 1102 2170 luxus
1124 2138 1228 2170 etiam
1252 2134 1369 2172 Indica

423 2194 576 2219 aromata
586 2181 672 2219 cibis
682 2181 847 2221 affundits
877 2183 1049 2231 magisque
1056 2186 1123 2227 iam
1134 2188 1254 2232 coquis
1266 2188 1372 2231 quami

424 2233 571 2269 Medicis
588 2236 804 2280 unguentarii
823 2233 1119 2275 ierviunt.¹Quin
1141 2235 1175 2265 in
1187 2233 1307 2265 mensae
1326 2232 1373 2264 lii-⁴

423 2281 770 2328 tellitiumperpende
780 2280 990 2320 structores,
1013 2281 1188 2325 pincernas
1206 2303 1219 2320 ,
1237 2277 1371 2325 dispen-

424 2331 548 2367 fiitore's
562 2355 574 2372 ‚
583 2334 616 2366 δε
628 2333 687 2376 qui
699 2328 753 2365 his
762 2338 915 2376 praeeunt
924 2353 937 2369 ,
949 2327 1092 2363 musicos
1104 2353 1117 2368 ‚
1128 2328 1267 2363 muficas
1280 2353 1292 2369 ,
1312 2328 1370 2363 sals

424 2380 598 2417 ratriculas
614 2403 626 2420 ‚
636 2378 816 2418 tibicines,
827 2377 993 2411 ridiculos
1003 2401 1016 2418 ‚
1025 2376 1216 2423 gnathones
1230 2402 1241 2417 ,
1253 2377 1371 2423 parafi·

424 2442 478 2466 tos
488 2455 500 2472 ‚
513 2427 650 2465 turbam
661 2428 820 2463 vanitatis
830 2428 995 2461 comitem
1008 2436 1108 2472 atque
1121 2420 1347 2472 pediss‘equam
1361 2450 1368 2458 .

424 2483 509 2517 Haec
519 2490 557 2515 ut
571 2477 761 2514 habeantur
772 2502 786 2519 ,
810 2486 899 2524 quot
910 2487 1075 2523 pauperes
1086 2476 1205 2517 iniuria
1218 2475 1371 2511 afficiun-

425 2531 504 2566 tur?
531 2539 618 2578 quot
628 2527 774 2576 orphani
799 2529 922 2574 pugnis
931 2525 1127 2562 caeduntnr²
1154 2536 1242 2573 quot
1255 2525 1369 2561 viduis

427 2580 590 2626 lacrymae
610 2579 856 2614 excutiuntur?
879 2586 968 2623 quot
989 2575 1139 2622 denique
1157 2575 1274 2611 misere
1285 2575 1369 2612 dila-

427 2629 564 2666 niatiad
583 2628 699 2665 restim
723 2631 757 2664 δε
777 2627 936 2674 laqueum
956 2625 1165 2662 decurrunt?
1191 2624 1367 2669 Eiusmodi

427 2679 588 2728 profeeto
608 2677 810 2715 mortalium
839 2679 948 2712 anima
967 2675 1059 2723 quali
1079 2674 1199 2711 lethaea
1221 2676 1367 2723 quadam

427 2743 511 2777 aqua
532 2728 703 2776 degustata
718 2753 730 2770 ,
756 2727 802 2763 sui
817 2726 953 2774 prorsus
974 2725 1211 2763 obliviscitur-s
1237 2738 1314 2774 quae
1330 2731 1366 2763 &

429 2779 496 2828 ipfia
511 2779 548 2814 fit
558 2783 592 2815 &
603 2781 660 2813 cui
677 2779 858 2823 conjuncta
870 2801 884 2818 ‚
903 2776 1068 2824 quodque
1079 2775 1154 2812 haec
1163 2776 1287 2824 copula
1310 2776 1369 2812 ali-

431 2828 568 2876 quando
590 2827 740 2863 solvetur
760 2851 772 2869 ‚
798 2836 837 2863 ac
854 2826 999 2868 deinde,
1026 2827 1369 2874 redivivocorpore,

429 2878 540 2916 rursus
559 2876 802 2925 integrabitur.
829 2879 879 2912 At
890 2888 969 2912 cum
991 2876 1145 2913 debitum
1156 2888 1293 2925 tempus
1312 2877 1368 2912 ad-

430 2933 543 2965 veniet
554 2954 566 2971 ,
585 2930 618 2965 δι
632 2924 885 2974 indeprecabile
895 2927 1070 2962 decretum
1082 2930 1245 2975 corporis
1254 2932 1286 2963 &
1299 2931 1370 2963 ani·

428 2992 492 3015 mae
515 2991 642 3015 nexum
663 2976 820 3014 dissolvet
842 3002 855 3020 ,
881 2981 1053 3025 reputatio
1071 2976 1195 3013 subibit
1213 2985 1335 3014 eorum
1358 3003 1372 3019 ,

430 3042 507 3076 quae
525 3032 557 3064 in
571 3033 640 3064 vita
660 3031 788 3077 patrata
800 3026 874 3063 simt
891 3052 904 3069 ,
929 3031 961 3064 &
976 3029 1176 3076 poenitentia
1186 3026 1254 3064 stra
1265 3040 1302 3064 ac
1322 3031 1371 3062 ni-

433 3079 481 3114 hil
495 3078 674 3127 profutura
683 3106 693 3114 .
712 3075 814 3114 Tune
824 3081 915 3113 enim
926 3077 1064 3114 demum
1080 3081 1280 3125 poenitentia
1292 3083 1372 3126 pro-

432 3129 502 3165 dest
513 3155 524 3171 ‚
550 3141 627 3165 cum
641 3131 806 3176 poenitens
818 3127 1018 3163 emendandi
1040 3127 1234 3163 facultatem
1246 3126 1349 3164 habet
1359 3153 1373 3171 ,

432 3178 556 3215 sublata
581 3191 667 3215 vero
688 3181 787 3226 copia
800 3179 890 3213 reete
910 3176 1052 3213 faciendi
1065 3202 1079 3219 ,
1106 3177 1293 3213 inutilisest
1310 3177 1372 3214 doz

432 3228 500 3271 lor,
511 3233 545 3266 δι
557 3232 652 3265 irrita
667 3230 869 3276 poenitentia
881 3254 888 3262 .
902 3233 983 3263 Erat
993 3236 1101 3263 autem
1113 3229 1372 3272 qaida'm‘mendt-

431 3291 486 3314 cus
498 3304 509 3320 ,
535 3283 656 3316 nomine
669 3285 816 3315 Lazarus
828 3305 836 3312 .
864 3280 947 3313 Non
959 3287 1091 3313 tantum
1105 3288 1233 3325 pauper
1245 3276 1304 3313 hic
1315 3278 1370 3313 de-

433 3328 590 3365 scribitur
601 3354 613 3371 ,
639 3327 740 3375 usque
762 3325 1020 3363 necessariorum
1031 3338 1146 3363 carens
1157 3354 1170 3370 ,
1195 3326 1250 3363 fed
1267 3331 1369 3364 etiam

432 3381 526 3425 gravi
540 3378 767 3414 invaletudine
783 3375 970 3425 oppressus,
981 3386 1081 3425 atque
1094 3385 1243 3425 corpore
1252 3377 1371 3414 tabido

432 3427 691 3476 diffluentique,
718 3428 782 3463 sme
803 3428 870 3462 lare
893 3432 927 3463 δε
949 3438 1040 3463 certa
1065 3427 1163 3469 sede,
1190 3428 1338 3464 incultus
1357 3453 1367 3469 ‚

433 3477 596 3514 horridus
608 3503 618 3520 ,
630 3482 663 3514 &
676 3478 719 3513 ad
728 3479 860 3523 januam
871 3477 989 3514 divitis
1001 3479 1171 3526 projefitns
1182 3505 1191 3513 .
1211 3477 1269 3514 Ad
1280 3477 1368 3513 fum-

434 3540 523 3564 mam
535 3552 547 3570 ,
573 3540 651 3563 cum
662 3540 789 3563 cura-ac
800 3530 950 3574 Tragico
961 3527 1028 3563 fere
1048 3527 1225 3563 cothurno
1246 3536 1369 3576 paupe-

436 3580 479 3612 ris
499 3576 640 3613 mistriae
650 3587 846 3613 enarrantur
859 3603 870 3619 ‚
896 3588 933 3613 ut
945 3588 1014 3613 nom
1027 3576 1210 3613 mistrantis
1230 3577 1367 3613 saevities

437 3629 540 3670 magis
551 3626 720 3675 magisque
732 3637 909 3663 notaretur
924 3631 960 3663 &
973 3627 1196 3663 innotesceret
1206 3654 1214 3662 .
1238 3630 1326 3664 Nam
1341 3630 1366 3663 is

437 3686 539 3720 quem
550 3675 684 3713 alterius
704 3680 820 3725 inopia
840 3687 941 3724 atque
963 3677 1129 3723 aegritud'o
1151 3676 1368 3713 commisera-

437 3727 535 3758 tione*
554 3736 621 3759 non
641 3731 747 3773 tangit
766 3752 777 3768 ,
802 3726 871 3762 fera
892 3726 964 3762 sane
985 3727 1035 3763 est
1054 3729 1195 3763 rationis
1213 3735 1336 3775 etxpers
1357 3752 1369 3769 ,

442 3780 627 3820 perperum
644 3772 825 3811 humanam
847 3775 983 3812 indutus
1002 3777 1148 3813 formam
1161 3801 1173 3819 ,
1200 3776 1370 3826 ipsamque

1444 279 1598 306 naturam
1617 281 1722 321 prava
1734 269 1910 306 voluntate
1929 269 2045 307 fallens
2057 296 2068 313 ‚
2093 285 2130 307 ac
2141 271 2286 321 denique
2296 276 2373 318 fieris

1442 312 1571 368 ipsp'a't
1588 317 1638 355 ‘ue
1658 313 1780 356 befluis
1804 322 1990 357 immanior
2009 349 2016 356 .
2043 317 2216 370 Siquidem
2236 315 2373 370 sussili-

1441 370 1552 418 gulata
1586 382 1627 406 ue
1641 394 1653 412 ,
1679 368 1769 408 sensu
1780 369 1930 417 quodam
1952 370 2084 408 doloris
2096 372 2311 417 afficiuntur,
2337 379 2372 412 δι’

1441 424 1531 458 εἰτ’σι
1543 418 1813 461 fusummenssa
1887 423 1976 458 insin
1985 421 2081 460 triste
2092 435 2248 459 murmur
2257 423 2371 462 edunt.

1443 468 1677 511 Circumstant
1694 474 1780 506 tauri
1792 484 1838 506 cae
1863 466 2056 516 emboves‚
2082 469 2372 512 miserabilidolo-

1444 532 1516 556 rem
1531 523 1667 566 mugitu
1674 520 1880 566 designantes
1890 548 1898 557 .
1912 519 2008 568 Quin
2018 532 2141 571 gruum
2153 529 2371 572 quoquegre-

1442 583 1521 619 ges,
1544 582 1624 606 cum
1646 582 1710 608 una
1731 571 1821 606 forte
1837 572 2024 620 gregalium
2044 576 2077 609 in
2098 573 2195 611 casses
2221 575 2340 611 incidit
2358 601 2371 619 ,

1440 630 1575 670 captam
1599 620 1882 659 circumvolitant
1899 647 1912 665 ,
1937 622 1972 660 aa
1994 623 2202 662 lamentabili
2221 625 2372 672 quodam

1439 681 1550 708 aerem
1571 669 1730 719 clangore
1741 671 1918 720 complent
1929 697 1941 714 ‚
1967 679 2134 712 comitem
2153 674 2242 712 iiiam
2255 680 2288 712 &
2299 689 2373 723 gre·

1439 721 1550 767 galeni
1572 726 1781 769 requirentes
1792 750 1800 758 .
1827 725 1873 759 Et
1885 722 2063 760 hominem
2076 750 2088 767 ,
2115 729 2244 762 ratione
2255 726 2372 774 praedi-

1437 781 1511 808 tum
1523 770 1670 814 animal,
1696 772 1906 810 mansuetum
1927 777 1961 810 δι
1972 774 2013 811 ad
2027 777 2094 811 Dei
2115 775 2370 813 similitudinem

1437 825 1575 859 virtutis
1593 834 1631 857 ac
1650 822 1813 860 bonitatis
1833 836 1938 872 capax
1958 848 1970 866 ,
1996 829 2238 872 proximorum
2258 825 2370 864 acerbi

1436 871 1526 908 casus
1545 871 1728 920 gravesque
1739 873 1944 910 calamitates
1954 883 2022 910 tam
2034 887 2154 923 parum
2174 876 2322 914 afficient
2331 889 2372 912 ac

1440 920 1658 959 movebunt?
1684 926 1698 965 J
1703 922 1819 960 acebat
1830 927 1942 971 itaque
1953 926 2158 963 aerumnosus
2177 927 2235 963 ille
2246 925 2372 974 gratus-

1436 985 1502 1019 que
1525 972 1700 1008 mendicus
1720 975 1753 1008 in
1774 977 1902 1020 magnis
1932 973 2133 1017 doloribus,
2158 977 2282 1025 pedum
2311 977 2371 1016 usu

1434 1023 1774 1071 privatus(alioquin
1786 1027 1877 1061 enim
1896 1023 2075 1061 alastorem
2091 1027 2189 1062 illum
2211 1038 2311 1075 atque
2323 1026 2371 1063 su-

1434 1072 1581 1121 perbum
1602 1071 1790 1110 declinass'et
1807 1099 1820 1117 ‚
1845 1074 2017 1122 aliumque
2028 1088 2094 1124 pro
2113 1078 2207 1121 janua
2230 1078 2287 1114 illa
2308 1076 2372 1113 ho·

1434 1122 1559 1172 spitum
1572 1123 1800 1160 interfectrice
1819 1128 1855 1162 &
1874 1125 2076 1174 pauperibus
2087 1126 2218 1175 semper
2238 1126 2372 1164 occlusa

1434 1172 1551 1210 locum
1571 1173 1723 1222 delegiss'e
1740 1174 1755 1214 )
1773 1188 1811 1211 ac
1830 1174 1986 1212 manibus
2007 1180 2107 1212 etiam
2131 1190 2215 1225 pene
2225 1189 2340 1214 carens
2359 1203 2372 1220 ,

1433 1236 1543 1271 neque
1566 1223 1713 1271 palmam
1762 1225 1941 1261 rotender'e
1963 1226 2075 1263 valens
2087 1226 2128 1263 ad
2151 1228 2339 1275 rogandum
2361 1242 2371 1263 z

1435 1273 1536 1311 sed&
1548 1274 1705 1322 praeclusa
1756 1273 1938 1324 abensipsa-
1958 1281 2053 1312 vocis
2073 1289 2223 1325 organa,
2250 1277 2372 1316 stridu-

1435 1324 1576 1373 lumque
1587 1329 1622 1360 &
1635 1324 1789 1372 asperum
1801 1328 1940 1375 peetore
1952 1326 2070 1363 sonum
2081 1331 2238 1364 emittens
2260 1343 2268 1364 ε
2295 1336 2372 1364 om·

1433 1373 1532 1411 nibus
1554 1374 1703 1422 denique
1732 1375 1892 1413 membris
1914 1377 1969 1413 vel
1981 1377 2146 1421 mutilus,
2164 1379 2218 1415 vel
2230 1390 2372 1427 captus,

1434 1437 1543 1472 neque
1562 1425 1653 1461 aliud
1675 1431 1777 1472 quam
1797 1427 1948 1475 quaedam
1980 1428 2138 1464 insoelicis
2159 1428 2273 1465 morbi
2295 1429 2373 1465 reli-

1433 1479 1549 1523 quiae,
1567 1479 1602 1512 &
1620 1474 2076 1515 miseranduminflrmitatis
2091 1477 2238 1515 humane
2257 1490 2373 1516 exem-

1433 1526 1530 1574 plum
1541 1552 1550 1561 .
1578 1529 1701 1574 Neque
1711 1537 1826 1562 tamen
1842 1528 2054 1565 miseriarum
2067 1529 2123 1565 ille
2141 1531 2314 1577 catalogus
2325 1528 2373 1566 su-

1435 1575 1534 1625 perbi
1559 1585 1708 1612 mentem
1721 1577 1763 1613 ad
1783 1577 2087 1615 confiderationem
2107 1579 2223 1616 flexit.
2252 1585 2374 1617 Prae't‘et-

1434 1626 1525 1664 ribat
1546 1625 1727 1663 hominem
1736 1638 1895 1676 tanquam
1915 1629 2028 1666 saxum
2042 1656 2053 1672 ,
2079 1643 2122 1666 eo
2134 1626 2256 1666 scelere
2269 1629 2373 1667 sernet

1433 1676 1648 1725 obstringens
1659 1703 1672 1720 ,
1697 1681 1749 1715 cui
1762 1679 1905 1716 nullum*
1916 1684 2062 1716 omnino
2073 1680 2188 1717 velum
2202 1686 2375 1728 ‚aut-prx-

1433 1738 1546 1764 textus
1565 1755 1574 1763 .
1601 1731 1725 1775 Neque
1743 1733 1834 1765 enim
1855 1729 1897 1766 ad
1919 1731 2177 1778 expurgandum
2207 1731 2375 1768 adducere

1433 1782 1550 1828 potuit
1569 1779 1626 1815 illa
1639 1779 1790 1826 vulgaria
1803 1792 1840 1816 ac
1852 1779 2016 1828 speciosas
2043 1785 2124 1827 Non
2134 1793 2240 1818 noram
2251 1805 2264 1823 ,
2288 1784 2376 1826 ig'm'-

1431 1828 1544 1865 rabam
1558 1854 1570 1871 ,
1596 1829 1696 1865 latuit
1706 1842 1756 1865 me
1775 1842 1896 1877 pauper
1906 1844 1979 1867 cum
1998 1841 2143 1875 rogaret:
2170 1835 2300 1880 quippe
2309 1834 2374 1879 qui

1431 1892 1499 1928 pro
1519 1878 1650 1916 foribus
1672 1881 1777 1922 iacens¹
1788 1880 1973 1926 egredienti
1987 1881 2083 1917 simul
2105 1885 2138 1918 &
2151 1881 2374 1930 intrantifpex

1432 1930 1568 1967 &siculo
1577 1929 1704 1966 fuerat:
1718 1935 1751 1966 &
1763 1944 1835 1978 quo
1847 1931 1983 1979 prorsus
1995 1931 2253 1980 indeprecabilis
2262 1925 2374 1980 ffipera
2390 1967 2394 1969 .

1430 1979 1463 2016 bi
1475 1979 1651 2019 damnatio
1667 1980 1888 2024 redderetur,
1917 1985 2021 2019 micas
2030 1982 2071 2020 de
2094 1982 2204 2019 mensa
2215 1982 2375 2018 deciduas

1433 2030 1579 2079 supplici
1594 2043 1679 2067 voce
1693 2035 1834 2082 petierat
1851 2046 1860 2070 ς
1873 2045 1981 2078 neque
1993 2045 2108 2069 tamen
2118 2037 2265 2069 omnino
2275 2031 2376 2082 qui&

1430 2093 1532 2131 quam
1547 2085 1590 2117 im
1598 2083 1743 2130 peti-arat
1755 2095 1768 2120 ,-
1794 2082 1848 2118 sed
1859 2088 1958 2126 ,eum
1974 2084 2028 2118 ille
2041 2083 2374 2130 arietaredi‘rumpea

1431 2143 1526 2167 retur
1538 2159 1545 2168 .
1576 2131 1661 2167 same
1676 2137 1708 2168 &
1723 2137 1837 2178 inopia
1848 2132 2070 2166 contabuerat
2081 2157 2088 2164 .
2117 2135 2239 2175 Quare
2254 2138 2323 2179 pin-⁷
2333 2135 2374 2167 δὲ·

1430 2190 1565 2227 aequum
1575 2181 1683 2214 suerat
1693 2204 1703 2217 ‚
1719 2179 1954 2212 chananaeam
1965 2172 2057 2212 illam
2069 2176 2273 2216 Phoenissam
2286 2179 2369 2217 huie

1429 2228 1532 2260 diviti
1554 2225 1738 2259 hominum
1752 2224 1842 2260 osori
1865 2226 2058 2272 magistram
2081 2227 2233 2264 adhiberi
2244 2256 2255 2271 ‚
2281 2236 2371 2276 quae'-

1424 2373 1462 2415 sa
1474 2375 1669 2409 dominorum
1681 2386 1692 2410 ς’
1719 2384 1754 2410 tu
1766 2385 1877 2410 autern
1890 2374 2028 2411 fratrem
2051 2383 2150 2412 tuum
2161 2387 2263 2425 atque
2286 2385 2369 2427 pto·

1430 2424 1566 2457 ximum
1586 2419 1657 2458 hoc
1676 2436 1815 2460 munere
1838 2437 1906 2460 non
1918 2438 1952 2460 es
1970 2425 2144 2473 dignatus.
2173 2430 2252 2463 Im'o
2271 2436 2371 2474 canes

1430 2471 1492 2520 ipfi
1511 2484 1590 2507 cum
1601 2483 1681 2508 cura
1701 2473 1880 2510 alebantur
1899 2489 1908 2510 :
1933 2474 2080 2512 seorsum
2094 2478 2234 2525 quidem
2244 2479 2368 2516 :edium

1428 2521 1584 2558 custodes
1594 2547 1606 2565 ‚
1632 2522 1779 2559 seorsum
1792 2534 1970 2561 venatores
1982 2552 1994 2568 ‚
2019 2529 2183 2577 tectoque
2192 2532 2225 2564 δὲ
2240 2529 2369 2573 stratis}

1429 2571 1492 2608 suis
1513 2571 1602 2614 illis,
1627 2577 1660 2609 δι
1674 2573 1763 2621 quasi
1775 2575 2002 2622 peculiaribus
2020 2578 2191 2624 attributis
2203 2573 2368 2618 ministris

1427 2622 1519 2670 digni
1532 2621 1744 2660 habebantur
1756 2638 1767 2662 ς
1793 2637 1869 2661 curn
1885 2630 2020 2662 interim
2042 2624 2140 2665 humi
2155 2630 2307 2676 neglecta
2326 2632 2369 2673 ἱέ-

1428 2684 1519 2708 reret
1545 2683 1644 2720 atque
1662 2674 1851 2711 calcaretur
1871 2678 1941 2713 Dei
1962 2680 2098 2725 imagin
2124 2685 2226 2727 quam
2239 2706 2251 2722 ,
2278 2682 2370 2718 fient

1427 2723 1573 2769 Moyses
1594 2723 1735 2761 idoneus
1745 2738 1782 2761 ac
1795 2725 1862 2762 fide
1881 2726 2001 2774 dignus
2013 2729 2054 2764 de
2065 2734 2289 2776 generatione
2301 2729 2368 2768 Ed&

1428 2777 1561 2810 minum
1571 2776 1715 2818 auetor‘,
1744 2779 1884 2824 propria
1905 2788 2003 2814 manu
2025 2779 2126 2815 finxit
2145 2780 2368 2829 praessffantiffi'-

1428 2833 1503 2860 mus
1517 2822 1792 2862 iiie·archite6tus
1803 2838 1901 2874 atque
1914 2826 2077 2864 conditor
2090 2831 2246 2867 universi.
2259 2833 2367 2878 Quffl

1429 2874 1452 2910 si
1464 2878 1567 2922 igitur
1578 2873 1670 2911 hunc
1681 2875 1748 2912 lo'c'i
1762 2880 1914 2913 narratio
1921 2878 2100 2916 deLazaro
2112 2881 2218 2917 finem
2228 2880 2366 2925 haber&

1429 2935 1531 2972 atque
1542 2928 1586 2962 ita
1599 2934 1715 2962 rerum·
1725 2933 1841 2963 natura
1853 2926 2007 2971 ferream
2018 2929 2082 2966 ha'c
2094 2934 2161 2967 vita
2173 2940 2240 2967 tam
2254 2931 2275 2967 d
2281 2936 2368 2968 ive'r'·

1431 2974 1461 3011 sa
1474 3001 1485 3017 ,
1497 2982 1565 3011 tam
1576 2976 1732 3023 ina-*quali
1744 2998 1756 3018 9
1770 2982 1848 3013 vita·
1859 2978 1981 3015 nostrae
1991 2981 2198 3017 curriculum
2210 2982 2367 3019 definire·

1430 3035 1467 3061 tu
1473 3026 1569 3068 r,alta
1583 3024 1655 3061 sane
1665 3030 1700 3062 δέ
1710 3033 1824 3064 exerta
1837 3041 1922 3064 voce
1933 3033 2366 3079 conquere·rer,quod‚c‘uni

1433 3079 1505 3124 pari
1517 3075 1711 3122 dignatione
1725 3081 1828 3114 creati
1840 3078 1938 3115 sim'us'
1950 3105 1961 3121 ,
1987 3085 2058 3114 tati-r
2069 3082 2278 3128 in'aequaiiter
2289 3093 2366 3129 erga

1434 3129 1615 3171 proximos
1638 3131 1672 3163 δε
1683 3127 1799 3163 eadem
1822 3128 1925 3177 stirpe
1947 3128 2098 3176 profatos
2110 3142 2171 3166 nos
2190 3138 2366 3179 geramus.

1428 3179 1626 3212 ‘Enimvero
1637 3185 1763 3213 cumea
1773 3188 1846 3226 qu‘ae
1857 3178 2109 3220 restant‚au<iitu
2122 3182 2279 3229 praeclara
2291 3183 2367 3225 fint’,

1431 3230 1489 3273 qui
1504 3225 1735 3274 superioribus
1746 3227 1966 3277 aggemui’ffl,
1987 3227 2117 3266 bonum
2131 3231 2289 3281 deinceps¹
2298 3237 2366 3269 ani-

1431 3289 1526 3311 mum
1538 3275 1628 3312 habe
1636 3298 1650 3318 ‚-
1660 3278 1792 3325 jamque
1801 3278 1887 3314 dist-e
1898 3284 1976 3315 e‘orn
1981 3289 2090 3328 paupe
2096 3284 2139 3318 ris
2151 3281 2364 3319 beatitatem.

1431 3329 1635 3375 Compei-ies
1645 3331 1734 3363 enim
1749 3321 1962 3372 justi-Iudicis
1974 3333 2135 3368 exactum
2143 3331 2365 3375 tribunam&

1431 3376 1644 3423 voluptarius
1655 3377 1712 3412 ilie
1724 3378 1916 3424 ingemiscat
1925 3388 1962 3415 a'c
1975 3380 2105 3428 pion-en
2114 3383 2274 3419 mendico
2285 3387 2366 3420 con-

1429 3437 1480 3461 tra
1502 3425 1585 3461 bene
1609 3426 1823 3475 pulchreque
1839 3428 1877 3464 fit
1896 3454 1909 3472 ,
1935 3433 1969 3466 δε
1991 3431 2203 3479 condignum·
2223 3435 2364 3482 uterque

1429 3479 1604 3523 praeminm
1618 3476 1718 3512 ferat.
1744 3481 1881 3514 Accidit
1891 3488 1997 3515 autem
2009 3487 2047 3515 ut
2066 3487 2240 3519 moreretur
2249 3480 2365 3521 mendi-
2383 3487 2533 3517 Luc-¹6·²·

1427 3535 1482 3560 cus
1492 3547 1507 3567 ,·
1514 3527 1557 3562 θ
1567 3528 1783 3571 deportaretur
1793 3527 1832 3564 ab
1842 3530 1979 3572 ,Angelis
1989 3530 2127 3575 infinum
2139 3532 2291 3571 Abrahae.
2303 3537 2365 3571 Vi-

1428 3574 1484 3610 des
1495 3579 1650 3623 pauperis
1661 3583 1698 3611 ae
1711 3576 1954 3619 justrfamulos:
1965 3578 2059 3616 vides
2073 3586 2284 3629 migrarionis
2294 3589 2363 3620 tam

1428 3624 1942 3675 felicis—administi-onstngrelssos,
1958 3633 2113 3678 inquam,
2126 3636 2133 3667 i
2138 3632 2366 3680 pso-seomires

1428 3681 1526 3722 atque
1538 3673 1719 3717 menites,
1729 3675 1886 3713 hilariter
1899 3684 1930 3715 &
1950 3679 2073 3716 blande
2084 3691 2166 3718 eum
2176 3686 2343 3728 intuentes
2352 3710 2366 3728 ,

1430 3724 1564 3773 ipsaque
1579 3724 1598 3759 s
1595 3729 1686 3770 pecie·
1695 3730 1727 3762 se
1743 3734 1802 3762 ore
1815 3729 1984 3765 malorum
2011 3732 2238 3769 remiffio‘nem'
2247 3743 2286 3770 ac
2295 3740 2365 3772 me·

1430 3775 1541 3811 delam
1555 3776 1619 3818 iam
1629 3779 1661 3812 in
1668 3775 1810 3814 stantem
1822 3779 2033 3816 declarantes
2041 3806 2048 3814 .
2061 3783 2241 3830 Imp'ofit'us
2252 3784 2299 3820 est
2309 3790 2363 3821 au-

2243 3845 2271 3869 ἴ(
2281 3848 2313 3869 [Π

1429 2286 1493 2320 que
1505 2273 1626 2321 scripta
1640 2273 1735 2315 sunt,
1763 2278 1793 2309 ci
1813 2274 1959 2310 referre:
1985 2279 2236 2319 mmmcmlii,
2262 2291 2286 2314 o
2303 2279 2371 2315 aiax
2389 2282 2496 2315 Mattb
2519 2295 2566 2322 ις.

1429 2323 1501 2360 stor
1512 2336 1550 2359 ac
1565 2322 1706 2359 fastuose
1717 2324 1725 2358 ἔ
1736 2326 1899 2360 comedunt
1911 2328 2025 2367 micas,
2036 2335 2102 2370 quer
2112 2329 2230 2363 cadunt
2238 2330 2370 2365 demetr*
2387 2332 2513 2396 vivissfh
2534 2377 2550 2403 7

2387 2414 2418 2431 v·
2429 2405 2475 2435 ²8.
