2644 4160
2138 248 2161 286 1

462 347 685 461 gfff-”A
767 345 852 435 D
934 345 1027 461 NJ
1108 346 1185 424 o
1268 348 1354 427 N
1434 346 1474 423 1
1556 343 1636 422 T
1724 342 1921 420 10

286 519 1038 687 {EPISTOLAM
1092 474 1577 664 sifflcn
1628 570 2249 664 PROSPERI

286 697 531 824 T'AD
602 722 1235 788 SANCTUM‘
1297 723 2171 794 AUGUSTINUM

327 903 328 906 ,
566 862 637 905 De
669 858 852 920 reliquiis
884 858 1113 920 Pelagianae
1142 857 1338 903 haereseos
1366 858 1413 902 in
1444 857 1584 903 Gallia
1613 857 1976 903 subolescentibus.

336 991 338 994 Α
453 1001 583 1060 UM
608 1000 799 1077 sanHus
842 999 1138 1083 Augustinus
1177 1004 1380 1075 majorem
1418 1002 1531 1057 vitae
1565 1015 1739 1077 partem
1777 1002 1825 1054 in
1865 996 2139 1055 revincendis
2181 997 2247 1056 di-

283 1098 286 1100 ’
335 1084 337 1087 ’
487 1082 599 1163 verfi
631 1085 806 1159 generis
830 1084 1040 1140 haeretieis
1063 1080 1375 1162 infiempsiffet:
1414 1102 1471 1158 po
1531 1097 1718 1159 partam
1746 1079 1958 1159 Ecclesia
1998 1078 2054 1135 ab
2084 1102 2126 1133 eo
2147 1097 2254 1158 per-

282 1164 460 1245 'feflam
499 1163 555 1222 de
596 1165 819 1237 Arianis,
860 1164 1164 1237 Maniehaeis,
1207 1162 1444 1243 Donatisti
1463 1185 1540 1242 que
1563 1161 1843 1224 vifioriams
1886 1159 2118 1237 noviffime
2151 1160 2253 1236 sur-

287 1248 402 1303 rexit
442 1245 705 1322 Pelagiana
746 1244 925 1325 haeresis
959 1247 1124 1323 gratiae
1164 1246 1266 1304 Dei
1305 1246 1484 1300 inimica
1510 1288 1526 1316 ,
1575 1264 1706 1322 quam
1746 1242 1837 1318 ipse
1884 1240 1943 1296 ab
1984 1264 2097 1298 anno
2143 1262 2251 1311 412.

277 1326 466 1404 seriptis
503 1324 629 1382 libris
668 1325 721 1381 de
755 1343 1033 1405 peccatorum
1073 1325 1314 1402 remissione
1355 1325 1419 1382 (ὅ
1461 1323 1514 1380 de
1544 1324 1780 1401 Baptismo
1817 1325 2145 1399 parvulorum,
2193 1318 2256 1376 U

279 1407 396 1463 ‘aliis
415 1450 433 1480 ,
473 1410 605 1466 annis
638 1405 1014 1487 subsequentibus,
1054 1423 1107 1464 ut
1138 1407 1191 1483 se
1221 1409 1272 1483 se
1302 1405 1463 1461 obculit
1502 1403 1684 1480 occasio,
1718 1402 1891 1483 strenue
1932 1401 2144 1458 debellare
2171 1422 2259 1456 non

285 1485 515 1566 cessavit:
568 1488 779 1567 quousque
815 1487 1021 1566 pluribus
1060 1490 1115 1542 E
1110 1487 1383 1561 pisi-oporam
1425 1486 1643 1539 conciliis
1674 1484 2021 1560 summorumque
2064 1479 2260 1559 Pontifi-

278 1583 388 1625 'cum
428 1567 618 1629 decretis
658 1567 877 1625 damnata
902 1609 918 1637 ‚
959 1568 1085 1622 vires
1124 1568 1322 1621 amittere
1347 1602 1363 1631 ‚
1405 1559 1755 1638 defensorumque
1796 1582 1972 1618 numero
2015 1564 2144 1637 coepit
2184 1559 2259 1615 de-

283 1649 467 1726 crescere
483 1691 498 1707 .
539 1652 624 1708 At
660 1671 766 1706 vero
807 1649 967 1704 ultima
995 1640 1243 1718 santiffimi
1286 1639 1509 1697 Dofloris
1549 1657 1676 1696 aetate
1694 1685 1710 1712 ,
1751 1643 1849 1695 viri
1889 1640 2094 1721 quidam,
2137 1642 2256 1696 alias

283 1731 547 1803 Catholici,
582 1729 663 1804 sed
685 1743 770 1784 aut
806 1731 958 1785 minw·
976 1720 1171 1793 eruditi,
1214 1720 1277 1777 (5¹
1319 1724 1368 1777 in
1394 1724 1682 1797 scripturis,
1721 1719 1836 1778 unde
1856 1722 2109 1780 doffrinam
2122 1722 2258 1797 suam

278 1810 495 1889 'haustrat
536 1805 830 1888 A'uguslinus
852 1849 869 1878 ,
909 1825 996 1860 non
1027 1804 1150 1879 satis
1189 1802 1364 1877 verfitti
1388 1845 1405 1874 ,
1424 1824 1426 1826 ·
1446 1818 1527 1858 aut
1560 1802 1679 1879 sorte
1719 1803 1870 1859 minus
1911 1800 2089 1881 demisse
2130 1822 2261 1880 quam

280 1906 533 1969 oportuerat
571 1887 628 1945 de
665 1886 818 1966 seipsis
850 1887 1087 1963 sentientes
1106 1928 1121 1955 ,
1164 1882 1296 1940 lestis
1337 1882 1600 1966 Augustini
1641 1882 1766 1940 libris
1810 1899 1891 1941 aut
1931 1882 2140 1955 turbati,
2181 1896 2263 1938 aut

279 1972 420 2023 etiam
462 1967 774 2042 scandalizati
805 1965 940 2040 sunt.
981 1963 1168 2022 Turbae
1188 1968 1301 2021 inter
1343 1963 1668 2023 Adrumetinos
1708 1966 1755 2022 in
1780 1965 1947 2044 Africa
1979 1964 2266 2035 Monachus,

275 2048 357 2125 'qui
397 2044 584 2102 Abbati
608 2045 845 2101 Valentino
883 2044 1131 2122 parebant,
1171 2049 1391 2102 excitatas
1433 2069 1519 2103 non
1549 2068 1663 2122 aegre
1693 2045 1916 2124 sedarunt
1950 2062 2045 2101 tum
2087 2044 2195 2101 liber
2214 2042 2267 2098 de

281 2128 456 2186 Gratia
472 2124 538 2182 (5'
580 2123 713 2181 libero
753 2125 933 2182 arbitrio
960 2170 976 2197 ,
1016 2142 1114 2183 tum
1153 2129 1275 2183 alius
1317 2125 1370 2182 de
1396 2128 1687 2203 Correptione
1733 2126 1797 2183 θ’
1833 2129 2014 2203 gratia,
2055 2128 2128 2205 qui
2151 2147 2269 2182 men-

279 2206 405 2265 tibur
441 2228 586 2264 eorum
623 2204 839 2264 obductas
881 2205 1203 2264 dubitationum
1243 2206 1380 2264 nubes
1419 2209 1515 2263 luce
1551 2209 1642 2281 fica
1684 2204 1987 2282 dissiparunt.

335 2318 339 2324 ·
367 2289 452 2348 At
486 2289 718 2365 pernitiem
758 2287 897 2342 multo
939 2291 1146 2358 majorem
1168 2285 1409 2363 Ecclesia,
1450 2285 1574 2362 apud
1593 2286 1790 2340 Gallias
1822 2287 2097 2363 prasertim,
2140 2310 2259 2343 crea-

283 2371 365 2427 vit
398 2369 604 2446 surculus
641 2369 764 2424 alius
802 2365 973 2446 haerefis
1012 2367 1280 2443 Pelagianae
1296 2411 1314 2438 ‚
1353 2370 1428 2445 qui
1465 2381 1590 2422 tanto
1634 2366 1774 2422 latius
1814 2366 2003 2448 diffudit
2034 2368 2153 2443 sese,
2196 2384 2267 2423 at-

406 2451 583 2506 altt'ores
624 2447 795 2506 radices
834 2450 953 2525 egit,
993 2463 1153 2526 quanto
1195 2450 1237 2504 is
1255 2449 1405 2525 prima
1433 2448 1614 2525 fronte·
1639 2451 1853 2524 apparuit
1893 2451 2039 2503 minus
2081 2451 2262 2521 injurio-

279 2533 365 2609 sus
412 2534 460 2588 in
500 2529 677 2610 Christi
727 2530 996 2587 salvatoris
1045 2532 1250 2604 gratiam
1290 2573 1306 2599 ,
1357 2551 1490 2604 quam
1531 2526 1652 2581 haud
1690 2546 1854 2601 parum
1893 2550 2052 2607 quoque
2097 2531 2264 2605 ampli-

283 2611 426 2690 ficare
465 2608 709 2666 videbatur
723 2651 739 2665 .
778 2611 945 2682 Hujus
963 2611 1094 2663 initia
1134 2607 1336 2684 quaedam
1407 2605 1626 2660 rodierant
1650 2627 1748 2661 cum
1788 2631 1903 2664 novo
1946 2609 2150 2685 dogmate
2177 2613 2234 2664 V
2229 2612 2266 2663 i-

289 2683 429 2760 talis,
468 2690 566 2743 ‘uiri
605 2687 786 2742 aliunde
804 2690 1055 2757 Catholici,
1096 2689 1169 2763 qui
1209 2708 1306 2742 cum
1345 2709 1368 2741 e
1407 2703 1449 2740 et
1490 2689 1537 2741 in
1557 2688 1909 2766 Carthaginensi
1938 2687 2140 2744 eruditus
2165 2693 2262 2746 Ec·
2282 2664 2442 2746 Exiiiffst'

286 2767 451 2847 desta,
486 2770 757 2842 praeeipuam
789 2766 1030 2844 quamdam
1067 2764 1278 2823 dofflrinae
1306 2766 1464 2842 [αηδῖἰ
1504 2769 1729 2842 Cypriani
1767 2775 1873 2846 ejus
1911 2768 2034 2825 urbis
2076 2772 2261 2847 Episco-
2281 2757 2353 2778 m,

285 2852 343 2927 pi
381 2848 711 2904 aevenerationem
749 2843 963 2901 debebat:
1004 2870 1034 2901 a
1074 2866 1159 2925 qua
1196 2849 1334 2904 illum·
1348 2863 1496 2909 tamen
1537 2863 1698 2902 temere
1729 2848 1939 2923 discedere
1979 2850 2257 2928 conquereba-
2279 2870 2438 2908 [bid-nas-

292 2946 381 2986 tur·
411 2925 728 3007 Auguflimcs.
771 2930 846 2986 Et
885 2927 1081 2982 Vitalem
1122 2927 1291 3005 quidem
1321 2929 1576 2986 haereticum
1608 2929 1915 3006 'Pelagianum
1948 2929 2036 3011 effi
2068 2932 2260 3008 sanstus

285 3009 480 3068 'DoHor
521 3032 606 3066 non
647 3006 864 3065 credebat:
901 3005 983 3083 fid
1023 3010 1201 3065 minime
1240 3013 1337 3065 tam'
1351 3009 1629 3066 orthodoxum
1671 3009 1753 3090 effe
1794 3011 2027 3083 audierat,
2068 3031 2120 3069 ut
2142 3015 2255 3069 nihil

291 3093 430 3147 illius
470 3088 532 3146 ad
574 3111 670 3165 eum
711 3087 947 3169 transiiffet
988 3090 1070 3144 euel
1111 3093 1158 3146 in
1198 3115 1243 3146 eo
1261 3084 1568 3169 relinqueretur
1608 3096 1787 3148 erroris.
1808 3094 2075 3170 >'Pelagiani
2099 3097 2255 3172 quippe
2316 3151 2322 3157 ,

289 3174 490 3242 ·οπιηία,ῑ
511 3188 563 3228 ut
603 3168 742 3228 eidem
772 3168 929 3248 scribit
945 3215 960 3242 ,
1002 3168 1062 3225 ad
1093 3169 1275 3249 fidelem
1304 3174 1514 3251 piamque
1554 3175 1707 3230 vitam
1747 3175 1964 3230 hominum
1985 3178 2257 3250 pertinentia
2276 3149 2425 3190 Ib¹dm⁹

293 3257 364 3311 ita
406 3249 605 3309 tribuunt
647 3252 783 3307 libero
814 3253 1072 3309 voluntatis
1111 3251 1291 3308 arbitrio
1308 3297 1324 3326 ,
1365 3270 1417 3310 ut
1444 3254 1646 3310 habenda
1686 3278 1736 3310 ex
1777 3255 1898 3311 nobis
1914 3301 1931 3328 ,
1972 3278 2056 3312 non
2098 3280 2127 3311 a
2153 3258 2258 3312 Do-

292 3337 412 3393 mino
449 3348 609 3411 putent
649 3331 749 3413 effe
769 3332 1010 3410 poscenda:
1051 3335 1125 3389 ille
1167 3350 1311 3390 autem
1352 3335 1567 3391 initium
1610 3333 1759 3407 fidei,
1799 3335 1874 3392 ubi
1911 3337 1974 3418 est
1997 3340 2131 3392 etiam
2173 3339 2257 3392 ini·

296 3415 600 3489 tiumbonae,
642 3415 720 3470 hoc
760 3414 821 3495 est
845 3459 864 3488 ,
913 3417 1000 3491 piae
1038 3415 1292 3471 voluntatis
1319 3452 1336 3482 ‚
1386 3415 1556 3474 nolebat
1595 3417 1797 3473 donum
1823 3417 1922 3473 effe
1964 3420 2067 3472 Dei
2110 3462 2125 3490 ,
2174 3418 2259 3473 sed

301 3503 387 3553 ‘Lx'
415 3496 566 3554 nobis
618 3517 716 3554 nos
751 3495 943 3552 habere
995 3495 1306 3569 contendebat,
1361 3513 1421 3553 ut
1459 3498 1665 3553 credere
1707 3498 2016 3576 incipiamus
2042 3522 2069 3562 ‚-
2118 3513 2257 3554 cetera

301 3586 447 3636 'autem
485 3580 698 3656 religiosa
740 3579 854 3654 ‘uitae
893 3575 1002 3633 bona
1043 3580 1197 3634 Deum
1232 3597 1311 3654 per
1353 3581 1554 3655 gratiam
1586 3580 1718 3654 suam
1751 3581 1851 3651 jam
1889 3601 1944 3635 ex
1973 3578 2069 3657 fide
2100 3595 2253 3657 peten-

305 3655 480 3733 tibus-‚3
494 3658 782 3736 quaerentibus
798 3702 814 3730 ,
849 3658 1131 3735 pulsantibus
1154 3659 1311 3714 donare
1335 3658 1617 3735 consentiebat
1634 3699 1648 3714 .
1679 3660 1824 3715 Hunc
1850 3661 2018 3716 Vitalis
2043 3682 2253 3733 errorem,

306 3749 435 3815 quem
470 3739 611 3815 ipsum
648 3741 840 3818 amplexi
855 3739 969 3815 Junt'
1002 3742 1075 3818 qui
1097 3750 1250 3798 vocati
1266 3741 1377 3816 sunt
1416 3739 1787 3818 semipelagiani,
1829 3740 2010 3822 epistola
2049 3741 2110 3797 ad
2132 3763 2250 3797 eum-

309 3818 611 3949 demssqripta
636 3820 760 3889 'inde
793 3820 1066 3898 potiffimum
1105 3821 1269 3901 refellit
1308 3820 1600 3902 Augustinus·
1638 3865 1656 3894 ,
1705 3821 1815 3901 quod
1858 3821 2058 3901 Ecclefia
2099 3840 2252 3897 preces

437 3925 448 3935 .
506 3913 540 3936 ro
551 3901 626 3951 peri
1668 3907 1704 3945 Α
2107 3901 2203 3950 apud
