2652 4126
410 195 528 250 432
685 170 1352 231 S-PROSPER

468 269 580 325 Gens
615 266 896 310 Vandalorum
929 264 944 282 ²
974 261 1024 303 ab
1064 258 1272 319 Hispania
1302 258 1352 304 ad

407 327 596 372 Africam
630 325 793 369 transit.

506 389 678 427 FELICE
704 388 770 424 ET
796 382 973 421 TAURO
998 380 1120 420 COSS.

466 437 677 483 Nestorius
690 430 1345 491 C'onstantinopolssitanusEpisco·

404 506 481 557 p'us
520 509 674 541 novum
723 491 1118 536 Ecclefiisw‘xnoiitur
1158 500 1341 536 errorem

405 557 594 602 inducere
613 585 626 610 ,
657 552 877 614 praedicans
910 549 1121 596 Christum
1161 566 1214 595 ex
1247 555 1342 597 Ma‘·

403 619 469 661 ria
519 615 734 659 hominem
771 625 935 656 tantum
966 642 980 665 ,
1029 607 1047 634 δ
1086 625 1170 656 non
1214 614 1340 657 etiam

406 679 552 721 Deum
582 685 749 728 natum,
779 675 894 731 eique
927 670 1193 716 divinitatem
1224 673 1345 716 colla-

402 750 491 781 tam
521 735 596 780 esse
626 748 702 792 pro
721 734 892 779 merito.
925 732 1008 776 Cui
1019 732 1223 789 impietati
1245 746 1342 794 prae-

402 798 522 855 cipua
551 795 704 850 Cyrilli
736 792 1012 838 Alexandrini
1053 790 1249 851 Episcopi
1281 795 1342 835 in-

401 855 572 908 dustria,
602 854 642 896 8<
673 854 790 916 Papae
823 851 1031 899 Caelestin'i
1051 866 1254 912 repugnat
1274 867 1342 898 au-

403 916 589 959 steritas.
1167 913 1169 915 ’

464 978 558 1019 Pars
600 973 829 1018 Galliarum
868 974 1101 1032 propinqua
1145 971 1299 1016 Rheno
1328 1002 1343 1026 ‚

401 1050 524 1094 quam
558 1028 708 1079 Franci
729 1033 1005 1094 possidendam
1024 1033 1344 1091 occupaverunt,

403 1096 520 1140 Aetii
550 1095 710 1154 comitis
742 1095 866 1136 armis
897 1107 1083 1151 recepta.
1230 1148 1233 1152 Ι

501 1155 794 1194 ΡὶΟΚΕΝΤΙΟ’
814 1158 883 1192 ET
907 1155 1145 1193 DIONYSIO
1167 1151 1294 1191 Coss*

461 1206 597 1250 Felice
629 1204 678 1246 ad
709 1206 929 1262 patriciam
960 1203 1208 1261 dignitatem
1251 1213 1345 1257 pro-

404 1265 547 1317 vetsto5
577 1265 721 1309 Aetius
752 1263 941 1322 magister
970 1264 1152 1307 militum
1191 1259 1346 1312 fassum

401 1325 482 1370 est.
515 1331 528 1351 ‘-

459 1382 652 1442 Agricola
687 1381 954 1440 Pelagianus‚
983 1381 1198 1425 Severiani
1229 1379 1343 1422 Pela-

400 1446 512 1504 giani
555 1443 749 1504 Episcopi
789 1442 892 1485 filius
920 1473 933 1496 ,
976 1441 1173 1487 Ecclefias
1202 1449 1221 1475 d
1254 1441 1345 1481 Bri-

400 1506 553 1550 tanniaej
582 1503 782 1562 dogmatis
814 1503 872 1545 sui
903 1502 1180 1546 insinuatione
1211 1513 1344 1543 corru-

400 1567 485 1624 pit.
518 1563 596 1608 Sed
629 1563 678 1605 ad
712 1563 914 1622 affionem
949 1559 1119 1606 Palladii
1141 1559 1338 1614 Diaconi,

401 1625 511 1683 Papa
540 1622 775 1682 Caelestinus
806 1621 1062 1667 Germanum
1107 1619 1345 1665 Antifiodo-

401 1685 561 1729 rensem
593 1682 844 1743 Episcopum
874 1685 963 1725 vice
997 1683 1064 1726 sua
1093 1683 1250 1734 mittit,
1279 1681 1345 1722 ⁶&

404 1745 627 1787 deturbatis
659 1743 891 1797 haereticis,
930 1744 1150 1786 Britannos
1191 1740 1243 1783 ad
1283 1754 1349 1783 ca·-

404 1803 600 1862 tholicam
635 1803 756 1845 fidem
787 1801 949 1859 dirigit.

504 1862 798 1902 THEODOSIO·
820 1860 1000 1901 X111.ET
1021 1861 1351 1902 VALENTINIA-

602 1918 679 1951 NO
704 1919 764 1952 ΙΙΙ.
791 1918 919 1952 COSS.

465 1964 610 2007 Aetius
644 1965 828 2007 Felicem
867 1974 961 2007 cum
1001 1976 1127 2007 uxore
1166 1963 1237 2005 sua
1276 1961 1353 2004 Pa-

405 2024 513 2066 dusia
536 2054 550 2076 ,
589 2025 628 2064 8<
668 2024 922 2066 Grunnitum
961 2023 1215 2076 diaconum,
1253 2037 1348 2066 cum

405 2096 471 2127 eos
501 2081 678 2125 insidiari
710 2083 781 2128 fibi
802 2081 1059 2141 praesensisset
1072 2114 1089 2137 „
1116 2084 1348 2126 interemita

466 2141 711 2198 Augustinus
744 2143 973 2201 Episcopus.
1001 2158 1075 2200 per
1106 2143 1250 2183 omnia,
1277 2154 1349 2182 ex-

405 2200 709 2246 cellentissimus
739 2202 911 2243 moritur
942 2205 993 2242 V.
1027 2201 1128 2242 Kal..
1159 2201 1347 2254 Septem-

409 2264 514 2316 bris,
543 2260 656 2302 libris
686 2260 837 2318 Juliani
866 2266 883 2313 ξ
912 2261 1022 2303 inter
1054 2260 1259 2317 impetum
1278 2257 1350 2298 ob-

447 2430 465 2454 a
485 2420 544 2451 ΜΓ.
562 2418 651 2451 Colb.
670 2425 748 2447 unus
763 2416 798 2447 δι
814 2417 870 2457 elii
889 2416 1019 2452 codices,
1039 2415 1081 2445 ab
1098 2414 1269 2455 H1spaniis.

447 2461 468 2492 b
488 2461 526 2490 In
548 2458 613 2489 aliis
634 2455 801 2490 codicibus,
823 2455 862 2486 ὠ·
882 2465 937 2484 non
959 2456 1067 2486 Deum.

449 2511 466 2532 c
488 2500 548 2530 Hic
570 2495 709 2528 mendum
732 2494 883 2533 irrepserat
905 2495 936 2524 in
958 2495 1067 2528 editis.
1085 2494 1135 2525 ubi
1153 2490 1353 2522 insinuabatur

410 2541 512 2573 Aetius
533 2535 667 2578 magister
690 2535 820 2565 militum
844 2533 938 2565 sactus
955 2544 992 2565 ex
1012 2534 1173 2574 Agricola:
1192 2531 1240 2562 cui
1261 2531 1352 2560 errori

412 2582 550 2612 favebant
571 2580 663 2608 etiam
684 2575 748 2607 ΜΠ,
770 2574 801 2606 δι
831 2574 886 2604 hos
913 2578 990 2604 inter
1020 2573 1079 2604 Ms.
1105 2573 1194 2603 Colb.
1223 2572 1265 2601 At
1295 2570 1353 2600 Ms.

412 2621 501 2652 Colb.
520 2620 591 2650 alter
612 2618 732 2649 testatur
752 2615 827 2646 reste
849 2615 1040 2645 emendarum
1062 2624 1079 2644 a
1101 2610 1356 2643 Pontaco&Lab-

413 2662 469 2693 beo
491 2667 522 2690 ut
545 2659 627 2698 supra
646 2657 772 2697 legitur.
791 2656 870 2687 Cum
893 2656 1035 2695 nusquam
1056 2650 1289 2685 auditumfuerit
1301 2652 1356 2680 Ae-

414 2702 491 2733 tium
510 2698 588 2729 suisse
609 2697 786 2737 agricolam:
809 2696 841 2727 &
863 2696 964 2735 inepte
984 2696 1058 2725 hica
1080 2693 1220 2733 Prospero
1240 2691 1297 2721 hoc
1306 2691 1358 2721 ad-

415 2743 511 2773 ditum
531 2740 624 2772 soret,
647 2738 696 2776 qui
717 2736 786 2765 dum
809 2736 881 2776 saepe
902 2736 980 2765 illius
1002 2735 1188 2765 mentionem
1208 2740 1295 2761 antea
1315 2731 1357 2759 se·

417 2782 508 2815 ecrit,
536 2778 626 2818 priori
647 2778 714 2807 loco
733 2776 811 2807 illius
853 2786 924 2806 enus
945 2775 974 2806 δε
995 2775 1198 2806 conditionem
1227 2771 1360 2802 debuerit

419 2827 666 2853 commemorare.
687 2817 773 2847 Plura
791 2817 820 2846 vi
845 2827 859 2846 e
881 2816 911 2846 in
934 2824 1003 2846 nota
1026 2815 1147 2846 Pontaci
1170 2811 1228 2843 coi.
1247 2812 1320 2851 782:

460 2861 480 2891 d
501 2860 547 2889 Sic
570 2857 740 2898 legendum,
762 2866 822 2886 non
844 2866 914 2887 vero
935 2855 1110 2894 Brastaniae‚
1129 2862 1179 2886 aut
1200 2852 1365 2893 Hyberm‘ae,

422 2899 535 2933 constat
555 2909 591 2928 ex
614 2897 670 2928 Ms.
690 2896 781 2930 Colb.
802 2907 863 2927 uno
884 2896 914 2927 &
936 2897 1000 2926 aliis
1023 2896 1168 2936 pluribus:
1191 2894 1365 2925 &maxime

422 2952 458 2972 ex
479 2950 515 2971 eo
533 2938 611 2979 quod
632 2937 742 2968 conslet
762 2947 798 2966 ex
818 2936 970 2977 Sigeberto
992 2938 1023 2967 in
1045 2936 1216 2968 Chronico,
1238 2934 1364 2965 Germa-

424 2990 498 3012 num
522 2978 627 3018 Episco
650 2987 698 3008 um
718 2977 1018 3012 Antiffiodorensem‚
1040 2975 1078 3006 de
1095 2975 1211 3017 quohic
1233 2974 1365 3012 Prosper,

425 3019 457 3053 ἃ
479 3021 596 3059 Lupum
647 3017 798 3058 piscopum
815 3018 1017 3048 Trecassinum
1046 3017 1091 3047 bis
1119 3017 1150 3046 in
1178 3015 1364 3045 Britanniam

428 3058 574 3099 navigasse
604 3066 637 3088 ut
667 3057 793 3088 haeresim
824 3058 1010 3097 pelagianam
1036 3056 1223 3086 confutarent
1242 3075 1252 3084 .
1284 3053 1365 3083 Adde

429 3101 508 3171 {¹3⁰⁶
523 3093 1366 3179 ssffssssffiuss‘sssfisszrsfflzzffss‘12e5³223333²035325³3⁵u¹¹{35:33

430 3160 609 3212 sui’semina
630 3176 751 3217 sparsisse
766 3200 778 3211 .
800 3178 915 3206 Pontac.
937 3176 991 3205 col.
1010 3177 1083 3214 783.

471 3229 487 3249 e
507 3221 544 3250 In
565 3216 737 3259 quibusdam
760 3216 841 3247 libris
859 3225 892 3246 ut
912 3238 922 3247 .
941 3237 949 3246 .
969 3237 980 3247 .
999 3217 1108 3258 dirigat
1130 3213 1367 3245 Ms.G01b.unus

432 3260 496 3291 rede
515 3260 556 3290 it.

472 3299 489 3329 f
494 3272 563 3329 1ιέΜΓ.
590 3297 677 3329 Colb.
701 3306 795 3332 unus,
816 3297 892 3327 inter
907 3297 1045 3338 impetus.
1069 3296 1114 3326 De
1134 3304 1368 3336 annoquomors

436 3340 513 3370 tanti
535 3338 673 3370 Deciens
694 3338 822 3377 contigit
843 3338 881 3367 V.
904 3347 1005 3368 notam
1028 3337 1151 3367 Pontaci
1172 3337 1228 3368 col.
1248 3337 1319 3374 783.

515 3378 645 3416 Quidam
667 3378 797 3413 codices,
817 3386 969 3417 cognatum
982 3376 1054 3414 fibi.

475 3390 496 3449 ξ
517 3420 589 3450 Haec
609 3429 672 3459 quae
694 3418 718 3447 se
743 3427 850 3448 uuntur
871 3418 902 3448 in
923 3418 1074 3449 codicibus
1100 3416 1274 3457 quibusdam
1295 3427 1312 3447 a
1333 3414 1377 3445 su-

448 3459 598 3490 verioribus
619 3428 762 3491 disiunga
784 3466 866 3489 erant
887 3457 1123 3499 interpunstinne
1138 3478 1148 3493 ‚
1176 3458 1206 3488 ὅ(
1230 3456 1377 3497 sequenti-

440 3505 866 3570 32¹⁵nssffi²eg³>i³do¹³m³3m¹i
883 3499 916 3529 ‘¹²
938 3494 1376 3570 {³“Lfai‘ji2⁰³⁰⁶spii¹s¹s‘¹³{‘sf·?‘’

662 3550 772 3573 1;a
814 3549 923 3569 on‘co
1079 3548 1149 3568 eoe
1239 3546 1378 3568 .riu-

441 3587 488 3609 ta:
519 3579 567 3610 ubi
594 3588 679 3610 voces
700 3580 787 3611 Urbis
807 3578 837 3610 ὅ(
858 3549 1098 3620 caonsenfianeapro
1117 3549 1192 3611 ordis
1221 3578 1253 3610 ἃ
1273 3575 1377 3615 conses-

438 3618 513 3656 stone
532 3619 673 3659 repositae.

478 3659 495 3702 *i
518 3661 612 3690 Antea
628 3680 636 3695 ‚
655 3661 694 3690 ad
715 3659 833 3689 Italiam
850 3660 984 3701 pervenit
1004 3660 1036 3690 in
1064 3658 1161 3689 urbem
1177 3682 1187 3692 .
1218 3657 1318 3689 Aliam
1340 3656 1380 3686 le-

444 3697 576 3729 flfflnem
597 3708 693 3730 tuetur
715 3704 876 3737 Ponticus,
898 3701 1023 3740 sequitur
1044 3699 1176 3731 Labbeus
1192 3719 1202 3735 ‚
1229 3699 1260 3730 ἃ
1282 3697 1380 3738 praese·

446 3744 516 3767 runt
538 3738 602 3769 ΜΠ.
620 3740 706 3770 Colb.
730 3739 789 3770 duo
809 3742 839 3771 &
861 3749 917 3771 tres
941 3741 990 3771 alii
1019 3751 1036 3771 a
1057 3740 1188 3770 Pontaco
1210 3740 1294 3770 citati
1310 3759 1319 3775 ,
1347 3748 1382 3770 ac

450 3777 635 3818 Augustanus
654 3779 762 3818 codex,
782 3790 869 3820 quem
892 3781 939 3813 ille
960 3781 1067 3822 ubique
1088 3780 1275 3813 Ulricianum
1286 3788 1383 3813 vocat.

1394 166 2111 241 1AQut‘rAN1

1412 260 1627 305 fidentium
1660 259 1964 317 vandalorum,
1990 261 2035 303 iri
2063 261 2149 319 ipso
2179 261 2335 306 dierum

1411 321 1570 365 suorum
1601 320 1681 362 fine
1713 318 1959 378 respondens
1979 350 1992 374 ,
2021 322 2060 363 &
2091 316 2259 380 gloriose
2291 324 2335 365 in

1402 378 1646 426 confessione
1690 378 1933 424 Christianae
1972 381 2112 440 gratiae
2153 381 2336 441 perseve-

1400 457 1517 487 rans.

1501 502 1646 540 BASSO
1670 499 1737 537 ET
1763 499 2029 540 ANTIOCHO
2054 500 2178 539 COSS.

1462 553 1729 612 Congregata
1760 549 1870 607 apud
1900 551 2110 610 Ephesum
2149 552 2237 610 plus
2267 549 2337 593 du-

1401 624 1617 656 centorum
1649 610 1815 667 Synodo
1847 611 2106 656 Sacerdotum
2137 642 2150 665 ‚
2191 610 2340 654 Nesto·

1401 673 1482 714 rius
1512 682 1605 730 cum
1641 669 1779 715 haerefi
1819 671 1997 715 nominis
2037 671 2127 726 fui,
2166 672 2205 713 &
2245 685 2338 713 cum

1403 733 1542 790 multis
1574 730 1800 788 Pelagianis
1820 760 1834 786 ‚
1871 733 1940 792 qui
1970 737 1987 766 ⁸
2018 743 2240 790 cognatum
2279 745 2339 773 er-

1403 795 1485 839 rori
1516 793 1582 839 suo
1612 791 1807 848 juvabant
1836 789 2007 849 dogma,
2035 790 2276 835 damnatur.

1425 907 1428 911 ,
1465 853 1534 897 Ad
1565 855 1702 898 Scotos
1732 852 1776 894 in
1810 850 2020 895 Christum
2048 851 2259 895 credentes
2276 866 2339 894 or-

1404 913 1569 959 dinatur
1599 927 1625 957 a
1655 913 1766 972 Papa
1798 906 2015 955 Caelestino
2047 911 2271 966 Palladius,
2299 913 2339 955 8<

1403 975 1559 1034 primus
1590 971 1814 1029 Episcopus
1849 971 2052 1015 mittitur.

1504 1035 1662 1075 AETIO
1687 1031 1756 1072 ΕΤ
1781 1034 2006 1072 VALERIO
2031 1035 2154 1071 coss,
2231 1076 2233 1079 ,

1471 1085 1670 1128 Romanae
1710 1082 1896 1126 Ecclefiae
1946 1084 2082 1126 XLII.
2124 1078 2342 1142 praeficitur

1404 1143 1629 1206 Episcopus
1661 1139 1898 1196 XISTUS‚
1928 1142 2046 1184 annis
2087 1154 2219 1185 v111.
2259 1139 2342 1184 die-

1404 1206 1478 1252 bus
1509 1219 1612 1251 x1x.
1644 1206 1664 1236 ¹⁸
1693 1202 1818 1245 totius
1830 1201 1957 1245 Urbis
1979 1216 2079 1262 pace
2110 1203 2150 1248 ὃς
2180 1199 2344 1244 consen*

1406 1266 1515 1310 fione
1546 1262 1750 1307 mirabili.

1465 1322 1697 1369 Bonifacius.
1738 1322 1803 1367 ab.
1844 1321 1988 1364 Africa
2035 1321 2085 1366 ad
2125 1321 2292 1364 Italiam
2322 1317 2334 1346 ¹

1402 1399 1478 1445 per
1508 1383 1670 1429 Urbem
1700 1383 1841 1437 venit,
1870 1395 2038 1440 accepta
2060 1379 2249 1441 Magistri
2268 1380 2346 1421 mi-

1408 1447 1530 1488 litum
1560 1442 1764 1503 dignitate
1795 1458 1811 1485 :
1841 1445 1910 1501 qui
1940 1457 2033 1486 cum
2063 1442 2136 1486 fibi
2165 1439 2345 1484 resisten-

1406 1519 1495 1549 tem
1525 1505 1698 1546 Aetium
1729 1504 1867 1560 praelio
1898 1502 1939 1546 su
1972 1502 2113 1547 erasset
2141 1531 2156 1556 ,
2194 1513 2345 1560 paucos

1405 1563 1493 1625 post
1523 1563 1608 1606 dies
1638 1563 1782 1606 morbo
1811 1563 1928 1608 extin
1970 1578 2013 1605 us
2044 1562 2122 1606 est.

1466 1624 1613 1669 Aetius
1651 1636 1751 1666 vero
1791 1637 1885 1667 cum
1923 1622 2105 1682 deposita
2145 1622 2344 1681 potestate

1406 1688 1450 1733 in
1482 1699 1580 1744 agro
1609 1682 1678 1725 suo
1708 1681 1899 1741 degeret,
1926 1684 2063 1741 ibique
2084 1697 2179 1726 eum
2208 1684 2228 1711 ¹³
2258 1684 2345 1741 qui-

1408 1746 1505 1792 dam
1534 1743 1724 1789 inimicus
1755 1743 1839 1799 ejus
1858 1745 2076 1800 repentino
2096 1741 2254 1786 incursu
2274 1757 2365 1800 op·›

1409 1808 1589 1866 primere
1619 1802 1810 1848 tentasset
1841 1819 1856 1859 ;
1886 1803 2076 1862 profugus
2106 1801 2158 1847 ad
2170 1804 2350 1855 Urbem,

1410 1880 1531 1924 atque
1563 1865 1677 1908 illinc
1707 1863 1759 1905 ad
1780 1863 2067 1917 Dalmaciam,
2095 1861 2241 1906 deinde
2273 1876 2349 1921 per

1410 1926 1669 1986 pannoniam
1702 1923 1752 1965 ad
1786 1924 1968 1967 Himnos
1999 1924 2191 1982 pervenit
2210 1953 2226 1977 ‚
2253 1937 2351 1981 quo-

1408 2001 1502 2032 rum
1533 1984 1717 2028 amicitia
1759 1984 1992 2041 auxilioque
2032 1984 2120 2027 usus
2151 2015 2167 2039 ,
2203 1996 2352 2041 pacem

1410 2047 1653 2104 Principum
1682 2046 1693 2070 ¹
1722 2045 1773 2092 &2
1791 2044 1852 2099 jus
1881 2044 2139 2099 interpolatae
2175 2041 2351 2097 potesta.-

1408 2108 1466 2149 tis
1495 2101 1703 2158 obtinuit-

1510 2158 1807 2199 THEODOSIO
1817 2160 1912 2194 XIV.
1924 2160 1992 2195 ET
2000 2160 2213 2196 MAXIMO
2223 2160 2349 2196 COSS.

1465 2216 1494 2235 ”¹
1526 2209 1721 2252 Maxima
1753 2209 1860 2249 urbis
1902 2209 2020 2266 regiae
2051 2224 2144 2266 pars
2177 2210 2352 2265 Septen-

1412 2269 1598 2316 trionalis
1629 2280 1704 2327 per
1735 2278 1818 2310 tres
1847 2266 1932 2311 dies
1961 2271 2175 2311 continuos
2213 2279 2354 2308 incen-

2251 2322 2295 2366 sa.

1449 2418 1469 2447 k
1490 2414 1596 2446 Editio
1618 2413 1693 2445 Lab.
1712 2410 1743 2443 δι
1766 2412 1827 2446 Ms.
1847 2421 1924 2443 unus
1943 2412 2086 2450 ventui,
2107 2411 2202 2452 ibique
2220 2410 2356 2450 cumqui—

1410 2458 1479 2486 dam
1499 2455 1612 2484 inimici
1630 2453 1691 2491 ejus
1711 2454 1856 2493 repentino
1875 2461 1938 2482 eum
1958 2454 2071 2490 incursu
2089 2449 2358 2494 opprime-retentas-

1426 2504 1474 2525 ἐκ
1484 2514 1494 2525 ο

1412 2496 1434 2534 s
1455 2535 1465 2564 l
1486 2536 1535 2564 Ita
1561 2538 1711 2562 mutatum
1730 2539 1749 2560 a
1771 2529 1907 2560 Pontaco
1925 2529 1956 2561 ἃ
1979 2529 2115 2566 Labbeo,
2134 2538 2188 2570 pro
2202 2531 2307 2560 *Anius
2315 2529 2362 2559 in-

1416 2575 1575 2614 terpeltatae
1593 2572 1678 2612 pacis
1694 2590 1704 2606 ,
1734 2570 1839 2610 secutis
1860 2570 1925 2600 Mss.
1946 2571 2042 2611 plures
2069 2581 2087 2602 a
2107 2571 2198 2611 priori
2226 2571 2333 2601 citatos
2348 2588 2360 2606 ‚

1417 2615 1526 2655 quibus
1545 2613 1648 2644 favent
1669 2608 1726 2640 ΜΓ.
1747 2611 1833 2642 Colb.
1856 2619 1949 2648 unus,
1975 2610 2007 2642 δι·
2027 2610 2101 2642 alter
2122 2611 2213 2642 etiam
2234 2621 2286 2651 pro
2307 2620 2361 2641 vo-

1419 2665 1451 2685 ce
1468 2653 1635 2695 potestatis.
1657 2650 1745 2682 Diae.
1764 2660 1865 2682 autem
1885 2650 1937 2684 lib.
1961 2660 1999 2688 ¹4
2030 2651 2158 2682 reserens
2168 2658 2262 2683 totam
2274 2650 2359 2682 issam

1419 2694 1599 2726 sententiam
1623 2693 1666 2724 ita
1684 2691 1805 2727 scribit,
1824 2693 1927 2723 Pacem
1942 2693 2099 2733 principum
2117 2692 2221 2723 Aetius
2239 2701 2303 2722 cum
2318 2701 2361 2720 ve-

1419 2744 1499 2775 ceptu
1521 2734 1698 2774 interpolata·
1715 2732 1863 2774 potestatis
1881 2731 2003 2762 obtinuit
2017 2752 2026 2768 ,
2054 2742 2105 2761 nec
2124 2732 2214 2762 multo
2229 2730 2288 2771 post
2303 2739 2361 2771 pa-

1418 2775 1556 2804 triciatus
1577 2773 1665 2803 etiam
1685 2775 1857 2813 dignitatem
1886 2772 2005 2810 adeptus
2030 2771 2069 2810 es?
2082 2791 2091 2801 .
2119 2771 2235 2807 Quibus
2264 2770 2360 2801 verbis

1419 2825 1482 2846 nnn
1505 2813 1596 2844 solum
1618 2813 1776 2843 confirmat
1797 2811 2112 2846 nostramlefflonem,
2131 2811 2277 2842 sedetiam
2294 2816 2364 2842 eam

1423 2854 1555 2895 explicat
1570 2875 1579 2883 .
1604 2854 1712 2884 Tradit
1731 2852 1821 2882 etiam
1843 2851 2010 2889 sigebertus
2029 2852 2065 2882 ad
2086 2861 2135 2882 an.
2154 2851 2264 2882 christi
2291 2858 2360 2889 435.

1424 2895 1544 2926 Aetium
1560 2894 1621 2933 sese
1639 2892 1784 2930 contuliffe
1800 2892 1841 2922 ad
1859 2892 1995 2931 Rugitam
2003 2903 2093 2931 regem
2112 2892 2300 2926 Hunnorum,
2320 2890 2361 2921 <9¹

1425 2936 1489 2974 ejus
1509 2935 1618 2965 auxilio
1635 2933 1778 2974 regreffum
1797 2932 1837 2962 ad
1856 2933 2016 2962 Romanum
2027 2932 2140 2970 salum:
2166 2930 2199 2962 &
2217 2941 2299 2961 anno
2319 2930 2362 2960 se·

1425 2977 1546 3017 quenti,
1567 2973 1669 3004 Aetius
1687 2974 1719 3003 in
1731 2974 1859 3014 gratiam
1869 2973 2018 3013 recipitur.
2038 2971 2279 3011 Hincintelliges
2286 2979 2363 3011 quo·

1427 3015 1518 3046 modo
1540 3014 1643 3045 Aetius
1663 3013 1788 3054 pristino
1807 3012 1910 3053 gradui
1931 3013 2076 3043 restitutus
2095 3009 2200 3048 suerit,
2221 3011 2270 3041 ubi
2292 3009 2363 3041 tesle

1426 3056 1567 3094 Prospero
1585 3054 1727 3086 devicerit
1749 3052 1994 3093 Burgundionum
2014 3061 2110 3092 regem
2124 3070 2134 3087 ‚
2162 3051 2192 3082 δι
2220 3050 2364 3082 Patricius

1427 3096 1457 3126 ἃ
1477 3095 1591 3127 Consul
1612 3095 1701 3126 tertio
1721 3093 1814 3125 faesus
1835 3093 1868 3123 sit
1881 3113 1892 3128 ,
1919 3091 1950 3124 δι
1980 3092 2073 3122 multa
2093 3091 2194 3131 praelia
2219 3091 2336 3132 gesserit
2353 3110 2364 3126 ,

1427 3136 1518 3177 usque
1539 3137 1570 3167 in
1591 3145 1703 3167 annum
1724 3143 1772 3173 30.
1794 3133 2017 3168 Valentiniani,
2039 3135 2120 3166 euius
2135 3141 2226 3162 manu
2246 3129 2366 3162 interfe-

1425 3175 1488 3206 ἕως
1509 3176 1583 3212 fuit,
1604 3183 1638 3206 ut
1657 3176 1700 3206 ait
1719 3174 1839 3214 Prosper
1858 3173 1963 3210 Pitoei,
1983 3171 2015 3203 ἃ
2036 3172 2088 3203 alii
2099 3172 2269 3213 scriptores.
2290 3172 2366 3202 Pen-

1426 3226 1486 3248 tac.
1505 3217 1559 3248 col.
1581 3218 1647 3252 784.
1672 3216 1742 3251 785-

1471 3268 1499 3288 m
1521 3257 1581 3288 Hic
1601 3255 1632 3287 &
1653 3256 1772 3296 sequens
1791 3253 1924 3290 articuli,
1941 3252 2034 3295 quiin
2043 3250 2369 3285 MffiPontaei&Colb.

1429 3298 1544 3329 duobus
1563 3306 1625 3326 non
1647 3295 1806 3333 leguntur,
1836 3304 1889 3324 nec
1910 3295 1941 3324 in
1963 3293 2033 3325 edit.
2057 3294 2128 3328 Lab.
2156 3294 2303 3326 habentur
2331 3291 2368 3322 ad

1433 3337 1571 3370 eumdem
1592 3334 1788 3366 Consulatum
1819 3335 1894 3375 apud
1922 3334 2129 3367 Marcellinum
2157 3335 2186 3365 ἃ
2217 3334 2369 3364 Socratem

1434 3380 1485 3410 lib.
1505 3387 1535 3416 7.
1555 3385 1618 3415 cap.
1640 3384 1687 3413 39.
1710 3375 2015 3414 lnteingeperurbem
2024 3376 2152 3416 regiam,
2174 3374 2274 3405 urbem
2285 3373 2372 3403 Coum

1434 3416 1675 3455 {lantinopolirm
1696 3416 1762 3446 Nec
1782 3416 1905 3446 duoium
1925 3417 1997 3455 quin
2020 3418 2133 3448 viveret
2154 3424 2217 3446 tum
2238 3415 2370 3450 Joannes

1435 3458 1604 3490 Cassianus,
1626 3457 1707 3490 cujus
1728 3454 1840 3486 exstant
1859 3456 2045 3487 Collationes
2065 3458 2201 3490 Parrum,
2223 3451 2370 3494 &quilib

1436 3510 1466 3535 7.
1485 3497 1520 3527 de
1544 3497 1747 3526 incarnatione
1768 3497 1844 3526 circa
1866 3496 1954 3527 finem
1978 3497 2096 3528 testatur
2116 3501 2142 3528 se
2161 3494 2371 3535 suissediscipu-

1437 3541 1499 3569 luni
1521 3538 1646 3573 joannis
1666 3536 1887 3576 Chrysoslomi,
1908 3547 1994 3578 quein
2015 3546 2102 3570 antea
2123 3537 2240 3576 Prosper
2249 3537 2370 3575 vocavit

1440 3580 1586 3616 Ioannem
1607 3576 1993 3617 constantinopolitanum.
2013 3578 2068 3608 Sed
2091 3589 2151 3610 non
2172 3577 2212 3607 est
2233 3573 2371 3606 verisimi-

1439 3620 1466 3651 le
1487 3623 1500 3658 (
1521 3618 1563 3648 ait
1585 3617 1730 3647 Pontacus
1751 3619 1764 3654 )
1786 3617 1956 3658 Prosperum
1984 3617 2047 3656 ejus
2071 3618 2254 3649 mentionem
2277 3609 2371 3643 secisse

1441 3669 1503 3692 tam
1525 3657 1735 3693 honorificam,
1756 3664 1857 3689 contra
1876 3669 1961 3700 quem
1983 3659 2125 3698 scripserit
2141 3662 2287 3695 tamquam
2310 3661 2372 3681 ma-

1442 3702 1468 3731 le
1488 3699 1663 3730 sentientem
1685 3698 1720 3728 de
1741 3697 1796 3728 side
1816 3700 1981 3730 orthodoxa
2001 3708 2068 3729 cum
2080 3698 2257 3738 pelagianis:
2280 3700 2375 3722 utno-

1444 3749 1487 3772 tat
1509 3738 1698 3769 Marcellinus
1718 3739 1767 3769 sub
1786 3738 1936 3771 consulatu
1955 3739 2117 3771 Theodosii
2146 3741 2189 3767 ιε.
2217 3734 2248 3765 ἃ
2269 3732 2375 3763 testan—

1446 3787 1494 3814 tur
1514 3781 1575 3817 ejus
1595 3786 1682 3820 opera
1695 3800 1704 3810 .
1732 3780 1805 3811 Haec
1827 3779 1996 3818 Pontacus,
2023 3781 2075 3821 qui
2096 3779 2127 3811 in
2146 3774 2225 3808 notis
2250 3772 2375 3845 Psu7b83·
