2652 4126
32 459 35 464 ,
84 432 200 468 vocati,

471 250 473 253 ⁴
506 235 604 283 'ET
645 222 917 284 HtsTOR·
956 222 1244 283 SEMIPEL
1288 238 1917 286 LUCEMtAFFERUNT.
1960 227 1978 277 ff

32 319 37 357 ζ
82 313 191 384 {⁶⁰¹sp
260 318 439 367 ’Dm-supr:
455 317 573 375 Posui,
599 317 759 361 ,Quoniam
788 330 867 365 quos
890 326 968 353 ante
993 314 1163 364 praessivit
1180 341 1193 362 ,

24 368 37 402 's
82 360 242 434 pssffiuffio'
260 367 304 404 Θ·
320 366 566 415 pradestinavit
585 368 758 412 conformes
776 366 927 415 imaginis
936 366 1020 401 Filii
1037 369 1129 411 ejus,
1155 375 1192 400 ut

254 416 300 461 fit
319 419 384 466 ipse
399 417 630 466 primogenitus
648 418 682 452 in
702 418 815 453 multis
829 417 1010 465 fratribus.
1037 418 1124 460 Qos
1134 429 1191 451 au-

84 473 135 503 soli
149 480 224 517 ,pref
259 478 322 503 tem
335 468 603 515 praedestinavit,
628 467 923 512 illosffvocavit,
947 467 1070 522 scilicet
1081 467 1192 504 secun·

33 554 36 558 ¹
83 511 243 547 destinati.
258 519 341 557 dum
360 521 590 568 propositum3
613 529 690 564 quos
716 527 823 552 autem
850 517 1010 561 vocavit,
1033 517 1116 564 ipsos
1146 516 1191 550 Θ·

36 567 38 571 ’
122 587 125 589 ·
255 567 455 613 justfficavit
465 583 481 611 ;
515 580 592 613 quos
619 576 755 609 autenm
786 566 1004 611 justificavit,
1031 566 1116 612 ipsos
1145 566 1189 600 (9⁵

252 618 478 666 glorificavit.
506 618 566 656 Illa
584 621 697 656 omnia
715 621 781 663 jam
798 617 986 661 famarm,
1007 615 1188 663 praefhs'vit‚

254 667 522 715 predestinavit,
549 667 708 712 vocavit,
730 665 950 710 justificavit3
975 670 1134 716 quoniam
1154 671 1188 704 &

258 731 373 756 omncs
389 721 452 764 iam
473 717 609 766 praesciti
628 731 664 754 ac
684 718 896 766 praedestinati
914 717 1009 760 sunt,
1033 721 1067 754 δι
1095 717 1191 753 multi

258 771 325 816 jam
341 771 450 807 vocati
467 779 565 815 atque
585 767 764 814 justificati:
788 769 881 816 quod
900 779 1012 804 autem
1031 767 1139 814 posuit
1158 770 1190 803 in

259 819 348 862 fine,
362 816 448 859 ¹illos
467 816 510 851 &¹
523 816 747 863 glorificavit,
771 822 788 861 (
806 818 828 854 fi
848 818 985 866 quidem
1003 816 1056 853 illa
1085 817 1190 864 gloria

16 863 19 866 ’
83 879 148 911 Col.
170 889 195 918 3.
212 889 240 915 4-
260 867 307 904 est
325 865 623 915 hic'intelligenda,
646 868 759 914 dequa
769 868 858 904 idem
868 868 971 911 dicit,
995 868 1082 901 Cum
1094 865 1190 900 Chri-

250 915 324 960 stus
340 917 531 964 apparuerit
548 917 625 951 vita
641 915 752 959 vestra
763 941 774 960 ,
799 927 874 951 tunc
897 916 940 952 (9‘
958 928 1019 952 vos
1037 927 1107 951 cum
1128 914 1186 950 illo

257 965 456 1013 apparebitis
466 966 632 1013 ingloria:
660 968 834 1011 )nondum
843 967 964 1005 factum
973 967 1040 1005 est.
1061 970 1188 1015 Qam·

259 1020 308 1054 vis
332 1021 367 1056 δε
393 1017 448 1055 illa
465 1017 557 1060 duo,
584 1018 618 1054 id
646 1018 714 1060 est,
739 1018 875 1052 vocavit
903 1023 938 1055 &
960 1015 1157 1061 justificavit
1177 1021 1190 1059 ‚'

259 1079 327 1103 non
347 1071 381 1104 in
398 1066 555 1106 omnibus
574 1067 657 1104 faeta
675 1068 756 1112 fint,
781 1067 822 1104 de
841 1066 958 1116 quibus
983 1067 1070 1104 dieta
1097 1066 1190 1103 suntz

101 1116 243 1162 Praeteritj
259 1116 369 1155 adhuc
387 1121 473 1156 enim
490 1117 593 1166 usque
612 1121 645 1154 in
666 1118 770 1156 finem
790 1117 896 1157 saeculi
921 1116 1021 1155 multi
1051 1116 1190 1153 vocandi

83 1169 137 1200 1²¹⁰
153 1158 243 1203 futiffl
259 1171 294 1207 &
313 1167 504 1215 justificandi
525 1167 618 1206 sunt:
646 1173 682 1206 &
699 1180 808 1207 tamen
827 1168 926 1207 verba
945 1170 1096 1215 praeteriti
1110 1178 1194 1202 tem·

83 1206 245 1270 ἱᾞξξῖζ,
260 1221 352 1265 poris
388 1217 497 1266 posuit
529 1218 571 1254 de
607 1217 704 1256 rebus
728 1223 825 1256 etiam
850 1217 970 1256 fiituris
989 1243 1001 1260 ,
1027 1227 1192 1264 tamquam

79 1278 230 1318 Scriptura
260 1269 324 1312 iam
342 1267 457 1305 fecerit
475 1272 588 1312 Deus,
613 1282 688 1316 quae
713 1271 778 1315 iam
803 1281 840 1306 ut
865 1267 983 1305 fierent
1007 1281 1049 1304 ex
1066 1269 1190 1303 aeterni·

80 1326 191 1351 umor·
259 1327 324 1357 tate
348 1318 508 1367 disposuit
526 1345 536 1353 .
572 1319 655 1357 Ideo
688 1320 731 1357 de
763 1318 940 1358 illodicit
964 1322 999 1354 &
1027 1315 1191 1365 propheta

22 1415 23 1418 Ἰ
80 1358 141 1428 Isse?
153 1367 244 1429 ἔξω,
258 1366 372 1412 Isaias,
395 1368 463 1411 Qu·
472 1366 556 1412 fecit
574 1380 646 1414 quae
660 1370 776 1414 futura
791 1368 892 1413 sunt.
918 1371 1134 1414 Qicumque
1143 1378 1192 1402 er·

84 1438 183 1468 Elecii
195 1449 243 1478 pe·
259 1421 356 1464 goin
380 1421 447 1456 Dei
472 1419 750 1468 providentiffima
775 1418 987 1468 dispofitione
1014 1416 1155 1466 praesciti
1179 1440 1193 1459 ,

85 1478 142 1511 rire
163 1488 224 1510 non
260 1468 499 1516 predestinati,
523 1472 651 1513 vocati,
677 1468 860 1512 iustificati,
885 1468 1060 1516 glorificati
1079 1466 1154 1504 sunt
1178 1490 1191 1509 ,

82 1518 212 1558 ponunt.
259 1531 328 1556 non
347 1519 425 1556 dico
449 1522 546 1566 etiam
570 1519 722 1557 nondum
747 1523 851 1556 renati
871 1544 884 1561 ‚
907 1518 963 1561 sed
986 1522 1083 1554 etiam
1109 1529 1192 1552 non-

258 1568 339 1606 dum
364 1572 453 1613 nati,
476 1570 540 1615 jam
565 1568 626 1607 filii
650 1572 718 1607 Dei
744 1569 840 1611 sunt,
865 1574 900 1607 &
924 1571 1065 1604 omnino
1085 1569 1193 1614 perire

258 1630 328 1654 non
362 1617 490 1667 possunt
507 1645 517 1655 .
550 1622 599 1658 Hi
634 1633 711 1657 vere
745 1624 881 1657 veniunt
914 1619 956 1656 ad
982 1616 1192 1656 Christum;

258 1671 334 1715 quia
358 1672 403 1705 ita
422 1671 579 1714 veniunt,
603 1669 780 1718 quomodo
790 1669 855 1717 ipii:
865 1670 968 1712 dicit,
994 1665 1191 1713 Omnequod

74 1715 163 1752 Joan.
181 1717 212 1750 6.
258 1717 320 1751 dat
339 1717 418 1752 mibi
437 1718 561 1764 Pater,
584 1718 633 1754 ad
654 1731 702 1753 me
721 1721 831 1753 veniet
858 1734 868 1759 3
893 1717 936 1753 (9'
955 1730 1024 1752 eum
1054 1716 1111 1764 qui
1131 1727 1190 1749 ve-

83 1764 150 1827 {Zia
258 1766 306 1800 nit
326 1767 373 1808 ad
390 1779 460 1811 me,
486 1781 547 1802 non
577 1768 705 1812 ejiciam
727 1769 821 1814 foras
845 1797 854 1808 .
879 1772 925 1807 Et
952 1767 1052 1817 paulo
1077 1765 1151 1816 post
1177 1791 1190 1809 ,

151 1816 158 1824 ”
179 1804 227 1834 39”
257 1817 336 1856 Haeo
354 1815 419 1862 est,
442 1821 574 1866 inquit,
599 1812 755 1857 &tuntas
777 1820 847 1863 ejus
866 1819 925 1865 qui
944 1817 1029 1859 misit
1049 1828 1099 1851 me
1120 1816 1189 1850 Pa-

256 1866 338 1909 tris,
363 1875 400 1901 ut
417 1879 506 1901 omne
524 1868 610 1914 quod
630 1868 724 1903 dedit
743 1868 821 1903 mihi
840 1881 902 1902 non
919 1867 1056 1915 perdam
1077 1878 1114 1900 ex
1134 1877 1168 1899 eo
1180 1892 1188 1902 .

257 1914 315 1954 Ab
341 1916 402 1955 illo
427 1929 509 1965 ergo
532 1919 629 1956 datur
653 1922 753 1956 etiam
780 1920 1013 1969 perseverantia
1040 1921 1072 1954 in
1098 1915 1191 1953 bono

257 1965 357 2015 usque
383 1970 417 2003 in
443 1968 564 2005 finem:
589 1981 697 2017 neque
722 1974 812 2007 enim
837 1969 954 2011 datur,
979 1967 1038 2005 nifi
1063 1970 1108 2003 cis
1131 1968 1190 2013 qui

256 2029 331 2054 non.
363 2017 523 2065 peribunt
548 2031 560 2058 3
592 2022 753 2067 quoniam
787 2021 845 2068 qui
879 2031 947 2056 non
982 2015 1190 2067 perseverant

119 2108 214 2140 ΗΘ,
258 2067 432 2113 peribunt.
1147 2096 1150 2097 γ

77 2117 240 2181 Deusefadit

77 2189 167 2219 etiam
177 2199 242 2252 pec:
256 2227 296 2253 ut

77 2236 225 2299 Ξῖἱῗορίτιῗ
257 2267 356 2305 etiam
379 2263 448 2302 hoc
473 2263 583 2312 ipsum
607 2268 652 2300 eis
678 2263 772 2300 faciat
799 2262 959 2311 proficere
983 2265 1017 2299 in
1043 2261 1194 2303 bonum,

77 2308 239 2387 22⁰227·
258 2317 336 2364 quia
361 2311 557 2352 humiliores
582 2313 719 2350 redeunt
728 2324 826 2361 atque
835 2313 1024 2350 domares.
1050 2310 1194 2349 Discunt

81 2386 128 2426 ΡΥ.
151 2397 180 2420 2.
199 2395 240 2418 ιι.

307 2128 367 2163 24.-
392 2115 533 2156 Talibus
542 2120 635 2153 Deus
659 2117 873 2161 diligentibus
899 2129 975 2153 cum
991 2120 1153 2154 omniaco

256 2177 389 2216 petatur
404 2169 448 2202 -in
474 2163 605 2202 bonum
630 2178 640 2202 ς
665 2165 767 2212 usque
792 2164 875 2200 adeo
900 2165 1033 2211 prorsus
1058 2169 1192 2204 omnia,

318 2219 418 2255 etiam
441 2214 466 2252 fi
490 2217 550 2264 qui
580 2226 697 2251 eorum
733 2213 865 2251 deviant
900 2216 936 2249 δι
969 2211 1156 2249 exorbitant
1182 2234 1195 2253 ,

257 2412 400 2455 debere,
425 2425 494 2451 non
519 2411 578 2450 fibi
601 2414 786 2461 arrogando
810 2425 978 2460 tamquam
995 2412 1037 2449 de
1057 2411 1111 2449 sua
1129 2414 1195 2447 vir-

258 2474 333 2500 tute
355 2462 515 2499 fiduciam
543 2464 777 2508 pei-mendi,
801 2463 1017 2500 necdicendo
1043 2464 1077 2496 in
1090 2459 1190 2495 abun·

257 2513 366 2550 dantia
382 2511 456 2554 sua,
483 2513 573 2552 Non-
589 2510 780 2552 movebitur
797 2515 832 2548 in
849 2522 1025 2548 aeternum.
1052 2513 1196 2555 Propter

99 2578 219 2614 sende„
257 2562 351 2610 quod
370 2564 417 2598 eis
433 2561 579 2601 dicitur,
604 2559 739 2598 servite
759 2560 899 2594 Domino
918 2558 951 2591 in
981 2558 1091 2591 timore
1109 2582 1118 2598 ‚
1147 2554 1191 2588 (3⁵

78 2623 149 2653 dum
178 2600 241 2653 Do'-
258 2611 402 2645 exultate
421 2610 451 2645 εἰ
467 2621 538 2645 cum
558 2618 694 2646 tremore
710 2634 722 2652 ,
745 2621 786 2642 no
809 2608 935 2654 quando
954 2606 1113 2652 irascatur
1124 2605 1192 2638 Do-

81 2663 168 2694 mino
190 2663 220 2692 in
258 2659 386 2705 minus,
411 2657 455 2694 (9⁹
471 2658 675 2705 pereatis-*de
693 2658 753 2692 via
774 2657 881 2703 justa.
907 2661 1028 2704 Neque
1037 2659 1125 2693 enim
1135 2658 1191 2697 ait,

80 2701 240 2738 timum&
258 2715 293 2748 δι
319 2722 390 2747 non
415 2711 549 2750 veniatis
573 2708 614 2747 ad
641 2712 729 2746 viam
753 2707 893 2754 justami
915 2707 994 2750 sed,
1019 2717 1058 2739 ne
1080 2715 1191 2752 perea-

79 2742 240 2814 {ffg‘ffi‘m
259 2759 323 2806 tis,
348 2762 478 2808 inquit,
505 2757 545 2792 de
565 2757 625 2791 via
643 2756 736 2800 iusta
762 2774 772 2795 ι
797 2759 879 2806 quid
906 2756 1077 2794 ostendens
1096 2781 1109 2798 ,
1135 2755 1192 2792 nifi

80 2831 222 2854 tremore.
258 2823 317 2848 eos
341 2808 402 2848 effe
426 2811 676 2851 commonitos,
702 2811 761 2854 qui
788 2810 853 2853 jam
889 2806 1056 2844 ambulant
1083 2809 1116 2842 in
1143 2809 1193 2842 via

81 2865 164 2896 Rom.
185 2869 232 2890 ¹1·
259 2861 365 2907 justa,
391 2871 428 2896 ut
454 2863 486 2896 iu
514 2862 636 2896 timore
660 2861 739 2896 Deo
765 2857 936 2900 serviant,
970 2857 1004 2893 id
1030 2854 1078 2892 est
1095 2882 1107 2899 ‚
1132 2867 1193 2889 non

258 2910 362 2944 altum
385 2910 517 2956 sapiant
536 2933 549 2952 ,
575 2907 638 2954 sed
673 2907 805 2941 timeam
830 2910 842 2945 3
878 2907 970 2955 quod
998 2905 1156 2953 fignificat
1181 2930 1194 2948 ,

259 2973 328 2997 non
352 2958 560 3007 superbiant,
584 2957 639 3000 sed
665 2956 807 2996 humiles
831 2957 910 2994 fint:
941 2956 1029 2993 unde
1054 2959 1089 2992 δε
1114 2954 1191 2992 alibi

259 3011 364 3052 dicit,
387 3009 463 3044 Non
481 3008 551 3041 alta
563 3006 725 3053 sapientes
738 3006 798 3052 sed
816 3005 991 3041 humilibus
1002 3005 1192 3050 consentien-

85 3061 246 3101 “Cypriam
262 3068 310 3092 tes
334 3071 343 3092 =
365 3058 515 3102 exultent
540 3059 639 3100 Deo,
666 3057 720 3094 std
744 3069 823 3093 cum
848 3068 1018 3094 tremore3
1042 3054 1192 3092 in*nu1-

86 3099 245 3140 ²¹5·3·'‘st·
262 3107 301 3146 lo
323 3107 520 3156 gloriantes,
546 3108 683 3155 quando
707 3106 856 3144 nostrum
881 3106 968 3143 nihil
991 3106 1054 3145 fit}
1075 3117 1112 3142 ut
1129 3103 1191 3152 qui

92 3154 116 3172 τ’
135 3151 165 3177 4-
263 3158 444 3206 gloriatur,
468 3161 503 3194 in
527 3160 683 3196 Domino
706 3157 866 3204 glorietur
891 3172 903 3193 ε
927 3170 973 3193 ne·
995 3166 1126 3204 pereant
1150 3155 1193 3192 de

263 3212 315 3246 via
340 3206 442 3255 justa,
467 3210 500 3243 in
525 3220 590 3255 qua
615 3210 681 3254 jam
705 3206 871 3247 ambulare
889 3216 1089 3256 coeperunt,
1113 3205 1195 3242 dum

79 3263 147 3307 Jer2
161 3269 249 3307 syn-3.
263 3258 322 3296 fibi
347 3256 415 3294 hoc
439 3255 546 3305 ipsum
570 3258 748 3306 assignant,
772 3258 866 3305 quod
892 3260 924 3293 in
950 3269 985 3293 ea
1011 3256 1104 3294 sunt.
1130 3257 1195 3293 His

89 3301 199 3340 Ph¹¹¹P·
221 3310 248 3329 ²·
266 3306 378 3346 verbis
399 3306 474 3344 usus
500 3305 544 3342 est
569 3311 602 3348 δι,
626 3307 832 3356 Apostolus,
857 3306 914 3344 ubi
938 3310 983 3343 ait
1005 3331 1017 3349 ,
1043 3307 1126 3339 Cum
1152 3304 1194 3337 zi-

88 3353 166 3413 {gfd-
188 3391 235 3420 ¹3·
267 3369 350 3393 more
374 3356 417 3391 Θ·
442 3365 575 3390 tremore
600 3358 739 3400 vestram
765 3357 905 3403 ipsorum,
923 3355 1067 3402 salutem
1085 3364 1194 3401 opera-

267 3406 365 3443 mini.
390 3409 436 3444 Et
460 3405 631 3444 ostendens
654 3420 755 3456 quare
778 3420 857 3445 cum
884 3410 1003 3444 timore
1021 3409 1057 3443 δι
1073 3416 1194 3442 tremo·

269 3472 304 3496 re
329 3472 343 3495 .·
368 3457 460 3491 Deus
479 3455 522 3498 est
540 3455 644 3500 enim,
669 3461 798 3505 inquit,
822 3456 881 3503 qui
904 3466 1057 3503 operatur
1079 3454 1115 3488 'in
1135 3466 1193 3488 vo-

92 3501 140 3540 ΡΙ-
162 3503 249 3540 ²937·
267 3508 319 3543 bis
337 3504 381 3540 θ
399 3505 490 3539 velte
507 3504 554 3543 θ’
569 3506 693 3552 operari
709 3517 768 3553 pro
784 3508 869 3541 bona
889 3506 1056 3540 voluntate
1077 3530 1086 3539 .
1110 3508 1196 3542 Non

267 3562 358 3601 enim
383 3554 526 3593 habebat
551 3553 641 3593 hunc
665 3561 825 3595 timorem
849 3561 884 3594 δι
910 3569 1112 3599 tremorem,
1135 3558 1195 3602 qui

267 3607 396 3648 dicebat
422 3609 456 3643 in
480 3604 673 3644 abundantia
697 3607 774 3650 sua,
797 3606 874 3640 Non
890 3606 1079 3640 moveam-in
1105 3614 1192 3640 aeter-

268 3669 365 3694 num.
390 3656 452 3694 Sed
477 3658 554 3703 quia
579 3656 662 3692 filius
678 3668 746 3693 erat
765 3657 1006 3703 promiffionis,
1032 3668 1102 3691 non
1120 3667 1192 3703 per-

268 3710 426 3750 ditionis,
451 3716 605 3754 expertus
630 3710 707 3744 Deo
731 3705 1091 3753 paululumdeserente
1109 3703 1193 3751 quid

268 3757 343 3796 esset
366 3756 434 3807 ipsc
459 3770 469 3792 :
495 3755 632 3790 Domine
650 3782 662 3799 ,
685 3759 791 3803 inquit
814 3780 827 3798 ‚
859 3754 895 3789 in
928 3753 1095 3790 voluntate
1131 3762 1192 3786 tua

264 3805 442 3856 praeflitisti
465 3804 571 3841 decori
594 3817 660 3841 meo
685 3805 845 3841 virtutem
865 3818 875 3844 ς
899 3803 1053 3848 avertisti
1072 3802 1191 3848 faciem

357 3858 397 3894 S.
420 3853 573 3903 Prosper}
579 3882 590 3894 .

82 2914 123 2932 20

83 2944 166 2973 Ram·
191 2949 236 2971 12·

87 2985 135 3014 16.
151 3019 153 3021 Ι

93 3711 168 3744 lbid.
189 3713 219 3742 8.

257 2367 406 2403 enimin
429 2363 496 2412 ipsa
523 2365 575 2399 via
599 2361 680 2411 justa
705 2376 784 2400 cum
818 2374 966 2401 tremore
991 2362 1022 2399 se
1046 2361 1198 2398 exultare·

1637 297 1644 307 .
2070 250 2173 306 147

1252 323 1345 352 tuam
1363 330 1385 352 a
1402 330 1472 363 me,
1498 318 1542 354 Θ
1558 319 1667 364 fastus
1681 321 1751 365 sum
1768 321 1993 357 conturbatus.
2019 325 2107 359 Ecce
2116 325 2175 360 do-

1252 367 1357 411 ctior,
1383 373 1417 406 &
1443 367 1490 406 ob
1515 367 1584 407 hoc
1602 375 1709 408 ‘etiarn
1736 370 1920 416 humilior,
1946 375 2051 409 tenuit
2077 375 2177 416 viam,

1250 419 1313 463 jam
1340 419 1454 455 videns
1479 423 1513 456 δε
1540 421 1721 464 confitens,
1747 425 1780 458 in
1809 422 1976 461 voluntate
2001 421 2054 459 sua
2064 424 2178 459 Deum

1250 467 1365 504 decori
1392 470 1460 514 ejus
1487 469 1663 517 praestitiss‘e
1690 475 1846 511 virtutem
1872 489 1884 511 .-
1910 472 2003 521 quod
2027 470 2091 508 fibi>
2111 471 2180 520 ipse

1250 516 1396 554 tribuens
1420 523 1456 555 δι
1481 518 1522 555 de
1548 520 1578 555 se
1606 519 1796 566 praesumens
1821 526 1856 559 in
1891 522 1946 561 tali
1983 521 2181 560 abundantia

1249 579 1349 615 quam
1376 567 1568 616 praestiterat
1593 573 1715 615 Deus,
1751 584 1819 609 non
1854 574 1896 611 de
1929 573 1991 610 illo
2024 575 2180 621 quivcam

1248 617 1438 664 praestiterat
1471 619 1600 656 dicebat
1620 646 1630 663 ,
1664 620 1739 654 Non
1767 620 1925 657 movebor·
1946 621 1980 656 in
2001 633 2150 656 aeternum
2169 648 2178 657 .

1252 668 1368 704 Faetus
1403 667 1450 704 est
1485 681 1568 716 ergo
1610 669 1826 709 conturbatus
1854 698 1866 716 ,
1900 685 1938 710 ut
1984 672 2014 709 se
2056 674 2180 709 inveni-

1250 727 1302 753 ret
1328 742 1341 760 ,
1376 721 1409 754 &
1449 717 1621 756 humiliter
1656 719 1779 768 sspicns
1808 747 1819 765 ,
1853 736 1922 760 non
1950 722 2052 760 solum
2089 733 2180 759 mter-

1250 779 1301 803 nae
1337 770 1442 810 vitae,
1476 781 1593 805 verum
1627 773 1726 808 etiam
1761 776 1795 808 in
1830 771 1892 809 hac
1919 777 1984 810 vita
2019 777 2081 821 piae
2099 783 2183 808 con-

1250 817 1441 854 versationis
1476 822 1510 855 δε
1547 819 1785 866 perseverantiae
1813 848 1826 865 ,
1861 827 1895 859 in
1931 836 2002 871 quo
2027 822 2096 869 spes
2122 820 2180 858 ha-

1249 866 1357 904 benda
1392 865 1466 903 ess‘et
1496 893 1507 910 ,
1542 869 1727 908 addisceret
1761 897 1770 905 .
1804 874 1887 910 Haec
1931 885 1999 910 vox
2032 875 2065 907 &
2099 882 2180 919 apo·

1245 915 1320 953 stoli
1357 919 1446 952 Petri
1480 915 1537 954 effe
1572 923 1682 966 potuit
1716 936 1726 957 ε
1761 922 1889 960 dixerat
1921 926 2048 971 quippe
2070 925 2106 958 &
2130 923 2180 968 ip·

1246 966 1278 1004 se
1313 968 1346 1001 in
1380 965 1576 1003 abundantia
1614 968 1667 1005 sua
1689 995 1700 1012 ,
1737 971 1889 1005 Animam
1926 984 2026 1006 meam
2056 982 2118 1017 pro
2147 978 2180 1002 te
2193 977 2277 1015 joan.
2306 977 2352 1013 ¹3·

1232 1055 1234 1057 ,
1245 1026 1364 1064 ponam
1390 1029 1400 1052 t
1426 1015 1484 1052 fibi
1511 1016 1690 1055 festinando
1716 1019 1862 1058 tribuens
1889 1047 1901 1065 ,
1935 1023 2028 1070 quod
2057 1025 2087 1057 ei
2113 1019 2247 1056 fite-⁴37·

1251 1077 1301 1104 rat
1325 1079 1344 1103 a
1369 1068 1523 1102 Domino
1548 1067 1660 1115 postea
1686 1068 1888 1117 largiendum
1917 1097 1926 1105 .
1960 1074 2093 1108 Avertit
2126 1082 2181 1105 au-

1251 1129 1318 1158 tem
1343 1114 1385 1152 ab
1410 1115 1470 1152 illo
1495 1116 1610 1154 faciem
1637 1121 1824 1164 Dominus,
1850 1125 1884 1158 δε
1909 1121 2012 1158 fadus
2036 1120 2082 1156 est
2105 1131 2189 1155 con-.

1253 1166 1422 1209 turbatus,
1446 1169 1490 1203 ita
1516 1178 1553 1204 ut
1578 1180 1656 1205 eum
1682 1174 1767 1206 mori
1795 1184 1859 1219 pro
1884 1171 1944 1208 illo
1962 1183 2110 1208 metuens
2130 1181 2182 1205 ter

1253 1229 1409 1264 negaret.
1442 1217 1503 1253 Sed
1540 1218 1648 1255 rursus
1682 1224 1848 1256 convertit
1880 1222 1921 1258 ad
1956 1235 2031 1258 eum
2066 1220 2183 1257 faciem

1252 1269 1340 1305 suam
1351 1270 1538 1312 Dominus,
1562 1268 1736 1318 &culpam
1762 1271 1916 1319 lacrymis
1941 1272 2058 1308 diluit.
2087 1268 2183 1315 Quid

1252 1318 1300 1356 est
1325 1320 1412 1354 enim
1437 1317 1547 1359 aliud,
1571 1318 1724 1364 Respexit
1742 1333 1831 1360 eum3
1856 1321 1913 1358 m'fi
1924 1322 2058 1365 ficiem,
2083 1330 2182 1367 quam
2200 1333 2353 1363 Luc,22.61

1253 1367 1425 1416 paululum
1450 1365 1492 1404 ab
1517 1367 1577 1403 illo
1601 1380 1784 1414 averterat,
1809 1375 1977 1408 revocavit
2001 1373 2041 1408 ad
2067 1382 2145 1408 eum
2169 1370 2183 1404 ἒ

1250 1420 1367 1457 Faetus
1393 1428 1474 1464 ergo
1498 1416 1602 1454 suerat
1627 1420 1864 1458 conturbatus.-
1890 1421 1942 1459 sed
1968 1425 2045 1470 quia
2063 1420 2203 1457 didicit-

1253 1482 1320 1505 non
1346 1469 1388 1505 de
1413 1466 1444 1503 se
1468 1467 1542 1515 ipso
1566 1469 1691 1515 fidere,
1716 1474 1813 1508 etiam
1836 1470 1905 1509 hoe
1929 1475 1959 1508 ei
1985 1471 2127 1520 profecit
2146 1471 2204 1505 in.

1252 1519 1400 1560 bonum,
1426 1517 1564 1556 faciente
1590 1519 1651 1556 illo
1676 1524 1734 1568 qui
1761 1521 1972 1570 diligentibus
1997 1535 2073 1558 eum
2108 1531 2182 1555 om-

1252 1573 1305 1607 nia
1329 1579 1528 1617 cooperatur
1553 1572 1586 1605 in
1612 1569 1742 1609 bonum
1762 1585 1773 1610 5
1798 1576 1874 1621 quia
1899 1572 2080 1609 secundum
2106 1580 2206 1618 pro·-

1253 1619 1396 1669 pofitum
1421 1629 1557 1656 vocatus
1581 1631 1670 1663 erat,
1696 1632 1733 1658 ut
1758 1634 1857 1659 nemo
1882 1635 1959 1660 eum
1994 1619 2098 1671 poss'et
2121 1621 2183 1656 eri·

1251 1683 1329 1719 pere
1353 1669 1395 1705 de
1420 1682 1520 1707 manu
1543 1669 1694 1716 Christi,
1715 1676 1771 1710 cui
1794 1672 1887 1710 datus
1913 1683 2000 1710 erat.

1302 1729 1357 1765 25.
1383 1722 1495 1756 Nemo
1521 1732 1602 1767 crgo
1625 1721 1738 1763 dicat,
1763 1735 1830 1758 non
1857 1721 1916 1759 effe
1933 1721 2185 1770 corripiendum

1250 1772 1309 1817 qui
1336 1767 1503 1805 exorbitat
1527 1769 1570 1805 de
1595 1773 1647 1806 via
1670 1770 1751 1816 justa
1770 1797 1783 1815 ,
1815 1772 1869 1810 sed
1906 1776 1935 1808 ei
1969 1774 2112 1809 reditum
2146 1773 2183 1806 &
2248 1780 2273 1783 ··

1251 1818 1711 1868 perleverantiamaDomino
1736 1831 1863 1857 tantum
1888 1820 1949 1858 esso
1974 1820 2183 1869 poscendamz

1251 1882 1355 1906 nemo
1381 1868 1526 1917 prudens
1552 1873 1587 1905 δι
1611 1869 1719 1906 fidelis
1743 1869 1812 1907 hoe
1837 1871 1941 1908 dicat.
1967 1874 1999 1908 Si
2025 1874 2117 1908 enim
2141 1868 2186 1905 se·

1249 1919 1399 1957 cundum
1426 1918 1635 1966 propositum
1661 1920 1864 1958 vocatustest
1883 1921 1962 1963 iste,
1987 1919 2108 1971 procul
2126 1919 2187 1955 du·

1253 1969 1312 2005 bio
1336 1969 1412 2011 illi,
1436 1971 1535 2004 etiam
1559 1969 1654 2015 quo'd
1677 1974 1881 2017 corripitur,
1906 1974 2008 2007 Deus
2025 1979 2199 2016 coopera·‘

1251 2032 1306 2056 tur
1332 2022 1365 2054 in
1389 2017 1539 2055 bonum.
1566 2021 1693 2055 Utrum
1718 2030 1828 2055 autem
1862 2023 1907 2055 ira
1939 2019 1979 2055 fit
2013 2029 2148 2055 vocatus
2171 2041 2186 2060 ,

1252 2072 1414 2118 quoniam
1449 2069 1507 2114 qui
1542 2070 1683 2115 corripit
1717 2067 1852 2106 nesciti
1886 2068 1981 2105 ficiat
2014 2069 2081 2116 ipse
2105 2078 2203 2103 cum'

1252 2118 1415 2156 charitate
1441 2116 1535 2165 quod
1561 2116 1619 2154 scit
1644 2115 1704 2154 effe
1729 2117 1933 2155 iaciendum:
1959 2117 2018 2154 scit
2044 2121 2186 2154 enimta-

1253 2169 1319 2204 lem
1345 2166 1597 2213 corripiendum
1622 2180 1634 2205 5
1659 2166 1789 2203 faeturo
1813 2170 1893 2205 Deo
1915 2179 1972 2204 aut
2003 2165 2187 2205 misericor-

1254 2216 1342 2251 diam
1367 2215 1505 2260 quidem
1534 2215 1603 2255 ,·fi
1637 2228 1656 2251 a
1674 2215 1784 2252 ⁴mass'a
1822 2217 2016 2263 perditionis
2043 2217 2098 2253 ille
2126 2219 2186 2266 qui

1254 2266 1440 2311 corripitur
1467 2287 1480 2304 ,
1514 2265 1623 2308 gratiae
1658 2263 1805 2310 largitate
1840 2265 1997 2302 discretus
2029 2266 2078 2302 est
2103 2293 2116 2311 ,
2150 2270 2187 2304 δε
2203 2266 2361 2301 Rom-9³2-

1255 2327 1324 2350 non
1354 2311 1401 2349 est
1435 2315 1521 2348 inter
1555 2312 1628 2349 vasa
1663 2316 1719 2350 irae
1752 2327 1826 2362 quae
1861 2315 2009 2363 perfefia
2043 2314 2117 2353 sunt
2154 2319 2190 2353 in
2209 2305 2248 2338 (⁹
2270 2313 2318 2344 33·

1255 2364 1477 2412 perditionem
1496 2386 1508 2405 ‚
1543 2361 1598 2398 sed
1627 2367 1713 2399 inter
1741 2363 1810 2400 vasa
1846 2365 2081 2403 misericordiae
2116 2378 2192 2414 quae
2340 2364 2342 2367 ’

1256 2415 1448 2461 praeparavit
1473 2414 1568 2447 Deus
1592 2414 1627 2445 in
1660 2411 1799 2457 gloriam
1825 2427 1836 2448 τ
1867 2415 2028 2459 judicium
2060 2427 2142 2450 vero
2176 2440 2190 2459 ,

1251 2463 1276 2497 fi
1302 2466 1335 2497 in
1362 2460 1428 2496 illis
1452 2458 1501 2494 est-
1523 2458 1695 2495 damnatus
1713 2485 1726 2503 ,
1751 2464 1784 2496 in
1808 2459 1863 2499 his
1899 2474 1967 2499 non
1993 2461 2041 2499 est
2065 2463 2188 2512 praede·

1252 2509 1404 2547 stinatus.
2299 2555 2304 2562 .

1303 2562 1361 2595 26.
1386 2560 1474 2595 HIC
1500 2561 1653 2597 exoritur
1675 2560 1735 2598 alia
1761 2561 1917 2610 quaestio,
1942 2577 2010 2603 non
2023 2565 2187 2604 finecon-
2211 2560 2290 2596 c³¹¹³·
2310 2560 2378 2595 ΧΓ

1252 2609 1452 2651 temnenda,
1477 2607 1532 2645 sed
1558 2612 1590 2644 in
1618 2611 1784 2656 adjutorio
1817 2617 1990 2659 Domini,
2026 2621 2060 2653 in
2096 2617 2187 2658 cuius
2204 2601 2252 2631 ⁸¹¹
2273 2601 2351 2633 Ada-

1253 2673 1349 2698 manu
1377 2659 1451 2695 sunt
1466 2662 1511 2708 y&
1538 2671 1597 2696 nos
1614 2664 1649 2696 &
1665 2660 1831 2700 sermones
1850 2663 1974 2707 nostri,
2000 2667 2187 2714 aggredien-
2202 2650 2364 2721 ggii-tagi:

1253 2711 1295 2747 da
1327 2721 1426 2756 atque
1459 2707 1614 2746 solvenda
1641 2739 1649 2747 .
1686 2715 1858 2758 Quaeritur
1891 2718 1979 2752 enim
2013 2730 2030 2752 a
2056 2716 2150 2753 nobis
2175 2721 2336 2758 ,severan-

1253 2771 1414 2808 quantum
1437 2762 1555 2794 attinet
1579 2760 1618 2796 ad
1645 2759 1714 2797 hoc
1738 2762 1864 2801 donum
1890 2767 1986 2808 Dei,
2021 2767 2114 2813 quod
2141 2764 2188 2802 est
2203 2761 2254 2791 tiae
2274 2760 2324 2791 do-

1253 2814 1288 2847 in
1315 2809 1409 2846 bono
1436 2808 1638 2856 perseverare
1656 2811 1758 2859 ufijue
1779 2816 1812 2849 in
1832 2814 1957 2857 finem,
1981 2817 2062 2862 quid
2079 2817 2122 2852 de
2139 2820 2189 2862 ip·
2206 2810 2297 2833 num·

1253 2859 1289 2896 so
1316 2862 1428 2907 primo
1452 2857 1592 2895 homine
1614 2860 1898 2911 sentiamus,·qui
1925 2876 2013 2902 cette
2031 2866 2098 2902 fine
2116 2865 2190 2902 ullo

1253 2913 1339 2946 vitio
1365 2909 1468 2945 sacius
1494 2907 1542 2944 est
1568 2911 1690 2948 mestus.
1718 2914 1911 2950 Necdicoe
1933 2918 1964 2950 Si
1987 2916 2189 2963 perseveran-

1252 2963 1332 2996 tiam
1352 2971 1419 2995 non
1441 2956 1578 3004 habuit,
1602 2962 1780 3006 quomodo
1807 2963 1872 2999 fine
1903 2967 1990 3000 vitio
2017 2965 2080 3001 suit
2095 2990 2107 3007 ‚
2132 2966 2188 3000 cui

1252 3021 1321 3047 tam
1340 3005 1551 3045 necess'arium
1571 3012 1637 3046 Dei
1655 3011 1783 3048 donum
1814 3013 1919 3050 defuit
1943 3016 1957 3050 ἓ
1989 3016 2080 3051 Huic
2101 3025 2189 3051 nam·

1252 3073 1317 3108 que
1337 3061 1582 3104 interrogationi
1604 3059 1697 3096 facile
1716 3062 1952 3109 respondetur,
1979 3075 2055 3099 eum
2077 3063 2187 3110 perie-

1253 3112 1438 3146 verantiam
1458 3121 1525 3144 non
1544 3108 1708 3152 habussse,
1734 3115 1812 3158 quia
1843 3117 1875 3148 in
1905 3123 1946 3147 eo
1975 3111 2090 3155 bono,
2115 3125 2189 3160 quo

1252 3159 1318 3196 fine
1337 3161 1422 3196 vitio
1439 3157 1523 3201 fuit,
1550 3172 1616 3195 non
1639 3160 1875 3207 perseveravit:
1902 3164 2005 3209 coepit
2031 3165 2116 3199 enim
2128 3162 2187 3199 ha·

1252 3208 1329 3247 bere
1354 3212 1473 3245 vitium
1494 3221 1536 3245 ex
1555 3222 1626 3257 quo
1643 3211 1762 3247 cecidit
1787 3225 1798 3250 ς
1822 3216 1855 3248 &
1889 3211 1912 3246 fi
1940 3216 2045 3260 coepit
2064 3237 2076 3255 ‚
2111 3224 2187 3249 ante

1251 3272 1351 3307 quam
1368 3256 1536 3306 coepisset‚
1561 3263 1677 3306 utique
1698 3261 1764 3297 fine
1787 3265 1868 3298 vitio
1888 3260 1952 3298 fuit
1974 3286 1983 3296 .
2009 3262 2114 3300 Aliud
2139 3262 2188 3299 est

1255 3313 1342 3345 enim
1361 3321 1427 3344 non
1447 3307 1570 3344 habere
1590 3312 1730 3351 vitium,
1756 3314 1790 3346 δε
1810 3310 1898 3347 aliud
1915 3310 1962 3349 est
1983 3315 2015 3348 in
2035 3325 2070 3348 ea
2090 3312 2186 3348 boni-

1253 3370 1341 3401 tate,
1366 3361 1398 3393 in
1418 3369 1481 3403 qua
1500 3358 1631 3394 nullum
1644 3362 1782 3402 vitium,
1825 3360 1894 3404 est,
1920 3374 1988 3398 non
2019 3374 2150 3399 manere
2175 3390 2183 3398 .

1254 3411 1308 3445 Eo
1327 3410 1451 3456 quippe
1470 3407 1543 3455 ipso
1561 3409 1653 3456 quod
1673 3421 1739 3444 non
1759 3410 1880 3446 dicitur
1908 3423 2090 3460 numquam
2120 3413 2185 3449 fine

1255 3461 1338 3495 vitio
1357 3455 1467 3499 fuisse,
1493 3456 1549 3493 scd
1567 3458 1690 3494 dicitur
1708 3457 1774 3494 fine
1793 3463 1878 3496 vitio
1897 3473 1965 3497 non
1996 3463 2186 3511 permansis-

1254 3508 1309 3552 se,
1333 3505 1453 3555 procul·
1469 3505 1577 3546 dubio
1594 3507 1837 3547 demonstra-tur
1852 3511 1917 3548 fine
1945 3515 2031 3548 vitio
2061 3513 2149 3548 suille
2174 3538 2184 3555 ‚

1254 3561 1288 3594 in
1306 3569 1377 3604 quo
1396 3555 1489 3592 bono
1510 3569 1576 3592 non
1596 3558 1799 3605 permanfiffe
1817 3560 1989 3607 culpatur.
2018 3564 2083 3599 Sed
2099 3562 2184 3600 illud
2202 3558 2361 3596 Quomodo

1253 3610 1355 3653 magis
1383 3606 1596 3651 quaerendum
1625 3608 1856 3658 operofiusque
1875 3612 2082 3649 traRandum
2100 3610 2151 3649 est·
2168 3611 2184 3657 ,
2201 3609 2344 3644 P-“cavc‘
2359 3653 2363 3656 ,

1253 3655 1429 3708 quomodo
1446 3655 1697 3703 respondeamus
1713 3662 1778 3702 eis,
1804 3664 1863 3707 qui
1882 3660 2017 3706 dicunt,
2043 3663 2084 3695 Si
2099 3657 2183 3696 in‘il-
2203 3647 2265 3709 ¹¹2„
2273 3641 2368 3709 Afras&

1254 3706 1286 3740 ia
1307 3703 1499 3739 recinudine
1515 3705 1549 3739 in
1576 3706 1727 3751 quaſsae
1746 3708 1831 3743 vitio
1846 3708 1957 3755 fastus
1977 3711 2041 3755 est,
2069 3711 2184 3747 babuit
2204 3688 2333 3750 enaii'do
2357 3741 2366 3754 ‚

1251 3754 1547 3801 perseverantiam,
1570 3756 1686 3801 procul·
1703 3757 1799 3792 dubio
1815 3759 2043 3805 perseveravit
2064 3761 2097 3796 in
2126 3771 2182 3796 ea:
2207 3758 2227 3788 fi
2240 3759 2369 3797 persevc-

1252 3803 1340 3847 &fi
1356 3803 1604 3852 perseveravit,
1628 3806 1746 3854 utique>
1759 3820 1820 3844 non
1824 3809 2182 3857 peccavio,=.ueoiuam
2203 3799 2367 3869 gznrfjaendoff}

1833 3871 1847 3898 t
2038 3861 2133 3906 sumn
2234 3879 2362 3918 accepit.
