2652 4126
143 1673 293 1723 λυπηραὶ

151 2978 242 3026 ,Hs-³5⁵
268 2976 308 3009 est

149 3027 274 3050 lnltlum

155 3058 228 3091 boni
236 3079 245 3087 .

524 169 882 228 IGNort

320 265 493 313 gnificatur
511 264 687 311 aequalitas.
713 267 728 306 )
754 264 819 302 Ubi
839 265 904 302 sme
922 265 1026 302 dubio
1045 264 1129 302 hora
1147 265 1247 303 unde·

321 318 404 352 cima
422 315 594 351 intromiffi
613 318 644 351 in
667 318 794 351 vineam
813 341 824 359 ,
860 320 894 353 δε
922 320 1026 351 totius
1050 316 1114 352 diei
1135 327 1247 363 opera-

320 367 378 401 riis
403 369 418 385 ²
442 367 625 411 aggregati,
652 365 810 408 istorum,
835 366 876 401 de
895 364 1016 412 quibus
1035 365 1247 412 nuncloqui·

319 427 397 451 mur
414 439 424 456 ‚
461 414 636 460 praesemnt
663 414 783 450 sortem
802 439 814 456 ‚
849 427 933 463 quos
954 416 994 451 ad
1011 415 1246 451 commendan-

320 464 394 500 dam
414 466 521 510 gratiae
540 463 763 500 excellentiam
782 489 793 505 ,
820 467 852 500 in
872 464 1001 501 desc-stu
1029 464 1093 500 diei
1111 468 1146 502 Β(
1165 476 1244 500 con-

319 513 464 550 elusione
476 517 548 550 vitae
558 513 877 559 divinaindulgcntia
902 509 917 535 b
942 526 1152 556 muneratur,
1177 526 1243 549 non

317 563 422 599 labori
442 567 584 611 pretium
602 561 747 604 solvens,
774 562 825 598 sed
853 563 980 600 divitias
1006 562 1157 600 bonitatis
1184 563 1244 600 suae

316 616 353 650 in
374 625 454 655 eos,
478 624 561 661 quos
586 615 600 633 ‘
624 610 690 646 fine
712 611 870 658 operibus
890 613 1016 660 elegit,
1042 612 1206 650 effundens
1231 627 1242 651 3

316 673 356 700 ut
375 666 472 699 etiarn
492 661 528 698 hi
547 663 604 707 qui
634 663 668 696 in
698 660 808 697 multo
835 661 946 699 labore
972 661 1125 700 sudarunt
1145 687 1157 705 ,
1182 675 1242 698 nec

302 712 454 760 'amplius
470 723 570 758 quam
590 710 752 746 noviffimi
773 722 968 760 acceperunt
986 736 999 754 ‚
1023 712 1204 758 intelligant
1229 738 1241 756 ‚

315 762 444 799 donum
465 759 495 797 st
521 762 658 807 gratie,
686 772 753 796 non
779 773 923 807 operum
945 759 1093 810 accepisse
1120 774 1240 798 merce·

315 812 418 849 dem.
445 810 546 847 Unde
573 809 596 845 fi
624 813 659 846 &
685 822 743 846 nos
771 811 941 848 adversum
970 810 1239 858 patrem-familias

306 861 585 902 ‘mut-mutemus,
610 872 651 894 eo
671 859 762 906 quod
781 861 953 898 noviffime
978 857 995 883 ‘¹
1020 863 1238 897 vocatitotius

306 907 382 947 'diei
400 913 557 958 operariis
568 920 782 956 coaequentur
791 935 804 953 ,
827 923 887 947 nec
897 909 1037 958 amplius
1048 910 1149 948 multa
1159 923 1237 957 ope-

314 973 349 996 ra
375 972 474 1007 quarn
504 971 584 1007 pene
613 959 701 995 nulla
729 970 915 998 mereantur
941 973 950 997 ἢ
984 961 1112 997 dicetur
1141 958 1237 996 nobis

315 1009 408 1058 quod
429 1012 484 1046 uni
505 1021 622 1047 eorum
642 1008 918 1055 responsum.est,
943 1008 1051 1053 Amice
1071 1036 1081 1051 ,
1107 1022 1168 1043 non
1184 1010 1238 1054 sa-

289 1097 296 1105 ·
313 1060 359 1092 cio
378 1058 439 1093 tibi
457 1057 614 1101 injuriam
626 1084 636 1100 ,
663 1057 775 1091 Nonne
785 1071 823 1092 ex
832 1057 966 1092 denario
982 1058 1157 1101 convenisti
1175 1070 1238 1092 me-

312 1119 382 1143 cum
412 1110 422 1142 ἓ
447 1107 541 1144 Tolle
561 1108 646 1153 quod
665 1117 754 1142 tuum
780 1107 844 1152 est,
870 1106 912 1144 <9⁶
930 1107 1017 1143 vade
1037 1133 1047 1144 .
1081 1109 1155 1143 Volo
1179 1121 1239 1143 au-

315 1167 380 1193 tem
398 1167 504 1192 autem
524 1155 567 1194 θ
588 1156 662 1194 huic
682 1155 844 1201 noviffimo
863 1157 941 1192 dare
958 1155 1044 1199 ficut
1072 1159 1115 1195 Θ
1143 1157 1206 1193 tibi
1229 1187 1237 1195 .

312 1209 385 1242 Aut
404 1219 463 1243 nou
483 1206 560 1242 licet
579 1206 657 1242 mihi
677 1206 720 1242 de
740 1219 774 1242 re
793 1219 862 1247 mea
877 1207 985 1252 facere
1012 1208 1100 1254 quod
1127 1207 1202 1243 volo
1228 1210 1239 1241 ?

311 1263 327 1281 e
354 1256 423 1292 Aut
442 1257 549 1292 oculus
566 1266 641 1292 tuus
660 1267 796 1303 nequam
806 1255 874 1300 est‘,
898 1255 974 1302 quia
982 1269 1037 1303 ego
1047 1258 1148 1294 bonus
1149 1258 1244 1304 sum?

309 1312 415 1356 Certe
435 1306 515 1347 huic
533 1307 758 1346 calumniatori
777 1306 891 1355 injusta
901 1307 1070 1346 videbatur
1090 1307 1161 1347 haec
1180 1308 1242 1346 lar-

312 1362 395 1405 gitas
419 1373 430 1397 5
457 1363 489 1398 δι
510 1359 591 1405 quid
612 1357 806 1395 eruditionis
824 1355 936 1395 retulit
960 1362 980 1391 ἓ
1003 1359 1085 1407 quid
1106 1362 1238 1397 rationis

311 1411 436 1457 accepit
461 1411 474 1444 ἓ
498 1411 579 1446 Non
601 1407 646 1446 est
664 1411 694 1444 ei
714 1406 959 1456 dispensationis
986 1405 1002 1430 f
1027 1407 1124 1455 huius
1151 1421 1240 1446 reve-

311 1457 376 1496 lata
395 1457 537 1504 justitia,
563 1471 623 1497 nec
642 1458 683 1495 ad
712 1457 947 1505 inspectionem
974 1457 1086 1495 secreti
1113 1459 1240 1498 latentis

311 1506 460 1546 'admissus
477 1507 541 1547 ests
566 1507 620 1545 fied
638 1518 676 1544 ut
694 1520 712 1546 a
729 1507 938 1549 discutiendis
957 1511 1021 1548 Dei
1040 1509 1166 1551 iudiciis
1185 1508 1239 1547 ab·

313 1556 469 1599 stineret,
495 1570 520 1593 ο
544 1557 644 1606 polita
663 1556 708 1593 est
728 1561 756 1593 ei
775 1556 903 1594 bonitas
912 1557 1106 1602 miserantis,
1132 1564 1238 1596 &vo-

314 1606 412 1646 lentis
432 1618 511 1655 pote
538 1621 570 1645 as
595 1623 605 1648 t
630 1606 718 1655 quafi
738 1606 786 1647 illi
809 1611 842 1647 δι
864 1605 903 1643 ab
922 1606 1092 1655 Apostolo
1118 1609 1240 1647 dicere-

315 1668 391 1700 tur,
416 1658 444 1689 Ο
473 1656 562 1693 homo
583 1683 594 1701 ‚
619 1667 656 1690 tu
685 1655 757 1702 quis
784 1669 816 1690 es
845 1655 900 1702 qui
930 1656 1113 1704 respondeas
1135 1659 1205 1692 Deo
1230 1669 1242 1698 ς

314 1705 490 1753 Numquid
507 1705 587 1741 dicit
596 1706 784 1756 figmentum
805 1705 835 1740 ei
857 1705 917 1756 qui
930 1706 967 1753 se
980 1707 1104 1753 finxit,
1127 1708 1243 1752 ‚Quare

313 1768 365 1791 me
375 1754 488 1801 fecisti
497 1754 576 1799 fic?

499 1859 860 1896 CAPUT
931 1861 1062 1899 XVIII.

313 1955 459 2003 Gratia,
474 1955 547 1998 sine
565 1969 631 2004 qua
650 1955 732 1992 bona
750 1956 866 1992 merita
890 1956 946 2002 effe
972 1966 1129 2004 nequeunt
1148 1984 1159 2001 ‚
1183 1969 1245 1993 non

318 2048 321 2049 ⁷
355 2007 526 2096 Jffipi‘u'.
541 2020 563 2062 a
579 2015 756 2053 quoquam,
783 2005 844 2049 nist
872 2018 911 2041 ex
942 2008 1010 2043 Dei
1036 2008 1207 2044 voluntate
1230 2032 1243 2053 ,

319 2089 321 2091 ,
375 2067 428 2088 me
445 2065 569 2090 meritis
580 2082 589 2091 .
1230 2062 1240 2069 ·”

314 2152 547 2245 OMnibus
574 2165 654 2202 ergo
683 2152 877 2192 hominibus
902 2154 1078 2201 cujuslibet
1103 2163 1121 2188 ε
1145 2161 1250 2203 gentis

436 2209 471 2242 &
495 2208 642 2251 generis,
666 2204 837 2251 cujuslibet
857 2206 1059 2242 conditionis
1075 2201 1113 2241 '&
1132 2209 1246 2249 aetatis,

314 2251 417 2291 cauria
436 2255 656 2303 percipiendae
675 2260 784 2302 gratiae
805 2256 954 2293 voluntas
974 2258 1040 2292 Dei
1061 2255 1108 2291 est
1124 2280 1136 2298 ,
1161 2255 1250 2302 apud

315 2317 418 2352 quam
437 2309 524 2341 ratio
542 2303 712 2341 electionis
730 2304 917 2342 abscondita
937 2303 983 2341 est
995 2330 1004 2346 ,
1031 2304 1072 2341 ab
1092 2318 1128 2342 ea
1149 2309 1251 2352 gratia

314 2353 551 2401 incipientibus
571 2357 696 2390 meritis
713 2369 812 2403 quam
831 2368 984 2403 accepere
1012 2354 1076 2391 fine
1105 2358 1230 2392 meritis
1242 2380 1251 2389 .

191 2424 303 2456 Gratia
317 2407 406 2454 Quae
424 2404 446 2439 fi
464 2402 588 2450 poffcnt
606 2404 693 2442 bona
712 2403 770 2442 effe
789 2405 853 2442 fine
871 2409 974 2453 gratia
992 2430 1006 2449 ,
1031 2418 1099 2442 non
1127 2405 1251 2442 dicere-

141 2472 305 2543 {tilunrffom-
315 2497 428 2546 sanCt‘o
439 2524 450 2542 ,
476 2510 537 2532 non
554 2499 694 2534 intrabit
713 2501 746 2534 in
766 2514 897 2546 regnum
917 2503 1080 2537 caelorum:
1106 2506 1161 2544 δι,
1188 2500 1251 2535 Ni-

141 2545 190 2575 nis
199 2543 346 2591 meriti.fi
367 2546 647 2583 manducaveritis
664 2558 788 2582 carnem
803 2548 872 2590 filia
891 2549 1048 2591 hominis,
1074 2549 1117 2582 Ο·
1134 2548 1251 2583 biberi-

136 2584 226 2622 Joan.
242 2594 270 2622 3.
280 2593 306 2619 5.

137 2623 163 2660 J
164 2628 244 2657 oan.6

319 2462 399 2493 tur,
423 2451 497 2489 Nili
516 2455 589 2495 quis
608 2463 735 2487 renatus
751 2455 852 2498 fuerit
872 2467 911 2488 ex
937 2466 1023 2499 aqua
1043 2455 1086 2486 O·
1106 2453 1251 2499 Spiritu-

323 2599 366 2632 tis
384 2597 574 2645 sanguinem
591 2597 683 2640 ejus,
708 2608 767 2630 non
787 2596 946 2632 habebitis
964 2599 1071 2630 vitam
1090 2596 1124 2629 in
1144 2595 1250 2629 vobis:

246 2633 306 2661 ·54·
322 2648 376 2686 sed
398 2648 585 2691 diceretur,
609 2646 681 2684 Nisi
701 2650 774 2694 quis
794 2646 891 2683 fuerit
911 2646 1013 2692 justus
1043 2650 1076 2682 &
1106 2644 1214 2682 bonus
1240 2669 1253 2687 ‚

323 2698 437 2736 beatus
455 2702 488 2734 in
510 2708 668 2734 aeternum
687 2695 747 2732 esse
766 2709 833 2732 non
856 2699 999 2744 poterit.
1026 2699 1097 2732 Nec
1107 2708 1192 2743 opus
1209 2694 1255 2731 es-

321 2749 371 2785 set
392 2761 449 2797 per
469 2760 584 2793 aquam
602 2750 637 2782 δι
659 2749 820 2793 Spiritum
841 2744 982 2784 renasci.
1008 2744 1031 2781 fi
1053 2757 1111 2791 per
1122 2744 1254 2781 manda-

322 2809 398 2836 tum
418 2797 578 2835 sufficeret
596 2796 737 2831 erudiri.
764 2798 810 2831 Et
833 2794 1154 2836 evacuareturfides,
1180 2806 1254 2841 quae

322 2847 430 2885 credit
450 2860 507 2895 per
528 2845 726 2894 baptismum
753 2848 862 2882 omnia
895 2855 1023 2892 peccata
1049 2844 1203 2886 dimitti,
1227 2842 1252 2879 fi

323 2901 426 2945 gratia
445 2909 512 2933 non
534 2895 625 2933 malis
644 2900 676 2932 ὅ(
700 2898 830 2944 impiis,
855 2894 908 2931 sed
921 2894 1017 2931 bonis
1032 2897 1065 2931 δε
1086 2894 1182 2930 rectis
1191 2893 1253 2930 do-

324 2957 454 2985 ceretur
475 2946 638 2994 impendi.
662 2949 773 2993 Origo
791 2948 899 2993 itaque
917 2957 1002 2982 verae
1030 2946 1103 2981 vitae
1121 2968 1135 2987 ‚
1158 2956 1256 2980 verae·

324 3010 393 3046 que
410 2995 539 3043 justitiae
555 2999 590 3031 in
608 2998 858 3041 regenerationis
876 2994 923 3032 est
951 2994 1054 3043 posita
1084 2993 1256 3030 sacramen-

327 3059 364 3084 to
389 3061 399 3085 ε
424 3058 461 3083 ut
480 3045 538 3082 ubi
558 3044 667 3082 homo
686 3044 862 3082 renascitur
883 3070 896 3088 ‚
918 3043 965 3081 ibi
992 3049 1088 3082 etiam
1117 3043 1256 3092 ipsarum

328 3100 488 3133 virtutum
505 3098 622 3133 veritas
642 3099 767 3133 oriatur
785 3109 796 3134 5
821 3091 839 3118 Β
863 3098 897 3131 &
915 3097 1066 3144 incipiant
1083 3093 1123 3130 ad
1142 3106 1257 3142 perpe-

329 3157 420 3186 tuam
447 3145 585 3240 glolgiaJt
613 3146 774 3194 proficere
800 3157 860 3194 per
889 3145 991 3182 fidem
1008 3170 1018 3189 ,
1052 3147 1110 3192 qui
1139 3146 1195 3180 vix
1212 3143 1254 3179 ad

428 3196 466 3230 S.
521 3206 556 3229 ro
567 3194 660 3240 peri.

369 3286 388 3307 a
405 3276 491 3308 Ediri
511 3276 599 3311 alias,
620 3270 776 3316 exaeqm'i:
796 3275 834 3306 de
850 3285 911 3316 quo
930 3282 1003 3308 nota
1023 3275 1178 3317 superiori.
1199 3274 1259 3305 Ms-

330 3317 393 3355 Jol.
408 3314 439 3347 &
459 3316 562 3346 camb.
583 3316 619 3350 ὃς
641 3317 718 3347 Leo.
737 3317 900 3357 aggregati.

370 3358 390 3387 b
411 3355 492 3387 Alias
512 3356 600 3391 editi,
620 3358 796 3388 numeravit.
817 3354 883 3385 ΜΠ.
902 3355 1077 3387 Camberon.
1099 3355 1130 3386 ἂ
1149 3354 1206 3391 Jol.
1226 3353 1257 3385 δι

331 3397 426 3428 Leon.
447 3395 518 3426 edit.
538 3406 715 3426 muneratur.

327 3433 332 3436 ’
371 3446 387 3467 c
410 3435 469 3466 Ms.
488 3435 619 3471 Jolienfis
638 3435 730 3472 solus,
744 3436 805 3473 sine
825 3435 951 3474 operibus
972 3435 1060 3476 legis.
1079 3434 1141 3466 Alii
1155 3443 1258 3466 ornnes

332 3486 394 3507 non
416 3476 524 3506 habent
545 3483 647 3504 vocem
668 3475 722 3505 hae
742 3478 828 3516 tegis.

370 3517 389 3546 d
412 3516 468 3546 Ms.
489 3514 667 3546 camberon.
684 3518 794 3546 vocatis
821 3516 909 3546 torius
936 3517 993 3546 diei
1023 3515 1131 3555 operari
1149 3525 1260 3555 exeque-

331 3567 412 3587 mur.
432 3554 489 3586 ΜΓ.
511 3555 568 3591 Jol.
588 3561 620 3584 ut
643 3554 675 3583 in
695 3561 776 3586 textu
791 3563 950 3596 ‚excepto
968 3557 1048 3597 quod
1067 3564 1231 3595 exequentur
1247 3574 1257 3590 ,

332 3607 391 3667 pn}
405 3593 703 3671 ῗᾶἳῗαῐὲἷιῖηέςῗδῖξῑι
724 3632 819 3664 eculin
839 3643 920 3665 tuus.

373 3677 389 3706 f
405 3675 461 3706 Ms.
489 3672 635 3710 Jolienfis.
655 3679 734 3703 caret
754 3682 844 3708 voce,
865 3674 966 3712 hujus.

371 3726 393 3756 g
406 3714 479 3762 ‘Mffi
498 3713 675 3747 camberon.
695 3712 730 3746 &
750 3712 807 3749 Jol.
821 3713 854 3744 δι
871 3714 940 3744 edit.
953 3713 1060 3745 Leonis
1068 3712 1176 3745 addunt
1187 3712 1256 3749 haec,

329 3756 679 3834 gimgdg'pmspfflmi
699 3776 791 3831 alias,
814 3793 853 3826 Θ·
870 3791 1038 3834 incipiunt.
1066 3792 1131 3825 ΜΠ.
1151 3791 1256 3824 Camb.

962 167 1835 245 AUCT0R1QIABER
1918 168 1961 224 L

1295 999 1345 1048 Et
1362 1013 1508 1052 iterum,
1530 1007 1597 1050 Qi
1616 1008 1717 1043 eratis
1737 1007 1794 1041 illo
1816 1017 1954 1054 tempore
1966 1007 2037 1049 fine
2055 1007 2185 1050 Christo
2212 1033 2223 1051 ,

2120 190 2231 251 497

1304 265 1522 314 temporalem
1542 277 1630 301 vanae
1648 263 1750 300 laudis
1768 272 1919 311 poterant
1947 265 2117 309 pervenire
2144 276 2231 300 mer-

1303 315 1432 351 cedem.
1460 319 1532 351 Sive
1547 318 1633 350 enim
1651 314 1781 356 Judaeus
1799 312 1880 359 legis
1908 311 2035 348 scientia
2062 322 2191 348 tumens
2215 338 2228 357 ‚

1306 364 1370 399 five
1397 367 1531 402 Graecus
1558 364 1665 401 studio
1691 363 1852 411 sapientiae
1878 360 2030 399 naturalis
2059 361 2189 398 inflatus
2213 386 2227 404 ‚

1305 417 1396 461 prius
1415 428 1516 463 quam
1535 414 1728 460 justificetur
1746 426 1804 461 per
1823 412 1926 449 fidem
1951 409 2080 449 Christi
2102 436 2116 454 9
2148 422 2228 446 con-

1304 463 1408 501 clusus
1426 464 1472 502 est
1491 464 1548 502 sub
1566 475 1702 512 peccato
1729 476 1736 496 :
1762 468 1796 501 &
1816 463 1838 498 fi
1855 464 1892 498 in
1921 461 1973 499 sua
2000 459 2010 485 ³
2034 459 2229 498 infidelitate
2314 479 2326 511 3

1303 514 1503 561 perstiterit,
1527 518 1573 550 ira
1595 515 1661 550 Dei
1677 524 1786 550 manet
1805 512 1900 559 super
1918 523 2016 556 eum,
2041 510 2096 548 illa
2106 509 2226 547 scilicet

1302 567 1335 599 in
1354 564 1437 601 Adae
1458 565 1721 612 praevaricatione
1739 563 1925 604 contratsta,
1950 562 1992 598 de
2006 559 2226 610 quaAposto-

1302 612 1351 649 lus
1371 613 1519 661 loquitur
1535 614 1643 648 dicens
1655 639 1665 656 ,
1691 613 1737 647 Et
1755 623 1815 645 vos
1831 623 1902 645 cum
1920 611 2018 658 effetis
2037 609 2155 645 mor'tui
2171 610 2227 644 de-

1303 661 1391 696 lifiis
1410 662 1454 698 (θ’
1469 661 1605 708 peccatis
1624 661 1764 704 vestris,
1788 660 1822 694 in
1838 659 1953 706 quibus
1963 660 2139 706 aliquando
2157 671 2225 694 am-

1301 710 1433 754 bulastis
1445 711 1623 756 secundum
1643 710 1792 757 seculum
1817 710 1931 744 mundi
1956 708 2055 754 hujus
2073 737 2085 754 ,
2113 708 2227 754 secum

1301 760 1378 795 dum
1392 761 1571 808 principem
1584 760 1748 808 potestatis
1766 759 1848 794 aeris
1869 759 1984 805 hujus,
2005 758 2143 807 spiritus
2168 759 2226 805 qui

1299 822 1380 844 nunc
1396 821 1546 858 operatur
1560 811 1594 844 in
1621 808 1639 834 k
1660 810 1749 856 filios
1766 808 1969 854 diffidentiae,
1994 809 2028 844 in
2047 808 2163 856 quibus
2182 809 2225 843 Θ·
2301 830 2320 861 k

1299 872 1354 894 nos
1371 860 1549 906 aliquando
1566 859 1745 905 conversati
1758 859 1870 905 sumus
1884 859 1919 894 in
1936 858 2102 900 desideriis
2118 858 2226 893 carnis

1298 907 1431 952 nostrae,
1453 910 1609 954 facientes
1627 910 1829 944 voluntatem
1847 908 1955 943 carnis
1983 908 2028 942 Θ·
2055 908 2222 955 cogitatio-

1300 971 1394 1002 num,
1421 957 1465 992 (9·
1485 970 1610 992 eramus
1636 969 1753 993 natura
1767 958 1836 1002 filii
1855 958 1911 992 irae
1925 957 2007 999 sicut
2026 957 2070 992 (9⁰
2089 958 2187 993 ceteri
2213 985 2222 994 .

2240 990 2314 1021 lbid.
2332 1001 2343 1021 1
2352 1002 2376 1021 2.

1299 1058 1436 1094 alienati
1455 1070 1474 1093 a
1492 1058 1730 1104 conversatione
1748 1056 1850 1104 Israel
1870 1084 1880 1100 ,
1907 1055 1949 1090 (θ’
1976 1057 2109 1104 hospites
2131 1056 2225 1099 testa·

1298 1118 1470 1144 mentorum
1482 1134 1492 1152 ,
1514 1107 1724 1154 promtffionis
1735 1106 1824 1153 spem
1844 1120 1905 1141 non
1925 1106 2100 1151 habentes,
2125 1107 2167 1140 (9⁰
2179 1105 2225 1148 fi-

1299 1172 1339 1194 ne
1357 1160 1427 1193 Deo
1444 1158 1477 1192 in
1497 1157 1632 1195 mundo.
1658 1160 1704 1196 Et
1733 1161 1853 1195 iterum
1873 1183 1884 1199 ,
1909 1156 2022 1191 Eratis
2049 1156 2225 1203 aliquando
2241 1148 2398 1189 &hes-53·

1301 1209 1461 1253 tenebrae,
1486 1219 1570 1243 nunc
1587 1216 1694 1241 autem
1718 1207 1774 1240 lux
1793 1207 1828 1240 in
1850 1206 2005 1242 Domino.
2032 1210 2078 1244 Et
2094 1211 2227 1251 iterum,
2242 1190 2397 1269 ffssl‘gsssgq

1301 1257 1437 1292 Gratias
1455 1266 1583 1304 agentes
1603 1256 1717 1300 Patri,
1742 1255 1798 1303 qui
1807 1255 1919 1303 dignos
1928 1268 1983 1290 nos
2000 1255 2077 1301 fecit
2096 1256 2130 1290 in
2147 1266 2226 1303 par-

1304 1318 1365 1342 tem
1379 1306 1475 1354 sortis
1488 1306 1669 1351 janitorum
1688 1307 1722 1341 in
1741 1305 1882 1349 lumine,
1909 1306 1963 1352 qui
1982 1305 2103 1353 eripuit
2120 1319 2176 1340 nos
2186 1305 2227 1340 de

1300 1355 1310 1381 ¹
1337 1358 1477 1394 tenebris
1497 1357 1540 1391 (9'
1555 1355 1707 1403 potestate
1727 1355 1929 1397 tenebrarum
1948 1382 1959 1398 ‚
1992 1356 2036 1389 θ
2057 1354 2227 1398 transtulit
2309 1349 2319 1391 ᾖ

1302 1408 1335 1442 in
1354 1418 1484 1455 regnum
1504 1407 1585 1440 Filii
1604 1405 1783 1441 dileetionis
1794 1405 1880 1451 [ωε.
1907 1408 1953 1444 Et
1973 1408 2116 1449 iterum,
2143 1406 2224 1439 Era·
2241 1429 2296 1458 Tit
2325 1437 2340 1465 3

1301 1470 1372 1493 mus
1390 1456 1471 1491 enim
1490 1456 1533 1491 (θ’
1551 1469 1607 1492 nos
1624 1455 1799 1503 aliquando
1817 1454 1998 1501 insipientes
2010 1481 2025 1498 ,η
2045 1455 2227 1498 increduli,
2244 1447 2353 1507 (ΞΗ-,ς’

1302 1515 1468 1551 errantes,
1485 1506 1668 1552 servientes
1686 1505 1854 1547 desideriis
1872 1504 1915 1539 Θ·
1926 1503 2150 1552 voluptatibus
2165 1517 2228 1538 va-

1299 1557 1358 1593 riis
1375 1584 1388 1602 ,
1413 1556 1448 1591 in
1477 1556 1608 1591 malitia
1634 1555 1677 1590 &¹
1704 1554 1836 1590 invidia
1864 1565 1991 1601 agentes
2010 1582 2020 1598 ,
2055 1554 2191 1589 odibiles
2219 1580 2229 1598 ,

1302 1608 1442 1642 odientes
1466 1606 1626 1641 invicem.
1654 1608 1738 1642 Cum
1758 1615 1864 1641 autem
1890 1603 2073 1651 benignitas
2102 1604 2145 1639 δ’
2176 1603 2232 1637 bu-

1304 1657 1444 1692 manitas
1465 1657 1618 1702 apparuit
1641 1655 1828 1690 satvaaeoris
1844 1653 1963 1698 nostri,
1989 1666 2050 1689 uon
2074 1667 2111 1688 ex
2131 1652 2232 1700 operi·

1302 1709 1360 1743 bus
1375 1704 1507 1751 jnslttiae
1529 1718 1597 1750 quae
1613 1705 1746 1749 fecimus
1769 1717 1821 1738 nos
1841 1730 1851 1746 ‚
1873 1703 1934 1749 fitd
1948 1704 2120 1750 secundum
2132 1703 2232 1748 suam

1303 1754 1548 1801 misericordiam
1564 1755 1678 1799 salvos
1695 1766 1749 1786 nos
1765 1752 1845 1798 fecit
1862 1763 1921 1799 per
1947 1753 2122 1787 lavacrum
2150 1764 2234 1798 rege-

1305 1804 1479 1841 nerationis
1506 1809 1533 1827 ⁸¹¹
1552 1802 1836 1850 Spiritus-sanfli,
1859 1814 1950 1847 quem
1978 1801 2092 1847 effudit
2118 1802 2151 1835 in
2178 1811 2234 1835 nos

1309 1855 1438 1890 abunde
1455 1863 1514 1901 per
1524 1853 1633 1899 Jesum
1654 1852 1817 1895 Christum
1838 1852 2051 1887 salvatorem
2072 1849 2210 1893 nostrum
2223 1876 2234 1894 ,
2271 1866 2274 1868 ·

1307 1915 1343 1940 ut
1359 1903 1532 1949 justificati
1544 1903 1659 1950 gratia
1688 1901 1790 1949 ipsius
1807 1928 1817 1947 ,
1844 1901 1981 1937 haeredes
2002 1900 2107 1946 fimus
2126 1899 2236 1947 secum

1306 1955 1384 1991 dum
1396 1954 1488 2002 spem
1502 1953 1591 1991 >vitre
1607 1962 1728 1987 aeternae
1739 1978 1748 1989 .

2371 1437 2399 1465 3·

2298 1833 2328 1855 m

1507 2059 1540 2092 C
1593 2057 1628 2091 A
1676 2058 1701 2090 P
1751 2056 1785 2090 U
1835 2054 1871 2090 T
1945 2055 2037 2090 XIX·

1457 2152 1576 2196 Qualis
1603 2151 1653 2194 fit
1687 2161 1807 2187 natura
1834 2150 1907 2194 fine
1938 2150 2054 2200 gratia
2081 2156 2093 2189 =

1393 2254 1427 2289 Τ
1447 2263 1485 2289 ut
1502 2251 1688 2289 brevissime
1707 2262 1835 2300 pateat,
1860 2251 1962 2299 qualis
1984 2252 2023 2288 fit
2051 2262 2162 2287 natura
2181 2250 2242 2288 hu·

1417 2315 1513 2339 mana
1532 2302 1598 2338 fine
1617 2305 1719 2349 gratia
1746 2326 1758 2344 ,
1796 2301 1883 2337 dicat
1912 2302 2011 2343 Judas
2039 2299 2205 2350 apostolus
2230 2326 2243 2345 ,

1312 2354 1393 2400 quid
1412 2364 1484 2399 agat
1503 2351 1556 2388 vel
1575 2354 1758 2399 ignorantia
1777 2353 2032 2398 imperitorum,
2058 2350 2110 2387 vel
2120 2351 2243 2388 destri-

1312 2416 1352 2439 m
1378 2401 1574 2448 sspjentium
1592 2427 1600 2436 .
1635 2399 1681 2432 Hi
1694 2431 1696 2433 ,
1710 2409 1814 2431 autem
1833 2424 1844 2440 ,
1869 2402 1978 2444 inquit
1996 2423 2008 2440 ,
2043 2407 2243 2443 quaecumque
2249 2413 2411 2452 μάθῃς,

1312 2450 1439 2496 quidem
1463 2451 1612 2494 ignaram
1632 2445 1855 2490 blasphemant
1882 2458 1892 2482 ς,
1915 2456 2116 2490 quaecumque
2132 2455 2239 2479 autem

1311 2496 1506 2532 naturaliter
1530 2502 1548 2518 ¹²
1572 2493 1667 2527 velut
1690 2503 1778 2525 muta
1796 2490 1954 2531 animalia
1973 2503 2109 2537 norunt,
2134 2493 2169 2528 in
2187 2493 2240 2528 his
2313 2501 2336 2523 ¹¹

1311 2553 1572 2589 corrumpuntur.
1600 2547 1617 2563 ⁰
1641 2545 1741 2578 Dicat
1758 2544 1855 2579 etiam
1875 2541 1931 2579 sub
1951 2543 2059 2581 verbis
2076 2543 2240 2582 zachariae

1312 2590 1517 2640 Evangelista
1535 2595 1659 2633 Lucas,
1685 2602 1758 2627 ante
1777 2590 2051 2631 illuminationem
2077 2600 2185 2642 gratiae
2203 2598 2237 2631 in
2253 2582 2413 2650 Μῗηό.

1314 2656 1378 2691 qua
1394 2641 1576 2679 humanum
1595 2653 1696 2688 genus
1714 2642 1813 2677 noete
1828 2641 1971 2681 versetur
1989 2670 2002 2688 ,
2035 2648 2070 2681 δι
2098 2645 2140 2681 de
2168 2648 2239 2692 qui·
2254 2650 2356 2691 &seq.

1314 2692 1377 2730 bus
1397 2695 1590 2739 ignorantiae
1607 2690 1748 2728 tenebris
1768 2694 1834 2729 Dei
1854 2693 1998 2741 populus
2015 2705 2164 2732 eruatur.
2191 2694 2237 2728 Et

1316 2751 1372 2786 tu,
1397 2745 1527 2789 inquit,
1549 2750 1651 2786 puer,
1678 2740 1842 2787 Propheta
1861 2741 2013 2786 Alttffimi
2031 2741 2198 2777 vocaberis
2223 2758 2238 2777 .-

1311 2789 1443 2838 praeibis
1463 2791 1545 2824 enim
1563 2798 1637 2823 ante
1655 2788 1772 2834 faciem
1790 2790 1927 2824 Domini
1943 2792 2147 2837 pararevias
2157 2794 2236 2835 ejus:

1315 2841 1361 2875 ad
1380 2840 1524 2875 dandam
1539 2839 1711 2886 scientiam
1722 2839 1844 2886 salutis
1863 2842 1982 2887 populo
1999 2843 2070 2886 ejus
2091 2868 2102 2886 ,
2137 2843 2172 2876 in
2192 2854 2240 2875 re-

1315 2891 1361 2925 mi
1384 2902 1481 2924 ionem
1506 2899 1712 2936 peccatorum
1743 2888 1883 2936 ipsorum
1910 2906 1923 2925 .·
1953 2901 2086 2938 propter
2114 2891 2240 2937 vistera

1317 2939 1542 2986 misericordie
1571 2938 1707 2974 Domini
1737 2965 1748 2983 2
1781 2939 1814 2973 in
1840 2939 1959 2984 quibus
1994 2940 2166 2982 vfitavit
2183 2954 2241 2976 nos

1317 2990 1430 3025 Oriens
1454 3002 1491 3023 ex
1510 2991 1596 3033 alto,
1623 2989 1726 3025 lucere
1746 2987 1797 3023 his
1825 2990 1883 3035 qui
1909 2990 1942 3023 in
1971 2989 2110 3025 tenebris
2137 2990 2180 3024 O·
2204 2990 2242 3025 in

1318 3039 1431 3075 umbra
1448 3039 1560 3074 mortis
1572 3039 1705 3086 sedent,
1729 3039 1774 3073 ad
1793 3037 1975 3086 dirigendos
2000 3041 2097 3088 pedes
2123 3039 2241 3084 nostros

1317 3089 1351 3125 in
1369 3089 1460 3125 viam
1476 3089 1566 3138 pacis
1579 3114 1589 3124 .

1811 3193 1904 3230 Rrr
1957 3199 1978 3230 22
2009 3183 2010 3186 Ἴ
2111 3195 2193 3231 CA-

1313 3271 1344 3303 &
1364 3272 1422 3308 Jol.
1440 3282 1508 3303 cum
1527 3272 1599 3304 edit.
1629 3273 1721 3304 Leon.
1753 3272 1794 3305 (9-
1820 3273 1959 3313 incipiant
1974 3293 1983 3301 .
2010 3271 2121 3303 Eadem
2150 3273 2241 3305 editio

1317 3313 1426 3343 Leonis
1445 3311 1559 3352 postea,
1579 3323 1638 3352 que
1657 3315 1725 3347 vix,
1754 3312 1886 3352 intellige
1907 3311 2024 3343 virtutis
2045 3312 2169 3344 Codices
2189 3324 2242 3344 no-

1316 3351 1365 3383 stri
1386 3353 1434 3392 qui
1452 3353 1525 3386 vix,
1545 3353 1655 3382 scilicet
1677 3353 1826 3382 homines.

1356 3392 1367 3422 i
1387 3393 1434 3422 Sic
1461 3391 1635 3432 corrigimus
1653 3402 1688 3422 ex
1710 3391 1774 3423 Mis.
1792 3391 1969 3422 camberon.
1987 3389 2018 3422 ἂ
2037 3391 2094 3427 Jol.
2113 3402 2147 3423 ac
2169 3393 2241 3423 Leo-

1318 3442 1371 3463 ne.
1394 3431 1495 3467 Alias,
1515 3432 1701 3469 infelicitate-

1357 3472 1377 3502 k
1397 3469 1462 3501 Mis.
1481 3471 1657 3502 Camberon.
1677 3471 1709 3502 δε
1730 3470 1786 3507 Jol.
1804 3470 1886 3505 iuxta
1905 3469 2035 3502 Graecum
2051 3492 2061 3508 ,
2087 3473 2116 3501 in
2138 3471 2214 3510 filiis
2233 3494 2242 3503 .

1319 3512 1401 3546 Alii,
1421 3519 1452 3541 ut
1472 3511 1562 3551 Vulg.
1580 3511 1612 3540 in
1626 3510 1724 3548 filios.

1359 3552 1367 3581 1
1389 3552 1459 3582 Haec
1479 3550 1537 3580 duo
1552 3571 1561 3586 ‚
1589 3549 1712 3580 tenebris
1733 3550 1772 3582 (θ’
1787 3570 1796 3586 ,
1825 3549 1874 3580 etsi
1895 3549 2035 3580 habentur
2055 3550 2085 3580 in
2099 3551 2243 3582 <omnibus

1318 3591 1400 3622 libris
1422 3589 1550 3625 nostris,
1582 3595 1681 3619 tamen
1702 3600 1762 3620 non
1790 3590 1926 3629 leguntur
1955 3600 1984 3619 m
2013 3597 2134 3631 utroque
2161 3598 2242 3622 textu

1318 3632 1453 3671 Epistolae
1474 3629 1624 3669 Apostoli·

1359 3681 1388 3700 τη
1411 3669 1468 3700 Ms.
1488 3669 1663 3700 Camberon.
1684 3668 1731 3699 hic
1751 3669 1849 3705 addit,
1868 3670 2056 3700 renovationis
2071 3680 2083 3699 :
2102 3680 2164 3712 quae
2184 3681 2242 3704 vox

1319 3720 1372 3741 nec
1391 3709 1468 3741 abest
1489 3720 1506 3739 a
1527 3717 1606 3739 textu
1630 3709 1780 3748 Apostoli.

1358 3760 1377 3780 n
1401 3749 1456 3779 Ms.
1477 3749 1655 3779 Camberon.
1676 3749 1758 3778 velut
1777 3747 1862 3778 bruta
1880 3749 2036 3782 animalia.

1363 3801 1381 3820 o
1402 3789 1466 3827 Mis.
1486 3788 1663 3820 Camberon.
1683 3788 1714 3820 &
1736 3789 1794 3826 Jol.
1812 3789 1904 3820 Dicat
1922 3799 2038 3823 autem.
