<?xml version="1.0" encoding="UTF-8"?>
<!DOCTYPE html PUBLIC "-//W3C//DTD XHTML 1.0 Transitional//EN"
    "http://www.w3.org/TR/xhtml1/DTD/xhtml1-transitional.dtd">
<html xmlns="http://www.w3.org/1999/xhtml" xml:lang="en" lang="en">
 <head>
  <title>
</title>
<meta http-equiv="Content-Type" content="text/html;charset=utf-8" />
  <meta name='ocr-system' content='tesseract 3.04.00' />
  <meta name='ocr-capabilities' content='ocr_page ocr_carea ocr_par ocr_line ocrx_word'/>
</head>
<body>
  <div class='ocr_page' id='page_1' title='image "./sanctiprosperiaq00prosuoft_0064.png"; bbox 0 0 2684 4140; ppageno 0'>
   <div class='ocr_carea' id='block_1_1' title="bbox 544 255 616 308">
    <p class='ocr_par' dir='ltr' id='par_1_1' title="bbox 544 255 616 308">
     <span class='ocr_line' id='line_1_1' title="bbox 544 255 616 308; baseline 0 -18"><span class='ocrx_word' id='word_1_1' title='bbox 544 255 616 308; x_wconf 76' lang='lat'>30</span> 
     </span>
    </p>
   </div>
   <div class='ocr_carea' id='block_1_2' title="bbox 759 223 1594 289">
    <p class='ocr_par' dir='ltr' id='par_1_2' title="bbox 759 223 1594 289">
     <span class='ocr_line' id='line_1_2' title="bbox 759 223 1594 289; baseline -0.001 -2"><span class='ocrx_word' id='word_1_2' title='bbox 759 229 814 287; x_wconf 90' lang='lat' dir='ltr'>S.</span> <span class='ocrx_word' id='word_1_3' title='bbox 895 225 960 285; x_wconf 94' lang='lat' dir='ltr'><strong>A</strong></span> <span class='ocrx_word' id='word_1_4' title='bbox 1002 227 1135 288; x_wconf 72' lang='lat' dir='ltr'>uc</span> <span class='ocrx_word' id='word_1_5' title='bbox 1177 244 1220 289; x_wconf 86' lang='lat' dir='ltr'>u</span> <span class='ocrx_word' id='word_1_6' title='bbox 1264 223 1373 289; x_wconf 60' lang='lat' dir='ltr'>si*</span> <span class='ocrx_word' id='word_1_7' title='bbox 1417 244 1439 287; x_wconf 93' lang='lat'>1</span> <span class='ocrx_word' id='word_1_8' title='bbox 1481 244 1594 289; x_wconf 67' lang='grc' dir='ltr'>Νι</span> 
     </span>
    </p>
   </div>
   <div class='ocr_carea' id='block_1_3' title="bbox 1675 225 2254 288">
    <p class='ocr_par' dir='ltr' id='par_1_3' title="bbox 1675 225 2254 288">
     <span class='ocr_line' id='line_1_3' title="bbox 1675 225 2254 288; baseline -0.007 0"><span class='ocrx_word' id='word_1_9' title='bbox 1675 225 2254 288; x_wconf 80' lang='lat' dir='ltr'>EPIScoPI</span> 
     </span>
    </p>
   </div>
   <div class='ocr_carea' id='block_1_4' title="bbox 536 315 2470 377">
    <p class='ocr_par' dir='ltr' id='par_1_4' title="bbox 536 315 2470 377">
     <span class='ocr_line' id='line_1_4' title="bbox 536 315 2470 377; baseline -0.008 -13"><span class='ocrx_word' id='word_1_10' title='bbox 536 327 685 365; x_wconf 85' lang='lat' dir='ltr'>distinxit</span> <span class='ocrx_word' id='word_1_11' title='bbox 694 324 900 375; x_wconf 81' lang='lat' dir='ltr'>Apostolus,</span> <span class='ocrx_word' id='word_1_12' title='bbox 927 326 1039 363; x_wconf 88' lang='lat' dir='ltr'>dicens</span> <span class='ocrx_word' id='word_1_13' title='bbox 1058 325 1135 377; x_wconf 68' lang='lat' dir='ltr'>ipiis</span> <span class='ocrx_word' id='word_1_14' title='bbox 1154 328 1279 363; x_wconf 77' lang='lat' dir='ltr'>vocatis</span> <span class='ocrx_word' id='word_1_15' title='bbox 1298 326 1419 370; x_wconf 82' lang='lat' dir='ltr'>Judaeis</span> <span class='ocrx_word' id='word_1_16' title='bbox 1435 329 1472 363; x_wconf 89' lang='lat'>&amp;</span> <span class='ocrx_word' id='word_1_17' title='bbox 1530 338 1628 370; x_wconf 89' lang='lat' dir='ltr'>mus,</span> <span class='ocrx_word' id='word_1_18' title='bbox 1654 321 1753 368; x_wconf 81' lang='lat' dir='ltr'>Israel</span> <span class='ocrx_word' id='word_1_19' title='bbox 1772 335 1833 357; x_wconf 85' lang='lat' dir='ltr'>mm</span> <span class='ocrx_word' id='word_1_20' title='bbox 1842 323 2107 370; x_wconf 76' lang='lat' dir='ltr'>efl&#39;consecutus‚</span> <span class='ocrx_word' id='word_1_21' title='bbox 2132 321 2188 360; x_wconf 89' lang='lat' dir='ltr'>vel</span> <span class='ocrx_word' id='word_1_22' title='bbox 2206 318 2302 354; x_wconf 81' lang='lat' dir='ltr'>ceteri</span> <span class='ocrx_word' id='word_1_23' title='bbox 2319 315 2470 354; x_wconf 75' lang='lat' dir='ltr'>excaecati</span> 
     </span>
    </p>
   </div>
   <div class='ocr_carea' id='block_1_5' title="bbox 350 373 1471 1491">
    <p class='ocr_par' dir='ltr' id='par_1_5' title="bbox 350 373 1471 981">
     <span class='ocr_line' id='line_1_5' title="bbox 535 373 1471 426; baseline -0.002 -10"><span class='ocrx_word' id='word_1_24' title='bbox 535 381 664 415; x_wconf 86' lang='lat' dir='ltr'>Graecis</span> <span class='ocrx_word' id='word_1_25' title='bbox 685 378 865 426; x_wconf 82' lang='lat' dir='ltr'>praedicare</span> <span class='ocrx_word' id='word_1_26' title='bbox 890 375 921 412; x_wconf 73' lang='lat' dir='ltr'>st</span> <span class='ocrx_word' id='word_1_27' title='bbox 941 373 1122 417; x_wconf 73' lang='lat' dir='ltr'>Christum</span> <span class='ocrx_word' id='word_1_28' title='bbox 1143 380 1210 415; x_wconf 89' lang='lat' dir='ltr'>Dei</span> <span class='ocrx_word' id='word_1_29' title='bbox 1221 379 1388 415; x_wconf 71' lang='lat' dir='ltr'>-virtutem</span> <span class='ocrx_word' id='word_1_30' title='bbox 1397 402 1411 421; x_wconf 91' lang='lat'>,</span> <span class='ocrx_word' id='word_1_31' title='bbox 1435 381 1471 414; x_wconf 89' lang='lat'>&amp;</span> 
     </span>
     <span class='ocr_line' id='line_1_6' title="bbox 350 425 1469 478; baseline -0.01 -6"><span class='ocrx_word' id='word_1_32' title='bbox 350 438 427 473; x_wconf 80' lang='lat' dir='ltr'>Ibid.</span> <span class='ocrx_word' id='word_1_33' title='bbox 448 449 496 478; x_wconf 80' lang='lat'>24.</span> <span class='ocrx_word' id='word_1_34' title='bbox 534 432 599 466; x_wconf 91' lang='lat' dir='ltr'>Dei</span> <span class='ocrx_word' id='word_1_35' title='bbox 611 428 798 477; x_wconf 85' lang='lat' dir='ltr'>sapientiam</span> <span class='ocrx_word' id='word_1_36' title='bbox 807 455 816 465; x_wconf 85' lang='lat'><strong>.</strong></span> <span class='ocrx_word' id='word_1_37' title='bbox 842 430 895 465; x_wconf 85' lang='lat' dir='ltr'>Sic</span> <span class='ocrx_word' id='word_1_38' title='bbox 903 432 991 467; x_wconf 71' lang='lat' dir='ltr'>enim</span> <span class='ocrx_word' id='word_1_39' title='bbox 1000 432 1044 464; x_wconf 90' lang='lat' dir='ltr'>ait</span> <span class='ocrx_word' id='word_1_40' title='bbox 1053 453 1066 471; x_wconf 87' lang='lat'>‚</span> <span class='ocrx_word' id='word_1_41' title='bbox 1091 425 1173 474; x_wconf 81' lang='lat' dir='ltr'>Ipsis</span> <span class='ocrx_word' id='word_1_42' title='bbox 1192 436 1300 461; x_wconf 82' lang='lat' dir='ltr'>autem</span> <span class='ocrx_word' id='word_1_43' title='bbox 1317 425 1469 462; x_wconf 82' lang='lat' dir='ltr'>vocatis:</span> 
     </span>
     <span class='ocr_line' id='line_1_7' title="bbox 351 476 1469 527; baseline 0 -12"><span class='ocrx_word' id='word_1_44' title='bbox 351 483 517 515; x_wconf 84' lang='lat' dir='ltr'>Rom.8.28.</span> <span class='ocrx_word' id='word_1_45' title='bbox 535 490 571 515; x_wconf 94' lang='lat' dir='ltr'>ut</span> <span class='ocrx_word' id='word_1_46' title='bbox 582 478 655 515; x_wconf 85' lang='lat' dir='ltr'>illos</span> <span class='ocrx_word' id='word_1_47' title='bbox 666 476 855 518; x_wconf 74' lang='lat' dir='ltr'>ostenderet</span> <span class='ocrx_word' id='word_1_48' title='bbox 864 492 930 516; x_wconf 86' lang='lat' dir='ltr'>non</span> <span class='ocrx_word' id='word_1_49' title='bbox 944 488 1099 515; x_wconf 81' lang='lat' dir='ltr'>vocatos:</span> <span class='ocrx_word' id='word_1_50' title='bbox 1110 477 1212 516; x_wconf 82' lang='lat' dir='ltr'>sciens</span> <span class='ocrx_word' id='word_1_51' title='bbox 1220 476 1280 516; x_wconf 75' lang='lat' dir='ltr'>else</span> <span class='ocrx_word' id='word_1_52' title='bbox 1289 478 1469 527; x_wconf 88' lang='lat' dir='ltr'>quamdam</span> 
     </span>
     <span class='ocr_line' id='line_1_8' title="bbox 356 523 1470 578; baseline 0 -12"><span class='ocrx_word' id='word_1_53' title='bbox 356 523 396 555; x_wconf 53' lang='grc' dir='ltr'>(Ψ</span> <span class='ocrx_word' id='word_1_54' title='bbox 406 533 452 560; x_wconf 87' lang='lat'>²9·</span> <span class='ocrx_word' id='word_1_55' title='bbox 531 540 653 566; x_wconf 88' lang='lat' dir='ltr'>certam</span> <span class='ocrx_word' id='word_1_56' title='bbox 671 532 881 568; x_wconf 79' lang='lat' dir='ltr'>vocationem</span> <span class='ocrx_word' id='word_1_57' title='bbox 901 540 1018 566; x_wconf 85' lang='lat' dir='ltr'>eorum</span> <span class='ocrx_word' id='word_1_58' title='bbox 1035 531 1095 578; x_wconf 89' lang='lat' dir='ltr'>qui</span> <span class='ocrx_word' id='word_1_59' title='bbox 1121 528 1302 567; x_wconf 84' lang='lat' dir='ltr'>secundum</span> <span class='ocrx_word' id='word_1_60' title='bbox 1320 528 1470 578; x_wconf 81' lang='lat' dir='ltr'>propoli-</span> 
     </span>
     <span class='ocr_line' id='line_1_9' title="bbox 529 578 1471 628; baseline 0 -12"><span class='ocrx_word' id='word_1_61' title='bbox 529 591 602 616; x_wconf 87' lang='lat' dir='ltr'>tum</span> <span class='ocrx_word' id='word_1_62' title='bbox 613 583 720 616; x_wconf 81' lang='lat' dir='ltr'>vocati</span> <span class='ocrx_word' id='word_1_63' title='bbox 734 578 808 617; x_wconf 85' lang='lat' dir='ltr'>sunt</span> <span class='ocrx_word' id='word_1_64' title='bbox 814 605 829 623; x_wconf 89' lang='lat'><em>‚</em></span> <span class='ocrx_word' id='word_1_65' title='bbox 852 591 937 627; x_wconf 85' lang='lat' dir='ltr'>quos</span> <span class='ocrx_word' id='word_1_66' title='bbox 948 590 1024 617; x_wconf 88' lang='lat' dir='ltr'>ante</span> <span class='ocrx_word' id='word_1_67' title='bbox 1035 580 1199 627; x_wconf 73' lang='lat' dir='ltr'>praestivit</span> <span class='ocrx_word' id='word_1_68' title='bbox 1211 583 1247 617; x_wconf 73' lang='grc' dir='ltr'>δι</span> <span class='ocrx_word' id='word_1_69' title='bbox 1267 579 1471 628; x_wconf 85' lang='lat' dir='ltr'>praedestina-</span> 
     </span>
     <span class='ocr_line' id='line_1_10' title="bbox 527 630 1469 678; baseline 0.003 -13"><span class='ocrx_word' id='word_1_70' title='bbox 527 633 578 666; x_wconf 83' lang='lat' dir='ltr'>vit</span> <span class='ocrx_word' id='word_1_71' title='bbox 588 630 780 668; x_wconf 82' lang='lat' dir='ltr'>conformes</span> <span class='ocrx_word' id='word_1_72' title='bbox 791 633 940 676; x_wconf 80' lang='lat' dir='ltr'>imaginis</span> <span class='ocrx_word' id='word_1_73' title='bbox 950 630 1026 667; x_wconf 84' lang='lat' dir='ltr'>Filii</span> <span class='ocrx_word' id='word_1_74' title='bbox 1034 630 1080 669; x_wconf 89' lang='lat' dir='ltr'>sui</span> <span class='ocrx_word' id='word_1_75' title='bbox 1093 660 1102 670; x_wconf 91' lang='lat'><strong>.</strong></span> <span class='ocrx_word' id='word_1_76' title='bbox 1129 635 1244 678; x_wconf 85' lang='lat' dir='ltr'>Qam</span> <span class='ocrx_word' id='word_1_77' title='bbox 1255 634 1469 668; x_wconf 88' lang='lat' dir='ltr'>vocationem</span> 
     </span>
     <span class='ocr_line' id='line_1_11' title="bbox 526 679 1465 728; baseline -0.004 -11"><span class='ocrx_word' id='word_1_78' title='bbox 526 679 710 728; x_wconf 67' lang='lat' dir='ltr'>significans</span> <span class='ocrx_word' id='word_1_79' title='bbox 721 706 734 725; x_wconf 90' lang='lat'>,</span> <span class='ocrx_word' id='word_1_80' title='bbox 757 684 802 718; x_wconf 87' lang='lat' dir='ltr'>ait</span> <span class='ocrx_word' id='word_1_81' title='bbox 812 708 825 726; x_wconf 88' lang='lat'>‚</span> <span class='ocrx_word' id='word_1_82' title='bbox 849 679 924 715; x_wconf 87' lang='lat' dir='ltr'>Non</span> <span class='ocrx_word' id='word_1_83' title='bbox 945 693 984 716; x_wconf 77' lang='lat' dir='ltr'>ex</span> <span class='ocrx_word' id='word_1_84' title='bbox 1001 680 1149 728; x_wconf 85' lang='lat' dir='ltr'>operibus</span> <span class='ocrx_word' id='word_1_85' title='bbox 1159 707 1170 725; x_wconf 89' lang='lat'><strong>,</strong></span> <span class='ocrx_word' id='word_1_86' title='bbox 1190 680 1252 727; x_wconf 83' lang='lat' dir='ltr'>sed</span> <span class='ocrx_word' id='word_1_87' title='bbox 1269 693 1308 714; x_wconf 82' lang='lat' dir='ltr'>ex</span> <span class='ocrx_word' id='word_1_88' title='bbox 1328 689 1465 714; x_wconf 81' lang='lat' dir='ltr'>vocante</span> 
     </span>
     <span class='ocr_line' id='line_1_12' title="bbox 526 729 1460 779; baseline 0.002 -13"><span class='ocrx_word' id='word_1_89' title='bbox 526 730 648 766; x_wconf 61' lang='lat' dir='ltr'>ditium</span> <span class='ocrx_word' id='word_1_90' title='bbox 659 730 702 774; x_wconf 70' lang='lat' dir='ltr'>est</span> <span class='ocrx_word' id='word_1_91' title='bbox 710 730 742 765; x_wconf 85' lang='lat' dir='ltr'>ei</span> <span class='ocrx_word' id='word_1_92' title='bbox 751 757 763 775; x_wconf 85' lang='lat'>‚</span> <span class='ocrx_word' id='word_1_93' title='bbox 787 729 877 775; x_wconf 61' lang='lat' dir='ltr'>Quia</span> <span class='ocrx_word' id='word_1_94' title='bbox 886 731 991 775; x_wconf 81' lang='lat' dir='ltr'>major</span> <span class='ocrx_word' id='word_1_95' title='bbox 994 730 1125 778; x_wconf 83' lang='lat' dir='ltr'>serviet</span> <span class='ocrx_word' id='word_1_96' title='bbox 1134 729 1252 766; x_wconf 83' lang='lat' dir='ltr'>minori</span> <span class='ocrx_word' id='word_1_97' title='bbox 1261 756 1271 766; x_wconf 94' lang='lat'>.</span> <span class='ocrx_word' id='word_1_98' title='bbox 1280 730 1460 779; x_wconf 85' lang='lat' dir='ltr'>Numquid</span> 
     </span>
     <span class='ocr_line' id='line_1_13' title="bbox 525 781 1462 830; baseline -0.003 -10"><span class='ocrx_word' id='word_1_99' title='bbox 525 784 610 820; x_wconf 86' lang='lat' dir='ltr'>dixit</span> <span class='ocrx_word' id='word_1_100' title='bbox 619 808 631 826; x_wconf 94' lang='lat'>,</span> <span class='ocrx_word' id='word_1_101' title='bbox 657 786 737 820; x_wconf 88' lang='lat' dir='ltr'>Non</span> <span class='ocrx_word' id='word_1_102' title='bbox 749 794 791 820; x_wconf 82' lang='lat' dir='ltr'>ex</span> <span class='ocrx_word' id='word_1_103' title='bbox 800 781 958 830; x_wconf 78' lang='lat' dir='ltr'>operibus</span> <span class='ocrx_word' id='word_1_104' title='bbox 967 809 979 827; x_wconf 91' lang='lat'><em>‚</em></span> <span class='ocrx_word' id='word_1_105' title='bbox 1006 782 1059 819; x_wconf 91' lang='lat' dir='ltr'>sed</span> <span class='ocrx_word' id='word_1_106' title='bbox 1068 795 1111 819; x_wconf 85' lang='lat' dir='ltr'>ex</span> <span class='ocrx_word' id='word_1_107' title='bbox 1121 781 1298 819; x_wconf 84' lang='lat' dir='ltr'>credente?</span> <span class='ocrx_word' id='word_1_108' title='bbox 1323 782 1462 818; x_wconf 79' lang='lat' dir='ltr'>Prorsus</span> 
     </span>
     <span class='ocr_line' id='line_1_14' title="bbox 522 831 1466 879; baseline -0.001 -10"><span class='ocrx_word' id='word_1_109' title='bbox 522 837 620 870; x_wconf 87' lang='lat' dir='ltr'>etiam</span> <span class='ocrx_word' id='word_1_110' title='bbox 630 831 698 869; x_wconf 91' lang='lat' dir='ltr'>hoc</span> <span class='ocrx_word' id='word_1_111' title='bbox 707 831 839 870; x_wconf 84' lang='lat' dir='ltr'>abstulit</span> <span class='ocrx_word' id='word_1_112' title='bbox 850 831 984 871; x_wconf 88' lang='lat' dir='ltr'>homini</span> <span class='ocrx_word' id='word_1_113' title='bbox 995 859 1008 879; x_wconf 92' lang='lat'>‚</span> <span class='ocrx_word' id='word_1_114' title='bbox 1017 843 1055 871; x_wconf 88' lang='lat' dir='ltr'>ut</span> <span class='ocrx_word' id='word_1_115' title='bbox 1066 843 1180 871; x_wconf 88' lang='lat' dir='ltr'>totum</span> <span class='ocrx_word' id='word_1_116' title='bbox 1189 832 1280 870; x_wconf 86' lang='lat' dir='ltr'>daret</span> <span class='ocrx_word' id='word_1_117' title='bbox 1292 833 1372 869; x_wconf 88' lang='lat' dir='ltr'>Deo</span> <span class='ocrx_word' id='word_1_118' title='bbox 1381 859 1390 868; x_wconf 93' lang='lat'><strong><em>.</em></strong></span> <span class='ocrx_word' id='word_1_119' title='bbox 1402 834 1466 869; x_wconf 89' lang='lat' dir='ltr'>Di-</span> 
     </span>
     <span class='ocr_line' id='line_1_15' title="bbox 521 881 1464 933; baseline 0.002 -16"><span class='ocrx_word' id='word_1_120' title='bbox 521 886 573 920; x_wconf 83' lang='lat' dir='ltr'>xit</span> <span class='ocrx_word' id='word_1_121' title='bbox 583 894 666 931; x_wconf 82' lang='lat' dir='ltr'>ergo</span> <span class='ocrx_word' id='word_1_122' title='bbox 675 908 688 927; x_wconf 89' lang='lat'><strong>,</strong></span> <span class='ocrx_word' id='word_1_123' title='bbox 706 881 767 928; x_wconf 85' lang='lat' dir='ltr'>sed</span> <span class='ocrx_word' id='word_1_124' title='bbox 778 896 818 917; x_wconf 78' lang='lat' dir='ltr'>ex</span> <span class='ocrx_word' id='word_1_125' title='bbox 828 895 969 918; x_wconf 79' lang='lat' dir='ltr'>vocante</span> <span class='ocrx_word' id='word_1_126' title='bbox 981 897 995 925; x_wconf 90' lang='lat'><em>;</em></span> <span class='ocrx_word' id='word_1_127' title='bbox 1014 897 1081 922; x_wconf 89' lang='lat' dir='ltr'>non</span> <span class='ocrx_word' id='word_1_128' title='bbox 1092 895 1305 933; x_wconf 83' lang='lat' dir='ltr'>quacumque</span> <span class='ocrx_word' id='word_1_129' title='bbox 1315 884 1464 920; x_wconf 82' lang='lat' dir='ltr'>vocatio-</span> 
     </span>
     <span class='ocr_line' id='line_1_16' title="bbox 522 934 1180 981; baseline 0.003 -10"><span class='ocrx_word' id='word_1_130' title='bbox 522 947 566 971; x_wconf 90' lang='lat' dir='ltr'>ne</span> <span class='ocrx_word' id='word_1_131' title='bbox 574 959 587 978; x_wconf 86' lang='lat'>,</span> <span class='ocrx_word' id='word_1_132' title='bbox 612 934 665 970; x_wconf 88' lang='lat' dir='ltr'>sed</span> <span class='ocrx_word' id='word_1_133' title='bbox 685 946 751 981; x_wconf 89' lang='lat' dir='ltr'>qua</span> <span class='ocrx_word' id='word_1_134' title='bbox 771 937 945 973; x_wconf 88' lang='lat' dir='ltr'>vocatione</span> <span class='ocrx_word' id='word_1_135' title='bbox 965 935 1004 972; x_wconf 84' lang='lat' dir='ltr'>fit</span> <span class='ocrx_word' id='word_1_136' title='bbox 1025 936 1163 973; x_wconf 78' lang='lat' dir='ltr'>credens</span> <span class='ocrx_word' id='word_1_137' title='bbox 1171 963 1180 973; x_wconf 90' lang='lat'><strong>.</strong></span> 
     </span>
    </p>

    <p class='ocr_par' dir='ltr' id='par_1_6' title="bbox 517 982 1468 1491">
     <span class='ocr_line' id='line_1_17' title="bbox 577 982 1467 1030; baseline 0.001 -10"><span class='ocrx_word' id='word_1_138' title='bbox 577 997 608 1021; x_wconf 84' lang='lat'>2.</span> <span class='ocrx_word' id='word_1_139' title='bbox 636 986 734 1021; x_wconf 88' lang='lat' dir='ltr'>Hanc</span> <span class='ocrx_word' id='word_1_140' title='bbox 756 985 947 1024; x_wconf 80' lang='lat' dir='ltr'>intuebatur</span> <span class='ocrx_word' id='word_1_141' title='bbox 967 989 1066 1024; x_wconf 86' lang='lat' dir='ltr'>etiam</span> <span class='ocrx_word' id='word_1_142' title='bbox 1076 1012 1090 1030; x_wconf 94' lang='lat'>‚</span> <span class='ocrx_word' id='word_1_143' title='bbox 1113 999 1190 1024; x_wconf 88' lang='lat' dir='ltr'>cum</span> <span class='ocrx_word' id='word_1_144' title='bbox 1216 986 1341 1023; x_wconf 88' lang='lat' dir='ltr'>diceret</span> <span class='ocrx_word' id='word_1_145' title='bbox 1350 1009 1363 1028; x_wconf 91' lang='lat'><strong>,</strong></span> <span class='ocrx_word' id='word_1_146' title='bbox 1387 982 1467 1018; x_wconf 80' lang='lat' dir='ltr'>Sine</span> 
     </span>
     <span class='ocr_line' id='line_1_18' title="bbox 520 1033 1467 1083; baseline 0.003 -14"><span class='ocrx_word' id='word_1_147' title='bbox 520 1034 706 1082; x_wconf 75' lang='lat' dir='ltr'>penitentia</span> <span class='ocrx_word' id='word_1_148' title='bbox 711 1033 788 1081; x_wconf 67' lang='lat' dir='ltr'>fient</span> <span class='ocrx_word' id='word_1_149' title='bbox 800 1036 886 1071; x_wconf 80' lang='lat' dir='ltr'>dona</span> <span class='ocrx_word' id='word_1_150' title='bbox 898 1036 942 1071; x_wconf 75' lang='lat'>(9⁵</span> <span class='ocrx_word' id='word_1_151' title='bbox 951 1035 1082 1071; x_wconf 81' lang='lat' dir='ltr'>vocatio</span> <span class='ocrx_word' id='word_1_152' title='bbox 1091 1036 1156 1071; x_wconf 82' lang='lat' dir='ltr'>Dei</span> <span class='ocrx_word' id='word_1_153' title='bbox 1168 1062 1177 1071; x_wconf 84' lang='grc'><strong>.</strong></span> <span class='ocrx_word' id='word_1_154' title='bbox 1187 1040 1276 1074; x_wconf 88' lang='lat' dir='ltr'>Nam</span> <span class='ocrx_word' id='word_1_155' title='bbox 1285 1039 1318 1071; x_wconf 69' lang='grc' dir='ltr'>δε</span> <span class='ocrx_word' id='word_1_156' title='bbox 1329 1035 1373 1072; x_wconf 86' lang='lat' dir='ltr'>ibi</span> <span class='ocrx_word' id='word_1_157' title='bbox 1384 1035 1467 1083; x_wconf 87' lang='lat' dir='ltr'>quid</span> 
     </span>
     <span class='ocr_line' id='line_1_19' title="bbox 521 1083 1468 1137; baseline 0 -15"><span class='ocrx_word' id='word_1_158' title='bbox 521 1084 679 1133; x_wconf 77' lang='lat' dir='ltr'>agebatur</span> <span class='ocrx_word' id='word_1_159' title='bbox 700 1087 864 1137; x_wconf 79' lang='lat' dir='ltr'>paulisper</span> <span class='ocrx_word' id='word_1_160' title='bbox 880 1087 1044 1125; x_wconf 79' lang='lat' dir='ltr'>advertite</span> <span class='ocrx_word' id='word_1_161' title='bbox 1053 1115 1062 1125; x_wconf 90' lang='lat'><strong><em>.</em></strong></span> <span class='ocrx_word' id='word_1_162' title='bbox 1088 1091 1181 1125; x_wconf 89' lang='lat' dir='ltr'>Cum</span> <span class='ocrx_word' id='word_1_163' title='bbox 1209 1090 1297 1123; x_wconf 88' lang='lat' dir='ltr'>enim</span> <span class='ocrx_word' id='word_1_164' title='bbox 1314 1083 1445 1124; x_wconf 72' lang='lat' dir='ltr'>dixiss&#39;et</span> <span class='ocrx_word' id='word_1_165' title='bbox 1454 1112 1468 1131; x_wconf 92' lang='lat'><strong>,</strong></span> 
     </span>
     <span class='ocr_line' id='line_1_20' title="bbox 522 1134 1466 1185; baseline 0 -16"><span class='ocrx_word' id='word_1_166' title='bbox 522 1135 607 1171; x_wconf 86' lang='lat' dir='ltr'>Nolo</span> <span class='ocrx_word' id='word_1_167' title='bbox 621 1136 706 1171; x_wconf 85' lang='lat' dir='ltr'>enim</span> <span class='ocrx_word' id='word_1_168' title='bbox 716 1151 778 1173; x_wconf 79' lang='lat' dir='ltr'>vos</span> <span class='ocrx_word' id='word_1_169' title='bbox 790 1139 942 1185; x_wconf 81' lang='lat' dir='ltr'>ignorare</span> <span class='ocrx_word' id='word_1_170' title='bbox 953 1164 962 1182; x_wconf 91' lang='lat'>,</span> <span class='ocrx_word' id='word_1_171' title='bbox 987 1137 1113 1182; x_wconf 79' lang='lat' dir='ltr'>fratres</span> <span class='ocrx_word' id='word_1_172' title='bbox 1125 1165 1135 1180; x_wconf 90' lang='lat'>‚</span> <span class='ocrx_word' id='word_1_173' title='bbox 1147 1137 1387 1184; x_wconf 82' lang='lat' dir='ltr'>sacramentum</span> <span class='ocrx_word' id='word_1_174' title='bbox 1397 1134 1466 1178; x_wconf 85' lang='lat' dir='ltr'>boc,</span> 
     </span>
     <span class='ocr_line' id='line_1_21' title="bbox 521 1187 1465 1236; baseline 0 -16"><span class='ocrx_word' id='word_1_175' title='bbox 521 1195 560 1220; x_wconf 85' lang='lat' dir='ltr'>ut</span> <span class='ocrx_word' id='word_1_176' title='bbox 580 1199 640 1221; x_wconf 82' lang='lat' dir='ltr'>non</span> <span class='ocrx_word' id='word_1_177' title='bbox 653 1187 734 1230; x_wconf 78' lang='lat' dir='ltr'>sitis</span> <span class='ocrx_word' id='word_1_178' title='bbox 751 1188 849 1223; x_wconf 84' lang='lat' dir='ltr'>vobis</span> <span class='ocrx_word' id='word_1_179' title='bbox 852 1188 1018 1236; x_wconf 83' lang='lat' dir='ltr'>sapientes</span> <span class='ocrx_word' id='word_1_180' title='bbox 1030 1202 1042 1223; x_wconf 81' lang='lat'>.·</span> <span class='ocrx_word' id='word_1_181' title='bbox 1068 1188 1149 1235; x_wconf 87' lang='lat' dir='ltr'>quia</span> <span class='ocrx_word' id='word_1_182' title='bbox 1166 1187 1294 1224; x_wconf 71' lang='lat' dir='ltr'>cecitas</span> <span class='ocrx_word' id='word_1_183' title='bbox 1310 1199 1351 1220; x_wconf 82' lang='lat' dir='ltr'>ex</span> <span class='ocrx_word' id='word_1_184' title='bbox 1367 1196 1465 1233; x_wconf 78' lang='lat' dir='ltr'>parte</span> 
     </span>
     <span class='ocr_line' id='line_1_22' title="bbox 518 1235 1465 1286; baseline 0 -15"><span class='ocrx_word' id='word_1_185' title='bbox 518 1235 723 1286; x_wconf 56' lang='lat' dir='ltr'>maelfaffa</span> <span class='ocrx_word' id='word_1_186' title='bbox 733 1238 776 1283; x_wconf 81' lang='lat' dir='ltr'>est</span> <span class='ocrx_word' id='word_1_187' title='bbox 786 1265 797 1282; x_wconf 88' lang='lat'>‚</span> <span class='ocrx_word' id='word_1_188' title='bbox 823 1238 923 1273; x_wconf 76' lang='lat' dir='ltr'>donec</span> <span class='ocrx_word' id='word_1_189' title='bbox 938 1237 1108 1285; x_wconf 73' lang='lat' dir='ltr'>plenitudo</span> <span class='ocrx_word' id='word_1_190' title='bbox 1129 1237 1279 1285; x_wconf 78' lang='lat' dir='ltr'>gentium</span> <span class='ocrx_word' id='word_1_191' title='bbox 1298 1236 1441 1272; x_wconf 70' lang='lat' dir='ltr'>intraret</span> <span class='ocrx_word' id='word_1_192' title='bbox 1454 1261 1465 1281; x_wconf 91' lang='lat'>,</span> 
     </span>
     <span class='ocr_line' id='line_1_23' title="bbox 518 1285 1460 1335; baseline 0.001 -14"><span class='ocrx_word' id='word_1_193' title='bbox 518 1286 624 1334; x_wconf 74' lang='lat' dir='ltr'>&amp;fic</span> <span class='ocrx_word' id='word_1_194' title='bbox 643 1289 744 1325; x_wconf 84' lang='lat' dir='ltr'>omnis</span> <span class='ocrx_word' id='word_1_195' title='bbox 754 1290 856 1335; x_wconf 84' lang='lat' dir='ltr'>Israel</span> <span class='ocrx_word' id='word_1_196' title='bbox 857 1288 977 1335; x_wconf 83' lang='lat' dir='ltr'>salvus</span> <span class='ocrx_word' id='word_1_197' title='bbox 982 1288 1078 1333; x_wconf 78' lang='lat' dir='ltr'>fieret</span> <span class='ocrx_word' id='word_1_198' title='bbox 1087 1314 1098 1331; x_wconf 86' lang='lat'>,</span> <span class='ocrx_word' id='word_1_199' title='bbox 1115 1287 1203 1329; x_wconf 86' lang='lat' dir='ltr'>ficut</span> <span class='ocrx_word' id='word_1_200' title='bbox 1215 1286 1373 1334; x_wconf 82' lang='lat' dir='ltr'>scriptum</span> <span class='ocrx_word' id='word_1_201' title='bbox 1393 1285 1440 1330; x_wconf 80' lang='lat' dir='ltr'>est</span> <span class='ocrx_word' id='word_1_202' title='bbox 1449 1314 1460 1331; x_wconf 88' lang='lat'><strong>‚</strong></span> 
     </span>
     <span class='ocr_line' id='line_1_24' title="bbox 517 1336 1460 1385; baseline 0.001 -15"><span class='ocrx_word' id='word_1_203' title='bbox 517 1336 631 1374; x_wconf 72' lang='lat' dir='ltr'>Veniet</span> <span class='ocrx_word' id='word_1_204' title='bbox 641 1353 680 1373; x_wconf 78' lang='lat' dir='ltr'>ex</span> <span class='ocrx_word' id='word_1_205' title='bbox 692 1341 772 1373; x_wconf 85' lang='lat' dir='ltr'>Sion</span> <span class='ocrx_word' id='word_1_206' title='bbox 782 1339 839 1385; x_wconf 82' lang='lat' dir='ltr'>qui</span> <span class='ocrx_word' id='word_1_207' title='bbox 846 1338 966 1385; x_wconf 82' lang='lat' dir='ltr'>eripiat</span> <span class='ocrx_word' id='word_1_208' title='bbox 977 1364 988 1381; x_wconf 86' lang='lat'><strong>,</strong></span> <span class='ocrx_word' id='word_1_209' title='bbox 1008 1337 1052 1372; x_wconf 58' lang='grc' dir='ltr'><em>θ</em></span> <span class='ocrx_word' id='word_1_210' title='bbox 1062 1347 1196 1371; x_wconf 79' lang='lat' dir='ltr'>avertat</span> <span class='ocrx_word' id='word_1_211' title='bbox 1205 1338 1406 1384; x_wconf 72' lang='lat' dir='ltr'>impietatem</span> <span class='ocrx_word' id='word_1_212' title='bbox 1416 1337 1460 1372; x_wconf 84' lang='lat' dir='ltr'>ab</span> 
     </span>
     <span class='ocr_line' id='line_1_25' title="bbox 517 1386 1459 1435; baseline -0.003 -10"><span class='ocrx_word' id='word_1_213' title='bbox 517 1390 620 1435; x_wconf 79' lang='lat' dir='ltr'>Jacob</span> <span class='ocrx_word' id='word_1_214' title='bbox 633 1416 643 1432; x_wconf 87' lang='lat'><strong>‚</strong></span> <span class='ocrx_word' id='word_1_215' title='bbox 670 1389 714 1423; x_wconf 75' lang='lat'>(9⁹</span> <span class='ocrx_word' id='word_1_216' title='bbox 723 1388 860 1423; x_wconf 75' lang='lat' dir='ltr'>bacillis</span> <span class='ocrx_word' id='word_1_217' title='bbox 871 1400 890 1421; x_wconf 87' lang='lat' dir='ltr'>a</span> <span class='ocrx_word' id='word_1_218' title='bbox 901 1400 949 1422; x_wconf 87' lang='lat' dir='ltr'>me</span> <span class='ocrx_word' id='word_1_219' title='bbox 959 1386 1184 1429; x_wconf 83' lang='lat' dir='ltr'>testamentum</span> <span class='ocrx_word' id='word_1_220' title='bbox 1196 1413 1207 1430; x_wconf 90' lang='lat'>‚</span> <span class='ocrx_word' id='word_1_221' title='bbox 1216 1399 1285 1420; x_wconf 86' lang='lat' dir='ltr'>cum</span> <span class='ocrx_word' id='word_1_222' title='bbox 1297 1387 1459 1429; x_wconf 81' lang='lat' dir='ltr'>abstulero</span> 
     </span>
     <span class='ocr_line' id='line_1_26' title="bbox 519 1436 1460 1491; baseline -0.002 -17"><span class='ocrx_word' id='word_1_223' title='bbox 519 1441 654 1491; x_wconf 80' lang='lat' dir='ltr'>&#39;peccata</span> <span class='ocrx_word' id='word_1_224' title='bbox 665 1451 771 1473; x_wconf 84' lang='lat' dir='ltr'>eorum</span> <span class='ocrx_word' id='word_1_225' title='bbox 783 1453 790 1472; x_wconf 91' lang='lat'><strong>:</strong></span> <span class='ocrx_word' id='word_1_226' title='bbox 816 1451 897 1476; x_wconf 83' lang='lat' dir='ltr'>mox</span> <span class='ocrx_word' id='word_1_227' title='bbox 908 1438 1038 1476; x_wconf 86' lang='lat' dir='ltr'>addidit</span> <span class='ocrx_word' id='word_1_228' title='bbox 1047 1437 1140 1486; x_wconf 89' lang='lat' dir='ltr'>quod</span> <span class='ocrx_word' id='word_1_229' title='bbox 1151 1436 1327 1484; x_wconf 88' lang='lat' dir='ltr'>diligenter</span> <span class='ocrx_word' id='word_1_230' title='bbox 1339 1437 1460 1472; x_wconf 87' lang='lat' dir='ltr'>intelli·</span> 
     </span>
    </p>
   </div>
   <div class='ocr_carea' id='block_1_6' title="bbox 345 683 507 721">
    <p class='ocr_par' dir='ltr' id='par_1_7' title="bbox 345 683 507 721">
     <span class='ocr_line' id='line_1_27' title="bbox 345 683 507 721; baseline 0 -8"><span class='ocrx_word' id='word_1_231' title='bbox 345 683 455 721; x_wconf 76' lang='lat' dir='ltr'>Rom.9.</span> <span class='ocrx_word' id='word_1_232' title='bbox 460 690 471 711; x_wconf 84' lang='lat'>1</span> <span class='ocrx_word' id='word_1_233' title='bbox 478 691 492 710; x_wconf 90' lang='lat'><em>2</em></span> <span class='ocrx_word' id='word_1_234' title='bbox 497 702 507 713; x_wconf 83' lang='lat'>.</span> 
     </span>
    </p>
   </div>
   <div class='ocr_carea' id='block_1_7' title="bbox 341 1002 501 1031">
    <p class='ocr_par' dir='ltr' id='par_1_8' title="bbox 341 1002 501 1031">
     <span class='ocr_line' id='line_1_28' title="bbox 341 1002 501 1031; baseline 0.013 -2"><span class='ocrx_word' id='word_1_235' title='bbox 341 1002 422 1031; x_wconf 77' lang='lat' dir='ltr'>Bam.</span> <span class='ocrx_word' id='word_1_236' title='bbox 454 1009 501 1031; x_wconf 75' lang='grc' dir='ltr'>ιι.</span> 
     </span>
    </p>
   </div>
   <div class='ocr_carea' id='block_1_8' title="bbox 338 1050 482 1151">
    <p class='ocr_par' dir='ltr' id='par_1_9' title="bbox 338 1050 482 1151">
     <span class='ocr_line' id='line_1_29' title="bbox 342 1050 391 1076; baseline 0.02 -8"><span class='ocrx_word' id='word_1_237' title='bbox 342 1050 391 1076; x_wconf 85' lang='lat'>29·</span> 
     </span>
     <span class='ocr_line' id='line_1_30' title="bbox 338 1079 482 1119; baseline 0.021 -10"><span class='ocrx_word' id='word_1_238' title='bbox 338 1079 414 1109; x_wconf 80' lang='lat' dir='ltr'>Ibid.</span> <span class='ocrx_word' id='word_1_239' title='bbox 435 1089 482 1119; x_wconf 85' lang='lat'>25.</span> 
     </span>
     <span class='ocr_line' id='line_1_31' title="bbox 341 1120 406 1151; baseline -0.015 0"><span class='ocrx_word' id='word_1_240' title='bbox 341 1120 406 1151; x_wconf 59' lang='lat' dir='ltr'>&amp;a</span> 
     </span>
    </p>
   </div>
   <div class='ocr_carea' id='block_1_9' title="bbox 334 1360 479 1431">
    <p class='ocr_par' dir='ltr' id='par_1_10' title="bbox 334 1360 479 1431">
     <span class='ocr_line' id='line_1_32' title="bbox 334 1360 479 1399; baseline 0.021 -10"><span class='ocrx_word' id='word_1_241' title='bbox 334 1360 415 1399; x_wconf 81' lang='lat' dir='ltr'>lsaiae</span> <span class='ocrx_word' id='word_1_242' title='bbox 431 1367 444 1396; x_wconf 84' lang='lat'>5</span> <span class='ocrx_word' id='word_1_243' title='bbox 447 1368 479 1397; x_wconf 85' lang='grc'>9.</span> 
     </span>
     <span class='ocr_line' id='line_1_33' title="bbox 334 1410 372 1431; baseline 0 0"><span class='ocrx_word' id='word_1_244' title='bbox 334 1410 372 1431; x_wconf 80' lang='lat'>20</span> 
     </span>
    </p>
   </div>
   <div class='ocr_carea' id='block_1_10' title="bbox 330 1441 480 1477">
    <p class='ocr_par' dir='ltr' id='par_1_11' title="bbox 330 1441 480 1477">
     <span class='ocr_line' id='line_1_34' title="bbox 330 1441 480 1477; baseline 0.013 -7"><span class='ocrx_word' id='word_1_245' title='bbox 330 1441 414 1471; x_wconf 81' lang='lat' dir='ltr'>Rom.</span> <span class='ocrx_word' id='word_1_246' title='bbox 429 1450 442 1471; x_wconf 89' lang='lat'>1</span> <span class='ocrx_word' id='word_1_247' title='bbox 450 1450 480 1477; x_wconf 72' lang='grc' dir='ltr'>ι.</span> 
     </span>
    </p>
   </div>
   <div class='ocr_carea' id='block_1_11' title="bbox 332 1482 1468 2403">
    <p class='ocr_par' dir='ltr' id='par_1_12' title="bbox 332 1482 1468 2403">
     <span class='ocr_line' id='line_1_35' title="bbox 332 1482 1460 1541; baseline -0.012 -10"><span class='ocrx_word' id='word_1_248' title='bbox 332 1482 381 1513; x_wconf 79' lang='lat'>²8·</span> <span class='ocrx_word' id='word_1_249' title='bbox 526 1493 672 1541; x_wconf 82' lang='lat' dir='ltr'>gendum</span> <span class='ocrx_word' id='word_1_250' title='bbox 683 1490 729 1527; x_wconf 87' lang='lat' dir='ltr'>est</span> <span class='ocrx_word' id='word_1_251' title='bbox 740 1515 752 1533; x_wconf 89' lang='lat'>‚</span> <span class='ocrx_word' id='word_1_252' title='bbox 777 1491 803 1524; x_wconf 91' lang='lat' dir='ltr'><em>S</em></span> <span class='ocrx_word' id='word_1_253' title='bbox 806 1489 960 1523; x_wconf 81' lang='lat' dir='ltr'>ecundum</span> <span class='ocrx_word' id='word_1_254' title='bbox 971 1487 1195 1533; x_wconf 82' lang='lat' dir='ltr'>Evangelium</span> <span class='ocrx_word' id='word_1_255' title='bbox 1207 1489 1338 1533; x_wconf 76' lang='lat' dir='ltr'>quidem</span> <span class='ocrx_word' id='word_1_256' title='bbox 1352 1484 1460 1518; x_wconf 79' lang='lat' dir='ltr'>inimi-</span> 
     </span>
     <span class='ocr_line' id='line_1_36' title="bbox 523 1534 1459 1589; baseline -0.007 -13"><span class='ocrx_word' id='word_1_257' title='bbox 523 1555 552 1576; x_wconf 81' lang='lat' dir='ltr'>ci</span> <span class='ocrx_word' id='word_1_258' title='bbox 559 1551 695 1589; x_wconf 84' lang='lat' dir='ltr'>propter</span> <span class='ocrx_word' id='word_1_259' title='bbox 705 1551 789 1582; x_wconf 83' lang='lat' dir='ltr'>vos,</span> <span class='ocrx_word' id='word_1_260' title='bbox 809 1538 983 1586; x_wconf 83' lang='lat' dir='ltr'>secundum</span> <span class='ocrx_word' id='word_1_261' title='bbox 995 1535 1179 1571; x_wconf 61' lang='lat' dir='ltr'>elea-&#39;onem</span> <span class='ocrx_word' id='word_1_262' title='bbox 1198 1545 1305 1569; x_wconf 83' lang='lat' dir='ltr'>autem</span> <span class='ocrx_word' id='word_1_263' title='bbox 1326 1534 1459 1579; x_wconf 63' lang='lat' dir='ltr'>ditem,</span> 
     </span>
     <span class='ocr_line' id='line_1_37' title="bbox 519 1584 1461 1640; baseline -0.008 -14"><span class='ocrx_word' id='word_1_264' title='bbox 519 1602 653 1640; x_wconf 79' lang='lat' dir='ltr'>propter</span> <span class='ocrx_word' id='word_1_265' title='bbox 670 1599 782 1637; x_wconf 84' lang='lat' dir='ltr'>patres</span> <span class='ocrx_word' id='word_1_266' title='bbox 791 1615 801 1624; x_wconf 88' lang='lat'><strong>.</strong></span> <span class='ocrx_word' id='word_1_267' title='bbox 827 1589 922 1636; x_wconf 80' lang='lat' dir='ltr'>Qid</span> <span class='ocrx_word' id='word_1_268' title='bbox 943 1587 991 1625; x_wconf 87' lang='lat' dir='ltr'>est</span> <span class='ocrx_word' id='word_1_269' title='bbox 1000 1614 1012 1632; x_wconf 94' lang='lat'>,</span> <span class='ocrx_word' id='word_1_270' title='bbox 1036 1586 1218 1621; x_wconf 78' lang='lat' dir='ltr'>Secundum</span> <span class='ocrx_word' id='word_1_271' title='bbox 1239 1584 1461 1631; x_wconf 80' lang='lat' dir='ltr'>Evangelium</span> 
     </span>
     <span class='ocr_line' id='line_1_38' title="bbox 522 1636 1462 1689; baseline -0.004 -14"><span class='ocrx_word' id='word_1_272' title='bbox 522 1642 652 1689; x_wconf 85' lang='lat' dir='ltr'>quidem</span> <span class='ocrx_word' id='word_1_273' title='bbox 663 1640 787 1674; x_wconf 82' lang='lat' dir='ltr'>inimici</span> <span class='ocrx_word' id='word_1_274' title='bbox 796 1649 928 1686; x_wconf 75' lang='lat' dir='ltr'>propter</span> <span class='ocrx_word' id='word_1_275' title='bbox 939 1650 996 1671; x_wconf 84' lang='lat' dir='ltr'>vos</span> <span class='ocrx_word' id='word_1_276' title='bbox 1011 1651 1023 1678; x_wconf 92' lang='lat'>,·</span> <span class='ocrx_word' id='word_1_277' title='bbox 1050 1637 1107 1674; x_wconf 82' lang='lat' dir='ltr'>nifi</span> <span class='ocrx_word' id='word_1_278' title='bbox 1117 1636 1211 1686; x_wconf 87' lang='lat' dir='ltr'>quod</span> <span class='ocrx_word' id='word_1_279' title='bbox 1221 1648 1342 1673; x_wconf 78' lang='lat' dir='ltr'>eorum</span> <span class='ocrx_word' id='word_1_280' title='bbox 1355 1637 1462 1671; x_wconf 86' lang='lat' dir='ltr'>inimi·</span> 
     </span>
     <span class='ocr_line' id='line_1_39' title="bbox 521 1685 1463 1740; baseline -0.007 -11"><span class='ocrx_word' id='word_1_281' title='bbox 521 1696 597 1730; x_wconf 87' lang='lat' dir='ltr'>citia</span> <span class='ocrx_word' id='word_1_282' title='bbox 625 1705 690 1740; x_wconf 90' lang='lat' dir='ltr'>qua</span> <span class='ocrx_word' id='word_1_283' title='bbox 708 1692 904 1728; x_wconf 86' lang='lat' dir='ltr'>occiderunt</span> <span class='ocrx_word' id='word_1_284' title='bbox 922 1687 1124 1733; x_wconf 87' lang='lat' dir='ltr'>Christum,</span> <span class='ocrx_word' id='word_1_285' title='bbox 1150 1685 1358 1734; x_wconf 76' lang='lat' dir='ltr'>Evangelio,</span> <span class='ocrx_word' id='word_1_286' title='bbox 1381 1685 1463 1723; x_wconf 82' lang='lat' dir='ltr'>sicut</span> 
     </span>
     <span class='ocr_line' id='line_1_40' title="bbox 523 1735 1464 1787; baseline -0.007 -8"><span class='ocrx_word' id='word_1_287' title='bbox 523 1744 678 1780; x_wconf 78' lang='lat' dir='ltr'>videmus</span> <span class='ocrx_word' id='word_1_288' title='bbox 689 1769 701 1787; x_wconf 88' lang='lat'>‚</span> <span class='ocrx_word' id='word_1_289' title='bbox 728 1742 793 1779; x_wconf 74' lang='lat' dir='ltr'>fine</span> <span class='ocrx_word' id='word_1_290' title='bbox 804 1741 1015 1777; x_wconf 79' lang='lat' dir='ltr'>dubitatione</span> <span class='ocrx_word' id='word_1_291' title='bbox 1028 1739 1194 1787; x_wconf 87' lang='lat' dir='ltr'>profecit?</span> <span class='ocrx_word' id='word_1_292' title='bbox 1219 1739 1266 1774; x_wconf 88' lang='lat' dir='ltr'>Et</span> <span class='ocrx_word' id='word_1_293' title='bbox 1275 1735 1344 1773; x_wconf 89' lang='lat' dir='ltr'>hoc</span> <span class='ocrx_word' id='word_1_294' title='bbox 1353 1736 1464 1773; x_wconf 84' lang='lat' dir='ltr'>osten—</span> 
     </span>
     <span class='ocr_line' id='line_1_41' title="bbox 521 1787 1467 1839; baseline -0.007 -9"><span class='ocrx_word' id='word_1_295' title='bbox 521 1794 569 1830; x_wconf 87' lang='lat' dir='ltr'>dit</span> <span class='ocrx_word' id='word_1_296' title='bbox 581 1806 621 1828; x_wconf 87' lang='lat' dir='ltr'>ex</span> <span class='ocrx_word' id='word_1_297' title='bbox 635 1796 699 1829; x_wconf 80' lang='lat' dir='ltr'>Dei</span> <span class='ocrx_word' id='word_1_298' title='bbox 712 1791 925 1839; x_wconf 73' lang='lat' dir='ltr'>dispolitinne</span> <span class='ocrx_word' id='word_1_299' title='bbox 936 1789 1054 1826; x_wconf 75' lang='lat' dir='ltr'>veniffe</span> <span class='ocrx_word' id='word_1_300' title='bbox 1062 1793 1120 1836; x_wconf 90' lang='lat' dir='ltr'>qui</span> <span class='ocrx_word' id='word_1_301' title='bbox 1141 1787 1225 1825; x_wconf 87' lang='lat' dir='ltr'>bene</span> <span class='ocrx_word' id='word_1_302' title='bbox 1244 1791 1293 1824; x_wconf 88' lang='lat' dir='ltr'>uti</span> <span class='ocrx_word' id='word_1_303' title='bbox 1319 1790 1416 1824; x_wconf 89' lang='lat' dir='ltr'>novit</span> <span class='ocrx_word' id='word_1_304' title='bbox 1433 1799 1467 1823; x_wconf 90' lang='lat' dir='ltr'>e·</span> 
     </span>
     <span class='ocr_line' id='line_1_42' title="bbox 522 1837 1468 1887; baseline -0.006 -7"><span class='ocrx_word' id='word_1_305' title='bbox 522 1847 602 1880; x_wconf 83' lang='lat' dir='ltr'>tiam</span> <span class='ocrx_word' id='word_1_306' title='bbox 621 1841 734 1879; x_wconf 84' lang='lat' dir='ltr'>malis:</span> <span class='ocrx_word' id='word_1_307' title='bbox 764 1853 829 1878; x_wconf 89' lang='lat' dir='ltr'>non</span> <span class='ocrx_word' id='word_1_308' title='bbox 840 1853 877 1878; x_wconf 87' lang='lat' dir='ltr'>ur</span> <span class='ocrx_word' id='word_1_309' title='bbox 887 1844 916 1877; x_wconf 87' lang='lat' dir='ltr'>ei</span> <span class='ocrx_word' id='word_1_310' title='bbox 932 1840 1054 1887; x_wconf 78' lang='lat' dir='ltr'>profint</span> <span class='ocrx_word' id='word_1_311' title='bbox 1067 1839 1136 1876; x_wconf 87' lang='lat' dir='ltr'>vasa</span> <span class='ocrx_word' id='word_1_312' title='bbox 1158 1842 1213 1876; x_wconf 84' lang='lat' dir='ltr'>irae</span> <span class='ocrx_word' id='word_1_313' title='bbox 1223 1864 1234 1882; x_wconf 92' lang='lat'>,</span> <span class='ocrx_word' id='word_1_314' title='bbox 1262 1837 1316 1875; x_wconf 70' lang='lat' dir='ltr'>fied</span> <span class='ocrx_word' id='word_1_315' title='bbox 1337 1850 1374 1875; x_wconf 84' lang='lat' dir='ltr'>ut</span> <span class='ocrx_word' id='word_1_316' title='bbox 1394 1837 1468 1886; x_wconf 81' lang='lat' dir='ltr'>ipso</span> 
     </span>
     <span class='ocr_line' id='line_1_43' title="bbox 522 1888 1461 1940; baseline -0.005 -9"><span class='ocrx_word' id='word_1_317' title='bbox 522 1893 588 1931; x_wconf 82' lang='lat' dir='ltr'>illis</span> <span class='ocrx_word' id='word_1_318' title='bbox 596 1893 677 1930; x_wconf 91' lang='lat' dir='ltr'>bene</span> <span class='ocrx_word' id='word_1_319' title='bbox 687 1903 802 1929; x_wconf 89' lang='lat' dir='ltr'>utente</span> <span class='ocrx_word' id='word_1_320' title='bbox 812 1918 824 1937; x_wconf 87' lang='lat'>‚</span> <span class='ocrx_word' id='word_1_321' title='bbox 851 1891 978 1940; x_wconf 77' lang='lat' dir='ltr'>prosint</span> <span class='ocrx_word' id='word_1_322' title='bbox 986 1890 1068 1926; x_wconf 80' lang='lat' dir='ltr'>vafis</span> <span class='ocrx_word' id='word_1_323' title='bbox 1087 1889 1317 1926; x_wconf 69' lang='lat' dir='ltr'>misericordiae</span> <span class='ocrx_word' id='word_1_324' title='bbox 1328 1917 1337 1925; x_wconf 92' lang='lat'><strong>.</strong></span> <span class='ocrx_word' id='word_1_325' title='bbox 1365 1888 1461 1935; x_wconf 85' lang='lat' dir='ltr'>Quid</span> 
     </span>
     <span class='ocr_line' id='line_1_44' title="bbox 524 1939 1461 1992; baseline -0.004 -11"><span class='ocrx_word' id='word_1_326' title='bbox 524 1948 610 1981; x_wconf 88' lang='lat' dir='ltr'>enim</span> <span class='ocrx_word' id='word_1_327' title='bbox 622 1947 764 1992; x_wconf 81' lang='lat' dir='ltr'>apertius</span> <span class='ocrx_word' id='word_1_328' title='bbox 773 1944 837 1979; x_wconf 76' lang='lat' dir='ltr'>dici</span> <span class='ocrx_word' id='word_1_329' title='bbox 851 1945 960 1989; x_wconf 87' lang='lat' dir='ltr'>potuit</span> <span class='ocrx_word' id='word_1_330' title='bbox 970 1967 982 1984; x_wconf 91' lang='lat'>,</span> <span class='ocrx_word' id='word_1_331' title='bbox 992 1954 1093 1989; x_wconf 88' lang='lat' dir='ltr'>quam</span> <span class='ocrx_word' id='word_1_332' title='bbox 1105 1941 1135 1976; x_wconf 85' lang='lat' dir='ltr'>id</span> <span class='ocrx_word' id='word_1_333' title='bbox 1149 1941 1240 1987; x_wconf 87' lang='lat' dir='ltr'>quod</span> <span class='ocrx_word' id='word_1_334' title='bbox 1252 1941 1382 1977; x_wconf 64' lang='lat' dir='ltr'>dictum</span> <span class='ocrx_word' id='word_1_335' title='bbox 1392 1939 1461 1978; x_wconf 70' lang='lat' dir='ltr'>ests</span> 
     </span>
     <span class='ocr_line' id='line_1_45' title="bbox 336 1992 1461 2040; baseline -0.004 -11"><span class='ocrx_word' id='word_1_336' title='bbox 336 2010 376 2040; x_wconf 75' lang='lat'>1„</span> <span class='ocrx_word' id='word_1_337' title='bbox 415 2005 504 2037; x_wconf 66' lang='lat' dir='ltr'>malo.</span> <span class='ocrx_word' id='word_1_338' title='bbox 525 1998 706 2028; x_wconf 73' lang='lat' dir='ltr'>Set-mulum</span> <span class='ocrx_word' id='word_1_339' title='bbox 717 1994 747 2027; x_wconf 86' lang='lat' dir='ltr'><em>E</em></span> <span class='ocrx_word' id='word_1_340' title='bbox 750 2001 941 2038; x_wconf 67' lang='lat' dir='ltr'>vange&#39;tum</span> <span class='ocrx_word' id='word_1_341' title='bbox 951 1992 1081 2038; x_wconf 73' lang='lat' dir='ltr'>quidem</span> <span class='ocrx_word' id='word_1_342' title='bbox 1093 1995 1212 2028; x_wconf 69' lang='lat' dir='ltr'>mimici</span> <span class='ocrx_word' id='word_1_343' title='bbox 1219 2000 1350 2037; x_wconf 79' lang='lat' dir='ltr'>propter</span> <span class='ocrx_word' id='word_1_344' title='bbox 1370 2002 1429 2024; x_wconf 80' lang='lat' dir='ltr'>vos</span> <span class='ocrx_word' id='word_1_345' title='bbox 1440 1994 1461 2024; x_wconf 89' lang='lat'><em>?</em></span> 
     </span>
     <span class='ocr_line' id='line_1_46' title="bbox 341 2041 1459 2091; baseline -0.002 -11"><span class='ocrx_word' id='word_1_346' title='bbox 341 2059 406 2080; x_wconf 73' lang='lat' dir='ltr'>rum</span> <span class='ocrx_word' id='word_1_347' title='bbox 424 2047 464 2077; x_wconf 82' lang='lat' dir='ltr'>est</span> <span class='ocrx_word' id='word_1_348' title='bbox 525 2044 583 2082; x_wconf 82' lang='lat' dir='ltr'>Est</span> <span class='ocrx_word' id='word_1_349' title='bbox 606 2056 689 2091; x_wconf 76' lang='lat' dir='ltr'>ergo</span> <span class='ocrx_word' id='word_1_350' title='bbox 709 2047 740 2079; x_wconf 91' lang='lat' dir='ltr'>in</span> <span class='ocrx_word' id='word_1_351' title='bbox 751 2045 914 2080; x_wconf 82' lang='lat' dir='ltr'>malorum</span> <span class='ocrx_word' id='word_1_352' title='bbox 937 2041 1096 2089; x_wconf 85' lang='lat' dir='ltr'>potestate</span> <span class='ocrx_word' id='word_1_353' title='bbox 1108 2055 1262 2091; x_wconf 86' lang='lat' dir='ltr'>peccare:</span> <span class='ocrx_word' id='word_1_354' title='bbox 1287 2053 1325 2078; x_wconf 90' lang='lat' dir='ltr'>ut</span> <span class='ocrx_word' id='word_1_355' title='bbox 1348 2053 1459 2079; x_wconf 80' lang='lat' dir='ltr'>autem</span> 
     </span>
     <span class='ocr_line' id='line_1_47' title="bbox 342 2090 1460 2144; baseline -0.004 -12"><span class='ocrx_word' id='word_1_356' title='bbox 342 2090 487 2131; x_wconf 56' lang='lat' dir='ltr'>Fou&#39;stffl&#39;</span> <span class='ocrx_word' id='word_1_357' title='bbox 501 2139 505 2142; x_wconf 41' lang='grc'><strong>,</strong></span> <span class='ocrx_word' id='word_1_358' title='bbox 527 2096 692 2144; x_wconf 87' lang='lat' dir='ltr'>peccando</span> <span class='ocrx_word' id='word_1_359' title='bbox 704 2093 770 2130; x_wconf 86' lang='lat' dir='ltr'>hoc</span> <span class='ocrx_word' id='word_1_360' title='bbox 784 2093 836 2130; x_wconf 91' lang='lat' dir='ltr'>vel</span> <span class='ocrx_word' id='word_1_361' title='bbox 849 2092 917 2130; x_wconf 88' lang='lat' dir='ltr'>hoc</span> <span class='ocrx_word' id='word_1_362' title='bbox 929 2093 982 2130; x_wconf 83' lang='lat' dir='ltr'>illa</span> <span class='ocrx_word' id='word_1_363' title='bbox 994 2093 1115 2129; x_wconf 85' lang='lat' dir='ltr'>malitia</span> <span class='ocrx_word' id='word_1_364' title='bbox 1127 2092 1246 2129; x_wconf 73' lang='lat' dir='ltr'>faciant</span> <span class='ocrx_word' id='word_1_365' title='bbox 1256 2118 1268 2134; x_wconf 94' lang='lat'>,</span> <span class='ocrx_word' id='word_1_366' title='bbox 1289 2105 1358 2128; x_wconf 91' lang='lat' dir='ltr'>non</span> <span class='ocrx_word' id='word_1_367' title='bbox 1369 2092 1416 2129; x_wconf 89' lang='lat' dir='ltr'>est</span> <span class='ocrx_word' id='word_1_368' title='bbox 1428 2096 1460 2128; x_wconf 90' lang='lat' dir='ltr'>in</span> 
     </span>
     <span class='ocr_line' id='line_1_48' title="bbox 341 2139 1461 2201; baseline -0.004 -17"><span class='ocrx_word' id='word_1_369' title='bbox 341 2139 506 2201; x_wconf 43' lang='lat' dir='ltr'>ffcssffiffi</span> <span class='ocrx_word' id='word_1_370' title='bbox 526 2159 643 2183; x_wconf 82' lang='lat' dir='ltr'>eorum</span> <span class='ocrx_word' id='word_1_371' title='bbox 658 2144 813 2192; x_wconf 79' lang='lat' dir='ltr'>potestate</span> <span class='ocrx_word' id='word_1_372' title='bbox 824 2170 836 2187; x_wconf 90' lang='lat'>‚</span> <span class='ocrx_word' id='word_1_373' title='bbox 863 2144 916 2180; x_wconf 85' lang='lat' dir='ltr'>sed</span> <span class='ocrx_word' id='word_1_374' title='bbox 930 2147 993 2180; x_wconf 88' lang='lat' dir='ltr'>Dei</span> <span class='ocrx_word' id='word_1_375' title='bbox 1006 2143 1187 2180; x_wconf 84' lang='lat' dir='ltr'>dividentis</span> <span class='ocrx_word' id='word_1_376' title='bbox 1196 2142 1384 2180; x_wconf 82' lang='lat' dir='ltr'>tenebras&amp;</span> <span class='ocrx_word' id='word_1_377' title='bbox 1405 2156 1461 2179; x_wconf 81' lang='lat' dir='ltr'>or·</span> 
     </span>
     <span class='ocr_line' id='line_1_49' title="bbox 342 2193 1460 2242; baseline -0.01 -1"><span class='ocrx_word' id='word_1_378' title='bbox 342 2211 403 2242; x_wconf 83' lang='lat' dir='ltr'>hoc</span> <span class='ocrx_word' id='word_1_379' title='bbox 437 2210 482 2238; x_wconf 78' lang='lat' dir='ltr'>vel</span> <span class='ocrx_word' id='word_1_380' title='bbox 528 2198 670 2233; x_wconf 78' lang='lat' dir='ltr'>dinantis</span> <span class='ocrx_word' id='word_1_381' title='bbox 681 2208 732 2230; x_wconf 81' lang='lat' dir='ltr'>eas</span> <span class='ocrx_word' id='word_1_382' title='bbox 745 2208 758 2235; x_wconf 85' lang='lat'>‚-</span> <span class='ocrx_word' id='word_1_383' title='bbox 782 2207 819 2231; x_wconf 90' lang='lat' dir='ltr'>ut</span> <span class='ocrx_word' id='word_1_384' title='bbox 831 2193 910 2230; x_wconf 89' lang='lat' dir='ltr'>hinc</span> <span class='ocrx_word' id='word_1_385' title='bbox 921 2206 1018 2230; x_wconf 74' lang='lat' dir='ltr'>etiam</span> <span class='ocrx_word' id='word_1_386' title='bbox 1029 2195 1121 2242; x_wconf 91' lang='lat' dir='ltr'>quod</span> <span class='ocrx_word' id='word_1_387' title='bbox 1134 2193 1256 2230; x_wconf 88' lang='lat' dir='ltr'>faciunt</span> <span class='ocrx_word' id='word_1_388' title='bbox 1264 2206 1381 2230; x_wconf 88' lang='lat' dir='ltr'>contra</span> <span class='ocrx_word' id='word_1_389' title='bbox 1401 2207 1460 2230; x_wconf 85' lang='lat' dir='ltr'>vo-</span> 
     </span>
     <span class='ocr_line' id='line_1_50' title="bbox 338 2244 1461 2291; baseline -0.002 -9"><span class='ocrx_word' id='word_1_390' title='bbox 338 2251 401 2282; x_wconf 76' lang='lat' dir='ltr'>lioc</span> <span class='ocrx_word' id='word_1_391' title='bbox 431 2250 482 2279; x_wconf 80' lang='lat' dir='ltr'>illa</span> <span class='ocrx_word' id='word_1_392' title='bbox 528 2247 684 2284; x_wconf 78' lang='lat' dir='ltr'>luntatem</span> <span class='ocrx_word' id='word_1_393' title='bbox 694 2249 759 2283; x_wconf 77' lang='lat' dir='ltr'>Dc·</span> <span class='ocrx_word' id='word_1_394' title='bbox 771 2270 782 2287; x_wconf 91' lang='lat'>‚</span> <span class='ocrx_word' id='word_1_395' title='bbox 808 2256 875 2280; x_wconf 92' lang='lat' dir='ltr'>non</span> <span class='ocrx_word' id='word_1_396' title='bbox 888 2245 1064 2291; x_wconf 86' lang='lat' dir='ltr'>impleatur</span> <span class='ocrx_word' id='word_1_397' title='bbox 1076 2244 1130 2279; x_wconf 83' lang='lat' dir='ltr'>nifi</span> <span class='ocrx_word' id='word_1_398' title='bbox 1141 2244 1294 2280; x_wconf 89' lang='lat' dir='ltr'>voluntas</span> <span class='ocrx_word' id='word_1_399' title='bbox 1304 2248 1390 2281; x_wconf 92' lang='lat' dir='ltr'>Dei.</span> <span class='ocrx_word' id='word_1_400' title='bbox 1400 2246 1461 2280; x_wconf 87' lang='lat' dir='ltr'>Le-</span> 
     </span>
     <span class='ocr_line' id='line_1_51' title="bbox 343 2290 1467 2344; baseline -0.002 -11"><span class='ocrx_word' id='word_1_401' title='bbox 343 2290 463 2322; x_wconf 64' lang='lat' dir='ltr'>m³¹¹¹l³</span> <span class='ocrx_word' id='word_1_402' title='bbox 524 2301 676 2344; x_wconf 79' lang='lat' dir='ltr'>gimusin</span> <span class='ocrx_word' id='word_1_403' title='bbox 690 2295 829 2332; x_wconf 66' lang='lat' dir='ltr'>Actibus</span> <span class='ocrx_word' id='word_1_404' title='bbox 839 2294 1084 2342; x_wconf 75' lang='lat' dir='ltr'>Apostolorum</span> <span class='ocrx_word' id='word_1_405' title='bbox 1095 2319 1107 2337; x_wconf 90' lang='lat'>,</span> <span class='ocrx_word' id='word_1_406' title='bbox 1133 2295 1226 2342; x_wconf 91' lang='lat' dir='ltr'>quod</span> <span class='ocrx_word' id='word_1_407' title='bbox 1252 2306 1329 2331; x_wconf 91' lang='lat' dir='ltr'>cum</span> <span class='ocrx_word' id='word_1_408' title='bbox 1346 2295 1467 2331; x_wconf 75' lang='lat' dir='ltr'>dimini</span> 
     </span>
     <span class='ocr_line' id='line_1_52' title="bbox 343 2332 1464 2403; baseline -0.004 -18"><span class='ocrx_word' id='word_1_409' title='bbox 343 2332 502 2403; x_wconf 48' lang='lat' dir='ltr'>{Zmffiffu}</span> <span class='ocrx_word' id='word_1_410' title='bbox 528 2361 546 2384; x_wconf 86' lang='lat' dir='ltr'>a</span> <span class='ocrx_word' id='word_1_411' title='bbox 566 2348 685 2389; x_wconf 82' lang='lat' dir='ltr'>Judaeis</span> <span class='ocrx_word' id='word_1_412' title='bbox 699 2345 854 2393; x_wconf 75' lang='lat' dir='ltr'>Apostoli</span> <span class='ocrx_word' id='word_1_413' title='bbox 876 2343 1030 2381; x_wconf 77' lang='lat' dir='ltr'>venissent</span> <span class='ocrx_word' id='word_1_414' title='bbox 1041 2346 1080 2381; x_wconf 91' lang='lat' dir='ltr'>ad</span> <span class='ocrx_word' id='word_1_415' title='bbox 1102 2344 1177 2380; x_wconf 89' lang='lat' dir='ltr'>suos</span> <span class='ocrx_word' id='word_1_416' title='bbox 1188 2371 1201 2389; x_wconf 89' lang='lat'>‚</span> <span class='ocrx_word' id='word_1_417' title='bbox 1225 2347 1258 2380; x_wconf 83' lang='lat'>&amp;</span> <span class='ocrx_word' id='word_1_418' title='bbox 1280 2343 1464 2382; x_wconf 87' lang='lat' dir='ltr'>indicaslent</span> 
     </span>
    </p>
   </div>
   <div class='ocr_carea' id='block_1_12' title="bbox 346 2394 1467 3897">
    <p class='ocr_par' dir='ltr' id='par_1_13' title="bbox 346 2394 1464 2541">
     <span class='ocr_line' id='line_1_53' title="bbox 350 2394 1463 2445; baseline -0.001 -13"><span class='ocrx_word' id='word_1_419' title='bbox 350 2413 426 2443; x_wconf 86' lang='lat' dir='ltr'>Dei.</span> <span class='ocrx_word' id='word_1_420' title='bbox 529 2403 650 2445; x_wconf 87' lang='lat' dir='ltr'>quanta</span> <span class='ocrx_word' id='word_1_421' title='bbox 661 2400 706 2432; x_wconf 89' lang='lat' dir='ltr'>eis</span> <span class='ocrx_word' id='word_1_422' title='bbox 717 2396 907 2432; x_wconf 84' lang='lat' dir='ltr'>Sacerdotes</span> <span class='ocrx_word' id='word_1_423' title='bbox 919 2400 952 2432; x_wconf 74' lang='grc' dir='ltr'>δι</span> <span class='ocrx_word' id='word_1_424' title='bbox 962 2398 1114 2432; x_wconf 85' lang='lat' dir='ltr'>Seniores</span> <span class='ocrx_word' id='word_1_425' title='bbox 1132 2395 1289 2432; x_wconf 86' lang='lat' dir='ltr'>dixerunt</span> <span class='ocrx_word' id='word_1_426' title='bbox 1301 2408 1312 2434; x_wconf 90' lang='lat'>;</span> <span class='ocrx_word' id='word_1_427' title='bbox 1335 2394 1463 2432; x_wconf 90' lang='lat' dir='ltr'>levave-</span> 
     </span>
     <span class='ocr_line' id='line_1_54' title="bbox 346 2446 1463 2489; baseline 0.001 -7"><span class='ocrx_word' id='word_1_428' title='bbox 346 2452 449 2487; x_wconf 52' lang='grc' dir='ltr'>ΛΕΜ.</span> <span class='ocrx_word' id='word_1_429' title='bbox 465 2461 512 2487; x_wconf 86' lang='lat'>24·</span> <span class='ocrx_word' id='word_1_430' title='bbox 530 2459 607 2483; x_wconf 89' lang='lat' dir='ltr'>runt</span> <span class='ocrx_word' id='word_1_431' title='bbox 619 2446 664 2482; x_wconf 89' lang='lat' dir='ltr'>illi</span> <span class='ocrx_word' id='word_1_432' title='bbox 676 2459 795 2483; x_wconf 87' lang='lat' dir='ltr'>vocem</span> <span class='ocrx_word' id='word_1_433' title='bbox 805 2450 974 2483; x_wconf 86' lang='lat' dir='ltr'>unanimes</span> <span class='ocrx_word' id='word_1_434' title='bbox 984 2458 1102 2482; x_wconf 88' lang='lat' dir='ltr'>omnes</span> <span class='ocrx_word' id='word_1_435' title='bbox 1125 2446 1166 2483; x_wconf 86' lang='lat' dir='ltr'>ad</span> <span class='ocrx_word' id='word_1_436' title='bbox 1187 2449 1403 2489; x_wconf 87' lang='lat' dir='ltr'>Dominum,</span> <span class='ocrx_word' id='word_1_437' title='bbox 1426 2449 1463 2483; x_wconf 83' lang='lat'>&amp;</span> 
     </span>
     <span class='ocr_line' id='line_1_55' title="bbox 347 2492 1464 2541; baseline -0.004 -8"><span class='ocrx_word' id='word_1_438' title='bbox 347 2492 451 2531; x_wconf 60' lang='lat' dir='ltr'><em>&amp;seq-</em></span> <span class='ocrx_word' id='word_1_439' title='bbox 529 2498 683 2534; x_wconf 78' lang='lat' dir='ltr'>dixerunt</span> <span class='ocrx_word' id='word_1_440' title='bbox 693 2522 705 2539; x_wconf 92' lang='lat'>,</span> <span class='ocrx_word' id='word_1_441' title='bbox 716 2497 855 2530; x_wconf 63' lang='lat' dir='ltr'>Domine</span> <span class='ocrx_word' id='word_1_442' title='bbox 866 2522 876 2537; x_wconf 84' lang='lat'>,</span> <span class='ocrx_word' id='word_1_443' title='bbox 887 2505 922 2528; x_wconf 78' lang='lat' dir='ltr'>tu</span> <span class='ocrx_word' id='word_1_444' title='bbox 932 2507 965 2529; x_wconf 86' lang='lat' dir='ltr'>es</span> <span class='ocrx_word' id='word_1_445' title='bbox 975 2507 1031 2541; x_wconf 77' lang='lat' dir='ltr'>qut</span> <span class='ocrx_word' id='word_1_446' title='bbox 1039 2494 1142 2539; x_wconf 78' lang='lat' dir='ltr'>fecisti</span> <span class='ocrx_word' id='word_1_447' title='bbox 1152 2496 1264 2529; x_wconf 80' lang='lat' dir='ltr'>caelum</span> <span class='ocrx_word' id='word_1_448' title='bbox 1275 2496 1318 2530; x_wconf 62' lang='grc' dir='ltr'><em>Θ</em></span> <span class='ocrx_word' id='word_1_449' title='bbox 1328 2505 1464 2538; x_wconf 84' lang='lat' dir='ltr'>terram,</span> 
     </span>
    </p>

    <p class='ocr_par' dir='ltr' id='par_1_14' title="bbox 350 2544 1467 2692">
     <span class='ocr_line' id='line_1_56' title="bbox 529 2544 1466 2591; baseline -0.003 -10"><span class='ocrx_word' id='word_1_450' title='bbox 529 2546 572 2581; x_wconf 69' lang='lat'>(9‘</span> <span class='ocrx_word' id='word_1_451' title='bbox 584 2559 670 2580; x_wconf 86' lang='lat' dir='ltr'>mare</span> <span class='ocrx_word' id='word_1_452' title='bbox 681 2546 724 2579; x_wconf 71' lang='lat'>(9⁶</span> <span class='ocrx_word' id='word_1_453' title='bbox 734 2545 838 2579; x_wconf 87' lang='lat' dir='ltr'>omnia</span> <span class='ocrx_word' id='word_1_454' title='bbox 851 2557 921 2591; x_wconf 81' lang='lat' dir='ltr'>quae</span> <span class='ocrx_word' id='word_1_455' title='bbox 931 2557 963 2577; x_wconf 87' lang='lat' dir='ltr'>m</span> <span class='ocrx_word' id='word_1_456' title='bbox 975 2546 1020 2578; x_wconf 87' lang='lat' dir='ltr'>eis</span> <span class='ocrx_word' id='word_1_457' title='bbox 1024 2545 1106 2589; x_wconf 77' lang='lat' dir='ltr'>sunt</span> <span class='ocrx_word' id='word_1_458' title='bbox 1114 2569 1127 2588; x_wconf 91' lang='lat'><strong>,</strong></span> <span class='ocrx_word' id='word_1_459' title='bbox 1152 2544 1207 2589; x_wconf 87' lang='lat' dir='ltr'>qui</span> <span class='ocrx_word' id='word_1_460' title='bbox 1222 2554 1282 2590; x_wconf 82' lang='lat' dir='ltr'>per</span> <span class='ocrx_word' id='word_1_461' title='bbox 1302 2557 1335 2578; x_wconf 86' lang='lat' dir='ltr'>os</span> <span class='ocrx_word' id='word_1_462' title='bbox 1355 2544 1466 2591; x_wconf 82' lang='lat' dir='ltr'>patris</span> 
     </span>
     <span class='ocr_line' id='line_1_57' title="bbox 350 2592 1467 2649; baseline -0.002 -19"><span class='ocrx_word' id='word_1_463' title='bbox 350 2612 400 2649; x_wconf 64' lang='lat' dir='ltr'>pfl</span> <span class='ocrx_word' id='word_1_464' title='bbox 426 2621 452 2640; x_wconf 46' lang='grc' dir='ltr'>,η</span> <span class='ocrx_word' id='word_1_465' title='bbox 485 2621 495 2640; x_wconf 63' lang='lat'>1</span> <span class='ocrx_word' id='word_1_466' title='bbox 531 2597 626 2639; x_wconf 68' lang='lat' dir='ltr'>nostri</span> <span class='ocrx_word' id='word_1_467' title='bbox 639 2595 785 2639; x_wconf 82' lang='lat' dir='ltr'>David,</span> <span class='ocrx_word' id='word_1_468' title='bbox 804 2594 912 2642; x_wconf 64' lang='lat' dir='ltr'>sanfi‘i</span> <span class='ocrx_word' id='word_1_469' title='bbox 919 2594 1015 2641; x_wconf 83' lang='lat' dir='ltr'>pueri</span> <span class='ocrx_word' id='word_1_470' title='bbox 1026 2594 1095 2638; x_wconf 82' lang='lat' dir='ltr'>tui,</span> <span class='ocrx_word' id='word_1_471' title='bbox 1123 2592 1252 2637; x_wconf 75' lang='lat' dir='ltr'>dixisti,</span> <span class='ocrx_word' id='word_1_472' title='bbox 1277 2592 1467 2638; x_wconf 69' lang='lat' dir='ltr'>,Quaresre-</span> 
     </span>
     <span class='ocr_line' id='line_1_58' title="bbox 351 2636 1466 2692; baseline -0.003 -11"><span class='ocrx_word' id='word_1_473' title='bbox 351 2651 392 2685; x_wconf 62' lang='grc' dir='ltr'>Φ·</span> <span class='ocrx_word' id='word_1_474' title='bbox 408 2661 439 2684; x_wconf 84' lang='lat'>2.</span> <span class='ocrx_word' id='word_1_475' title='bbox 504 2636 513 2645; x_wconf 55' lang='lat'><strong>⁹</strong></span> <span class='ocrx_word' id='word_1_476' title='bbox 532 2656 794 2692; x_wconf 76' lang='lat' dir='ltr'>mueruntgentes</span> <span class='ocrx_word' id='word_1_477' title='bbox 805 2672 815 2688; x_wconf 92' lang='lat'>,</span> <span class='ocrx_word' id='word_1_478' title='bbox 841 2645 1005 2692; x_wconf 74' lang='lat' dir='ltr'>&amp;populi</span> <span class='ocrx_word' id='word_1_479' title='bbox 1016 2644 1254 2690; x_wconf 84' lang='lat' dir='ltr'>meditatisunt</span> <span class='ocrx_word' id='word_1_480' title='bbox 1264 2643 1376 2679; x_wconf 79' lang='lat' dir='ltr'>inania</span> <span class='ocrx_word' id='word_1_481' title='bbox 1389 2644 1466 2686; x_wconf 64' lang='grc' dir='ltr'>μά·</span> 
     </span>
    </p>

    <p class='ocr_par' dir='ltr' id='par_1_15' title="bbox 526 2694 1466 2741">
     <span class='ocr_line' id='line_1_59' title="bbox 526 2694 1466 2741; baseline 0.001 -14"><span class='ocrx_word' id='word_1_482' title='bbox 526 2695 679 2739; x_wconf 67' lang='lat' dir='ltr'>stiterunt</span> <span class='ocrx_word' id='word_1_483' title='bbox 693 2696 801 2739; x_wconf 82' lang='lat' dir='ltr'>Reges</span> <span class='ocrx_word' id='word_1_484' title='bbox 813 2705 906 2728; x_wconf 77' lang='lat' dir='ltr'>terrae</span> <span class='ocrx_word' id='word_1_485' title='bbox 916 2721 926 2736; x_wconf 88' lang='lat'><em>‚</em></span> <span class='ocrx_word' id='word_1_486' title='bbox 953 2696 996 2730; x_wconf 60' lang='grc' dir='ltr'>δ’</span> <span class='ocrx_word' id='word_1_487' title='bbox 1009 2694 1178 2741; x_wconf 84' lang='lat' dir='ltr'>Principes</span> <span class='ocrx_word' id='word_1_488' title='bbox 1188 2704 1412 2729; x_wconf 83' lang='lat' dir='ltr'>convenerunt</span> <span class='ocrx_word' id='word_1_489' title='bbox 1431 2695 1466 2728; x_wconf 83' lang='lat' dir='ltr'>in</span> 
     </span>
    </p>

    <p class='ocr_par' dir='ltr' id='par_1_16' title="bbox 533 2743 1466 2790">
     <span class='ocr_line' id='line_1_60' title="bbox 533 2743 1466 2790; baseline -0.002 -10"><span class='ocrx_word' id='word_1_490' title='bbox 533 2757 631 2780; x_wconf 86' lang='lat' dir='ltr'>unum</span> <span class='ocrx_word' id='word_1_491' title='bbox 643 2770 653 2787; x_wconf 91' lang='lat'>,</span> <span class='ocrx_word' id='word_1_492' title='bbox 678 2743 835 2788; x_wconf 76' lang='lat' dir='ltr'>aaversus</span> <span class='ocrx_word' id='word_1_493' title='bbox 848 2743 1018 2777; x_wconf 81' lang='lat' dir='ltr'>Dominum</span> <span class='ocrx_word' id='word_1_494' title='bbox 1027 2743 1070 2778; x_wconf 71' lang='lat'>(9&#39;</span> <span class='ocrx_word' id='word_1_495' title='bbox 1079 2744 1241 2790; x_wconf 80' lang='lat' dir='ltr'>adversus</span> <span class='ocrx_word' id='word_1_496' title='bbox 1257 2744 1418 2787; x_wconf 68' lang='lat' dir='ltr'>Christum</span> <span class='ocrx_word' id='word_1_497' title='bbox 1438 2757 1466 2778; x_wconf 90' lang='lat' dir='ltr'>e-</span> 
     </span>
    </p>

    <p class='ocr_par' dir='ltr' id='par_1_17' title="bbox 530 2793 1465 2840">
     <span class='ocr_line' id='line_1_61' title="bbox 530 2793 1465 2840; baseline 0 -11"><span class='ocrx_word' id='word_1_498' title='bbox 530 2796 585 2840; x_wconf 80' lang='lat' dir='ltr'>jus</span> <span class='ocrx_word' id='word_1_499' title='bbox 597 2797 606 2826; x_wconf 89' lang='lat'>?</span> <span class='ocrx_word' id='word_1_500' title='bbox 634 2797 863 2828; x_wconf 82' lang='lat' dir='ltr'>Convenerunt</span> <span class='ocrx_word' id='word_1_501' title='bbox 876 2793 958 2826; x_wconf 86' lang='lat' dir='ltr'>enim</span> <span class='ocrx_word' id='word_1_502' title='bbox 968 2794 1004 2826; x_wconf 89' lang='lat' dir='ltr'>in</span> <span class='ocrx_word' id='word_1_503' title='bbox 1015 2794 1160 2827; x_wconf 80' lang='lat' dir='ltr'>veritate</span> <span class='ocrx_word' id='word_1_504' title='bbox 1170 2794 1204 2827; x_wconf 80' lang='lat' dir='ltr'>in</span> <span class='ocrx_word' id='word_1_505' title='bbox 1223 2794 1360 2831; x_wconf 78' lang='lat' dir='ltr'>civitate</span> <span class='ocrx_word' id='word_1_506' title='bbox 1379 2794 1444 2838; x_wconf 80' lang='lat' dir='ltr'>ista</span> <span class='ocrx_word' id='word_1_507' title='bbox 1454 2821 1465 2838; x_wconf 86' lang='lat'><em>‚</em></span> 
     </span>
    </p>

    <p class='ocr_par' dir='ltr' id='par_1_18' title="bbox 533 2844 1464 2891">
     <span class='ocr_line' id='line_1_62' title="bbox 533 2844 1464 2891; baseline -0.001 -11"><span class='ocrx_word' id='word_1_508' title='bbox 533 2845 697 2891; x_wconf 80' lang='lat' dir='ltr'>adversus</span> <span class='ocrx_word' id='word_1_509' title='bbox 702 2844 848 2891; x_wconf 73' lang='lat' dir='ltr'>JanHum</span> <span class='ocrx_word' id='word_1_510' title='bbox 857 2854 995 2891; x_wconf 84' lang='lat' dir='ltr'>puerum</span> <span class='ocrx_word' id='word_1_511' title='bbox 1005 2853 1093 2877; x_wconf 86' lang='lat' dir='ltr'>tuum</span> <span class='ocrx_word' id='word_1_512' title='bbox 1104 2846 1253 2888; x_wconf 86' lang='lat' dir='ltr'>JESUM</span> <span class='ocrx_word' id='word_1_513' title='bbox 1266 2857 1360 2891; x_wconf 85' lang='lat' dir='ltr'>quem</span> <span class='ocrx_word' id='word_1_514' title='bbox 1370 2844 1464 2879; x_wconf 77' lang='lat' dir='ltr'>unxi-</span> 
     </span>
    </p>

    <p class='ocr_par' dir='ltr' id='par_1_19' title="bbox 529 2894 1464 2941">
     <span class='ocr_line' id='line_1_63' title="bbox 529 2894 1464 2941; baseline 0.002 -14"><span class='ocrx_word' id='word_1_515' title='bbox 529 2895 574 2938; x_wconf 75' lang='lat' dir='ltr'>sti</span> <span class='ocrx_word' id='word_1_516' title='bbox 584 2922 594 2938; x_wconf 86' lang='lat'>‚</span> <span class='ocrx_word' id='word_1_517' title='bbox 621 2894 763 2928; x_wconf 82' lang='lat' dir='ltr'>Herodes</span> <span class='ocrx_word' id='word_1_518' title='bbox 776 2894 818 2929; x_wconf 70' lang='lat'>(9¹</span> <span class='ocrx_word' id='word_1_519' title='bbox 829 2894 956 2928; x_wconf 82' lang='lat' dir='ltr'>Pilatus</span> <span class='ocrx_word' id='word_1_520' title='bbox 968 2920 981 2938; x_wconf 89' lang='lat'>‚</span> <span class='ocrx_word' id='word_1_521' title='bbox 1006 2894 1194 2941; x_wconf 71' lang='lat' dir='ltr'>&amp;populus</span> <span class='ocrx_word' id='word_1_522' title='bbox 1214 2895 1331 2940; x_wconf 83' lang='lat' dir='ltr'>Israel,</span> <span class='ocrx_word' id='word_1_523' title='bbox 1354 2896 1464 2941; x_wconf 74' lang='lat' dir='ltr'>facere</span> 
     </span>
    </p>

    <p class='ocr_par' dir='ltr' id='par_1_20' title="bbox 535 2943 1464 2991">
     <span class='ocr_line' id='line_1_64' title="bbox 535 2943 1464 2991; baseline 0.001 -12"><span class='ocrx_word' id='word_1_524' title='bbox 535 2955 660 2991; x_wconf 80' lang='lat' dir='ltr'>quanta</span> <span class='ocrx_word' id='word_1_525' title='bbox 681 2957 790 2979; x_wconf 81' lang='lat' dir='ltr'>manus</span> <span class='ocrx_word' id='word_1_526' title='bbox 799 2944 907 2978; x_wconf 73' lang='lat' dir='ltr'>tua&amp;</span> <span class='ocrx_word' id='word_1_527' title='bbox 926 2943 1088 2985; x_wconf 79' lang='lat' dir='ltr'>confilium</span> <span class='ocrx_word' id='word_1_528' title='bbox 1112 2943 1356 2991; x_wconf 78' lang='lat' dir='ltr'>praedestinavit</span> <span class='ocrx_word' id='word_1_529' title='bbox 1367 2945 1446 2990; x_wconf 82' lang='lat' dir='ltr'>fieri</span> <span class='ocrx_word' id='word_1_530' title='bbox 1455 2971 1464 2980; x_wconf 92' lang='lat'><strong>.</strong></span> 
     </span>
    </p>

    <p class='ocr_par' dir='ltr' id='par_1_21' title="bbox 354 2995 1466 3897">
     <span class='ocr_line' id='line_1_65' title="bbox 534 2995 1466 3044; baseline -0.004 -12"><span class='ocrx_word' id='word_1_531' title='bbox 534 2999 624 3033; x_wconf 86' lang='lat' dir='ltr'>Ecce</span> <span class='ocrx_word' id='word_1_532' title='bbox 633 2997 723 3044; x_wconf 90' lang='lat' dir='ltr'>quod</span> <span class='ocrx_word' id='word_1_533' title='bbox 735 2996 862 3032; x_wconf 63' lang='lat' dir='ltr'>ditstum</span> <span class='ocrx_word' id='word_1_534' title='bbox 874 2995 922 3032; x_wconf 87' lang='lat' dir='ltr'>est</span> <span class='ocrx_word' id='word_1_535' title='bbox 932 3021 944 3039; x_wconf 91' lang='lat'>‚</span> <span class='ocrx_word' id='word_1_536' title='bbox 970 2997 996 3029; x_wconf 86' lang='lat' dir='ltr'><em>S</em></span> <span class='ocrx_word' id='word_1_537' title='bbox 999 2995 1154 3029; x_wconf 82' lang='lat' dir='ltr'>ecundum</span> <span class='ocrx_word' id='word_1_538' title='bbox 1165 2995 1382 3041; x_wconf 82' lang='lat' dir='ltr'>Evangelium</span> <span class='ocrx_word' id='word_1_539' title='bbox 1394 2995 1466 3043; x_wconf 81' lang='lat' dir='ltr'>qui·</span> 
     </span>
     <span class='ocr_line' id='line_1_66' title="bbox 354 3044 1466 3094; baseline 0.003 -14"><span class='ocrx_word' id='word_1_540' title='bbox 354 3051 436 3080; x_wconf 86' lang='lat' dir='ltr'>Rom.</span> <span class='ocrx_word' id='word_1_541' title='bbox 472 3058 518 3079; x_wconf 83' lang='lat' dir='ltr'>u.</span> <span class='ocrx_word' id='word_1_542' title='bbox 536 3047 606 3079; x_wconf 84' lang='lat' dir='ltr'>dem</span> <span class='ocrx_word' id='word_1_543' title='bbox 626 3045 751 3079; x_wconf 73' lang='lat' dir='ltr'>mimici</span> <span class='ocrx_word' id='word_1_544' title='bbox 758 3055 892 3092; x_wconf 78' lang='lat' dir='ltr'>propter</span> <span class='ocrx_word' id='word_1_545' title='bbox 901 3057 981 3080; x_wconf 85' lang='lat' dir='ltr'>vos.</span> <span class='ocrx_word' id='word_1_546' title='bbox 1008 3048 1116 3082; x_wconf 88' lang='lat' dir='ltr'>Tanta</span> <span class='ocrx_word' id='word_1_547' title='bbox 1125 3048 1251 3094; x_wconf 88' lang='lat' dir='ltr'>quippe</span> <span class='ocrx_word' id='word_1_548' title='bbox 1269 3044 1310 3082; x_wconf 86' lang='lat' dir='ltr'>ab</span> <span class='ocrx_word' id='word_1_549' title='bbox 1328 3049 1466 3083; x_wconf 86' lang='lat' dir='ltr'>inimicis</span> 
     </span>
     <span class='ocr_line' id='line_1_67' title="bbox 357 3091 1466 3144; baseline 0 -12"><span class='ocrx_word' id='word_1_550' title='bbox 357 3091 406 3120; x_wconf 77' lang='lat'>²3·</span> <span class='ocrx_word' id='word_1_551' title='bbox 538 3097 656 3139; x_wconf 83' lang='lat' dir='ltr'>Judaeis</span> <span class='ocrx_word' id='word_1_552' title='bbox 667 3109 779 3132; x_wconf 83' lang='lat' dir='ltr'>manus</span> <span class='ocrx_word' id='word_1_553' title='bbox 787 3100 851 3134; x_wconf 87' lang='lat' dir='ltr'>Dei</span> <span class='ocrx_word' id='word_1_554' title='bbox 865 3122 876 3138; x_wconf 93' lang='lat'>,</span> <span class='ocrx_word' id='word_1_555' title='bbox 901 3100 935 3132; x_wconf 64' lang='grc' dir='ltr'>ὅ(</span> <span class='ocrx_word' id='word_1_556' title='bbox 946 3095 1119 3133; x_wconf 84' lang='lat' dir='ltr'>confilium</span> <span class='ocrx_word' id='word_1_557' title='bbox 1132 3095 1370 3144; x_wconf 77' lang='lat' dir='ltr'>praedestinavit</span> <span class='ocrx_word' id='word_1_558' title='bbox 1379 3098 1466 3142; x_wconf 85' lang='lat' dir='ltr'>ficri,</span> 
     </span>
     <span class='ocr_line' id='line_1_68' title="bbox 535 3146 1465 3196; baseline 0 -13"><span class='ocrx_word' id='word_1_559' title='bbox 535 3158 655 3194; x_wconf 87' lang='lat' dir='ltr'>quanta</span> <span class='ocrx_word' id='word_1_560' title='bbox 667 3146 833 3183; x_wconf 75' lang='lat' dir='ltr'>necessaria</span> <span class='ocrx_word' id='word_1_561' title='bbox 843 3146 976 3183; x_wconf 88' lang='lat' dir='ltr'>fuerunt</span> <span class='ocrx_word' id='word_1_562' title='bbox 988 3147 1171 3194; x_wconf 82' lang='lat' dir='ltr'>Evangelio</span> <span class='ocrx_word' id='word_1_563' title='bbox 1180 3157 1318 3196; x_wconf 87' lang='lat' dir='ltr'>propter</span> <span class='ocrx_word' id='word_1_564' title='bbox 1329 3149 1465 3184; x_wconf 86' lang='lat' dir='ltr'>nos.Sed</span> 
     </span>
     <span class='ocr_line' id='line_1_69' title="bbox 535 3195 1462 3244; baseline 0.002 -15"><span class='ocrx_word' id='word_1_565' title='bbox 535 3197 616 3244; x_wconf 84' lang='lat' dir='ltr'>quid</span> <span class='ocrx_word' id='word_1_566' title='bbox 629 3196 776 3244; x_wconf 84' lang='lat' dir='ltr'>estquod</span> <span class='ocrx_word' id='word_1_567' title='bbox 788 3196 933 3244; x_wconf 83' lang='lat' dir='ltr'>sequitur</span> <span class='ocrx_word' id='word_1_568' title='bbox 944 3224 956 3241; x_wconf 84' lang='lat'>‚</span> <span class='ocrx_word' id='word_1_569' title='bbox 971 3197 1154 3229; x_wconf 68' lang='lat' dir='ltr'>secundum</span> <span class='ocrx_word' id='word_1_570' title='bbox 1165 3195 1346 3230; x_wconf 67' lang='lat' dir='ltr'>eleHionem</span> <span class='ocrx_word' id='word_1_571' title='bbox 1356 3208 1462 3231; x_wconf 84' lang='lat' dir='ltr'>autem</span> 
     </span>
     <span class='ocr_line' id='line_1_70' title="bbox 534 3245 1463 3295; baseline 0.006 -17"><span class='ocrx_word' id='word_1_572' title='bbox 534 3245 786 3292; x_wconf 70' lang='lat' dir='ltr'>dilec‘iipropter</span> <span class='ocrx_word' id='word_1_573' title='bbox 795 3248 929 3292; x_wconf 59' lang='lat' dir='ltr'>patres?</span> <span class='ocrx_word' id='word_1_574' title='bbox 954 3247 1133 3295; x_wconf 83' lang='lat' dir='ltr'>Numquid</span> <span class='ocrx_word' id='word_1_575' title='bbox 1145 3247 1190 3283; x_wconf 91' lang='lat' dir='ltr'>illi</span> <span class='ocrx_word' id='word_1_576' title='bbox 1210 3251 1335 3284; x_wconf 90' lang='lat' dir='ltr'>inimici</span> <span class='ocrx_word' id='word_1_577' title='bbox 1353 3252 1409 3295; x_wconf 92' lang='lat' dir='ltr'>qui</span> <span class='ocrx_word' id='word_1_578' title='bbox 1432 3252 1463 3284; x_wconf 88' lang='lat' dir='ltr'>in</span> 
     </span>
     <span class='ocr_line' id='line_1_71' title="bbox 532 3296 1462 3346; baseline 0.002 -13"><span class='ocrx_word' id='word_1_579' title='bbox 532 3296 595 3333; x_wconf 90' lang='lat' dir='ltr'>suis</span> <span class='ocrx_word' id='word_1_580' title='bbox 606 3300 781 3332; x_wconf 85' lang='lat' dir='ltr'>inimicitiis</span> <span class='ocrx_word' id='word_1_581' title='bbox 792 3302 960 3346; x_wconf 87' lang='lat' dir='ltr'>perierunt</span> <span class='ocrx_word' id='word_1_582' title='bbox 971 3323 982 3341; x_wconf 90' lang='lat'>‚</span> <span class='ocrx_word' id='word_1_583' title='bbox 1009 3302 1043 3334; x_wconf 68' lang='grc' dir='ltr'>δε</span> <span class='ocrx_word' id='word_1_584' title='bbox 1053 3298 1251 3335; x_wconf 85' lang='lat' dir='ltr'>adversantes</span> <span class='ocrx_word' id='word_1_585' title='bbox 1261 3296 1401 3335; x_wconf 86' lang='lat' dir='ltr'>Christo</span> <span class='ocrx_word' id='word_1_586' title='bbox 1418 3299 1462 3335; x_wconf 88' lang='lat' dir='ltr'>de</span> 
     </span>
     <span class='ocr_line' id='line_1_72' title="bbox 532 3347 1458 3397; baseline 0.002 -15"><span class='ocrx_word' id='word_1_587' title='bbox 532 3358 631 3394; x_wconf 79' lang='lat' dir='ltr'>gente</span> <span class='ocrx_word' id='word_1_588' title='bbox 641 3347 705 3395; x_wconf 71' lang='lat' dir='ltr'>ipsa</span> <span class='ocrx_word' id='word_1_589' title='bbox 717 3347 826 3384; x_wconf 88' lang='lat' dir='ltr'>adhuc</span> <span class='ocrx_word' id='word_1_590' title='bbox 841 3359 998 3393; x_wconf 87' lang='lat' dir='ltr'>pereunt,</span> <span class='ocrx_word' id='word_1_591' title='bbox 1010 3347 1066 3395; x_wconf 85' lang='lat' dir='ltr'>ipfi</span> <span class='ocrx_word' id='word_1_592' title='bbox 1078 3347 1150 3385; x_wconf 91' lang='lat' dir='ltr'>sunt</span> <span class='ocrx_word' id='word_1_593' title='bbox 1161 3348 1254 3385; x_wconf 67' lang='lat' dir='ltr'>electi</span> <span class='ocrx_word' id='word_1_594' title='bbox 1266 3360 1364 3397; x_wconf 85' lang='lat' dir='ltr'>atque</span> <span class='ocrx_word' id='word_1_595' title='bbox 1380 3349 1458 3384; x_wconf 67' lang='lat' dir='ltr'>dile-</span> 
     </span>
     <span class='ocr_line' id='line_1_73' title="bbox 533 3396 1459 3444; baseline 0.002 -12"><span class='ocrx_word' id='word_1_596' title='bbox 533 3398 601 3432; x_wconf 70' lang='lat' dir='ltr'>fti?</span> <span class='ocrx_word' id='word_1_597' title='bbox 627 3396 739 3433; x_wconf 77' lang='lat' dir='ltr'>Absit:</span> <span class='ocrx_word' id='word_1_598' title='bbox 766 3402 838 3444; x_wconf 90' lang='lat' dir='ltr'>quis</span> <span class='ocrx_word' id='word_1_599' title='bbox 852 3397 917 3434; x_wconf 87' lang='lat' dir='ltr'>hoc</span> <span class='ocrx_word' id='word_1_600' title='bbox 937 3398 988 3433; x_wconf 88' lang='lat' dir='ltr'>vel</span> <span class='ocrx_word' id='word_1_601' title='bbox 1007 3397 1208 3435; x_wconf 81' lang='lat' dir='ltr'>stultiffimus</span> <span class='ocrx_word' id='word_1_602' title='bbox 1225 3399 1371 3436; x_wconf 84' lang='lat' dir='ltr'>dixerit?</span> <span class='ocrx_word' id='word_1_603' title='bbox 1395 3398 1459 3434; x_wconf 81' lang='lat' dir='ltr'>Sed</span> 
     </span>
     <span class='ocr_line' id='line_1_74' title="bbox 533 3447 1458 3494; baseline 0.002 -12"><span class='ocrx_word' id='word_1_604' title='bbox 533 3457 709 3492; x_wconf 81' lang='lat' dir='ltr'>utrumque</span> <span class='ocrx_word' id='word_1_605' title='bbox 720 3447 796 3483; x_wconf 80' lang='lat' dir='ltr'>licet</span> <span class='ocrx_word' id='word_1_606' title='bbox 806 3451 892 3484; x_wconf 90' lang='lat' dir='ltr'>inter</span> <span class='ocrx_word' id='word_1_607' title='bbox 903 3447 933 3483; x_wconf 89' lang='lat' dir='ltr'>se</span> <span class='ocrx_word' id='word_1_608' title='bbox 943 3452 1146 3485; x_wconf 86' lang='lat' dir='ltr'>contrarium</span> <span class='ocrx_word' id='word_1_609' title='bbox 1157 3474 1169 3492; x_wconf 93' lang='lat'>‚</span> <span class='ocrx_word' id='word_1_610' title='bbox 1194 3449 1225 3485; x_wconf 90' lang='lat' dir='ltr'>id</span> <span class='ocrx_word' id='word_1_611' title='bbox 1237 3448 1283 3484; x_wconf 89' lang='lat' dir='ltr'>est</span> <span class='ocrx_word' id='word_1_612' title='bbox 1294 3476 1306 3494; x_wconf 88' lang='lat'>,</span> <span class='ocrx_word' id='word_1_613' title='bbox 1331 3452 1458 3485; x_wconf 75' lang='lat' dir='ltr'>inimici</span> 
     </span>
     <span class='ocr_line' id='line_1_75' title="bbox 533 3494 1457 3544; baseline 0.006 -16"><span class='ocrx_word' id='word_1_614' title='bbox 533 3497 567 3530; x_wconf 76' lang='grc' dir='ltr'>δι</span> <span class='ocrx_word' id='word_1_615' title='bbox 579 3494 688 3530; x_wconf 68' lang='lat' dir='ltr'>dilecti</span> <span class='ocrx_word' id='word_1_616' title='bbox 701 3523 713 3540; x_wconf 92' lang='lat'>,</span> <span class='ocrx_word' id='word_1_617' title='bbox 738 3502 888 3544; x_wconf 83' lang='lat' dir='ltr'>quamvis</span> <span class='ocrx_word' id='word_1_618' title='bbox 899 3511 966 3533; x_wconf 90' lang='lat' dir='ltr'>non</span> <span class='ocrx_word' id='word_1_619' title='bbox 979 3502 1011 3533; x_wconf 91' lang='lat' dir='ltr'>in</span> <span class='ocrx_word' id='word_1_620' title='bbox 1023 3499 1154 3535; x_wconf 88' lang='lat' dir='ltr'>eosdem</span> <span class='ocrx_word' id='word_1_621' title='bbox 1166 3498 1317 3536; x_wconf 89' lang='lat' dir='ltr'>homines</span> <span class='ocrx_word' id='word_1_622' title='bbox 1328 3525 1338 3542; x_wconf 91' lang='lat'>,</span> <span class='ocrx_word' id='word_1_623' title='bbox 1349 3511 1457 3535; x_wconf 86' lang='lat' dir='ltr'>tamen</span> 
     </span>
     <span class='ocr_line' id='line_1_76' title="bbox 531 3545 1459 3592; baseline 0.008 -13"><span class='ocrx_word' id='word_1_624' title='bbox 531 3546 568 3580; x_wconf 85' lang='lat' dir='ltr'>in</span> <span class='ocrx_word' id='word_1_625' title='bbox 580 3545 726 3581; x_wconf 85' lang='lat' dir='ltr'>eamdem</span> <span class='ocrx_word' id='word_1_626' title='bbox 736 3559 867 3592; x_wconf 84' lang='lat' dir='ltr'>gentem</span> <span class='ocrx_word' id='word_1_627' title='bbox 877 3551 1033 3585; x_wconf 85' lang='lat' dir='ltr'>convenit</span> <span class='ocrx_word' id='word_1_628' title='bbox 1043 3549 1234 3591; x_wconf 87' lang='lat' dir='ltr'>Judaeorum</span> <span class='ocrx_word' id='word_1_629' title='bbox 1247 3575 1258 3592; x_wconf 95' lang='lat'>,</span> <span class='ocrx_word' id='word_1_630' title='bbox 1276 3552 1310 3585; x_wconf 76' lang='grc' dir='ltr'>δι</span> <span class='ocrx_word' id='word_1_631' title='bbox 1319 3550 1359 3586; x_wconf 86' lang='lat' dir='ltr'>ad</span> <span class='ocrx_word' id='word_1_632' title='bbox 1370 3549 1459 3586; x_wconf 86' lang='lat' dir='ltr'>idem</span> 
     </span>
     <span class='ocr_line' id='line_1_77' title="bbox 536 3594 1459 3643; baseline 0.009 -15"><span class='ocrx_word' id='word_1_633' title='bbox 536 3594 662 3629; x_wconf 86' lang='lat' dir='ltr'>carnale</span> <span class='ocrx_word' id='word_1_634' title='bbox 675 3594 780 3631; x_wconf 84' lang='lat' dir='ltr'>semen</span> <span class='ocrx_word' id='word_1_635' title='bbox 794 3599 886 3634; x_wconf 85' lang='lat' dir='ltr'>Israel</span> <span class='ocrx_word' id='word_1_636' title='bbox 896 3623 909 3641; x_wconf 88' lang='lat'>,</span> <span class='ocrx_word' id='word_1_637' title='bbox 918 3598 988 3634; x_wconf 83' lang='lat' dir='ltr'>aliis</span> <span class='ocrx_word' id='word_1_638' title='bbox 995 3611 1111 3636; x_wconf 88' lang='lat' dir='ltr'>eorum</span> <span class='ocrx_word' id='word_1_639' title='bbox 1121 3599 1158 3635; x_wconf 88' lang='lat' dir='ltr'>ad</span> <span class='ocrx_word' id='word_1_640' title='bbox 1171 3599 1459 3643; x_wconf 82' lang='lat' dir='ltr'>claudicationem,</span> 
     </span>
     <span class='ocr_line' id='line_1_78' title="bbox 535 3642 1458 3698; baseline 0.009 -20"><span class='ocrx_word' id='word_1_641' title='bbox 535 3642 605 3678; x_wconf 79' lang='lat' dir='ltr'>aliis</span> <span class='ocrx_word' id='word_1_642' title='bbox 624 3643 664 3679; x_wconf 88' lang='lat' dir='ltr'>ad</span> <span class='ocrx_word' id='word_1_643' title='bbox 690 3643 949 3684; x_wconf 66' lang='lat' dir='ltr'>benedictionem</span> <span class='ocrx_word' id='word_1_644' title='bbox 968 3649 1065 3685; x_wconf 87' lang='lat' dir='ltr'>Israel</span> <span class='ocrx_word' id='word_1_645' title='bbox 1083 3649 1180 3698; x_wconf 69' lang='lat' dir='ltr'>ipsius</span> <span class='ocrx_word' id='word_1_646' title='bbox 1200 3650 1441 3697; x_wconf 84' lang='lat' dir='ltr'>pertinentibus</span> <span class='ocrx_word' id='word_1_647' title='bbox 1450 3678 1458 3686; x_wconf 85' lang='lat'>.</span> 
     </span>
     <span class='ocr_line' id='line_1_79' title="bbox 535 3694 1458 3747; baseline 0.007 -18"><span class='ocrx_word' id='word_1_648' title='bbox 535 3695 637 3729; x_wconf 90' lang='lat' dir='ltr'>Hunc</span> <span class='ocrx_word' id='word_1_649' title='bbox 648 3698 735 3730; x_wconf 82' lang='lat' dir='ltr'>enim</span> <span class='ocrx_word' id='word_1_650' title='bbox 745 3694 868 3732; x_wconf 88' lang='lat' dir='ltr'>sensum</span> <span class='ocrx_word' id='word_1_651' title='bbox 878 3702 1017 3743; x_wconf 87' lang='lat' dir='ltr'>apertius</span> <span class='ocrx_word' id='word_1_652' title='bbox 1028 3699 1172 3747; x_wconf 89' lang='lat' dir='ltr'>superius</span> <span class='ocrx_word' id='word_1_653' title='bbox 1181 3700 1359 3747; x_wconf 88' lang='lat' dir='ltr'>explicavit</span> <span class='ocrx_word' id='word_1_654' title='bbox 1369 3726 1381 3743; x_wconf 90' lang='lat'>‚</span> <span class='ocrx_word' id='word_1_655' title='bbox 1400 3699 1458 3736; x_wconf 88' lang='lat' dir='ltr'>ubi</span> 
     </span>
     <span class='ocr_line' id='line_1_80' title="bbox 534 3742 1459 3796; baseline 0.003 -17"><span class='ocrx_word' id='word_1_656' title='bbox 534 3745 602 3793; x_wconf 55' lang='lat' dir='ltr'>ait,</span> <span class='ocrx_word' id='word_1_657' title='bbox 622 3742 719 3794; x_wconf 24' lang='lat' dir='ltr'>‘Qod</span> <span class='ocrx_word' id='word_1_658' title='bbox 728 3746 888 3788; x_wconf 85' lang='lat' dir='ltr'>quaerebat</span> <span class='ocrx_word' id='word_1_659' title='bbox 903 3746 1021 3791; x_wconf 75' lang='lat' dir='ltr'>Israel,</span> <span class='ocrx_word' id='word_1_660' title='bbox 1046 3748 1101 3782; x_wconf 79' lang='lat' dir='ltr'>hoc</span> <span class='ocrx_word' id='word_1_661' title='bbox 1121 3761 1180 3783; x_wconf 81' lang='lat' dir='ltr'>nou</span> <span class='ocrx_word' id='word_1_662' title='bbox 1200 3751 1241 3790; x_wconf 69' lang='lat' dir='ltr'>qli</span> <span class='ocrx_word' id='word_1_663' title='bbox 1260 3751 1437 3796; x_wconf 70' lang='lat' dir='ltr'>consecutus</span> <span class='ocrx_word' id='word_1_664' title='bbox 1449 3776 1459 3791; x_wconf 87' lang='lat'>,</span> 
     </span>
     <span class='ocr_line' id='line_1_81' title="bbox 534 3790 1459 3844; baseline 0.01 -20"><span class='ocrx_word' id='word_1_665' title='bbox 534 3790 644 3826; x_wconf 64' lang='lat' dir='ltr'>eleblto</span> <span class='ocrx_word' id='word_1_666' title='bbox 656 3801 762 3825; x_wconf 86' lang='lat' dir='ltr'>autem</span> <span class='ocrx_word' id='word_1_667' title='bbox 771 3795 930 3838; x_wconf 82' lang='lat' dir='ltr'>consecuta</span> <span class='ocrx_word' id='word_1_668' title='bbox 941 3798 983 3836; x_wconf 82' lang='lat' dir='ltr'>est</span> <span class='ocrx_word' id='word_1_669' title='bbox 994 3822 1004 3838; x_wconf 87' lang='lat'>‚</span> <span class='ocrx_word' id='word_1_670' title='bbox 1030 3797 1125 3831; x_wconf 83' lang='lat' dir='ltr'>ceteri</span> <span class='ocrx_word' id='word_1_671' title='bbox 1135 3810 1212 3831; x_wconf 79' lang='lat' dir='ltr'>vero</span> <span class='ocrx_word' id='word_1_672' title='bbox 1223 3798 1459 3844; x_wconf 76' lang='lat' dir='ltr'>excaeeatisunt.</span> 
     </span>
     <span class='ocr_line' id='line_1_82' title="bbox 533 3841 1462 3897; baseline 0.006 -17"><span class='ocrx_word' id='word_1_673' title='bbox 533 3845 575 3880; x_wconf 90' lang='lat' dir='ltr'>In</span> <span class='ocrx_word' id='word_1_674' title='bbox 594 3841 740 3890; x_wconf 85' lang='lat' dir='ltr'>utrisque</span> <span class='ocrx_word' id='word_1_675' title='bbox 751 3854 856 3881; x_wconf 83' lang='lat' dir='ltr'>tamen</span> <span class='ocrx_word' id='word_1_676' title='bbox 868 3846 1031 3894; x_wconf 82' lang='lat' dir='ltr'>idemipse</span> <span class='ocrx_word' id='word_1_677' title='bbox 1042 3848 1158 3886; x_wconf 84' lang='lat' dir='ltr'>Israel.</span> <span class='ocrx_word' id='word_1_678' title='bbox 1185 3847 1251 3885; x_wconf 87' lang='lat' dir='ltr'>Ubi</span> <span class='ocrx_word' id='word_1_679' title='bbox 1277 3862 1358 3897; x_wconf 86' lang='lat' dir='ltr'>ergo</span> <span class='ocrx_word' id='word_1_680' title='bbox 1374 3849 1462 3886; x_wconf 86' lang='lat' dir='ltr'>audi-</span> 
     </span>
    </p>
   </div>
   <div class='ocr_carea' id='block_1_13' title="bbox 358 3206 477 3240">
    <p class='ocr_par' dir='ltr' id='par_1_22' title="bbox 358 3206 477 3240">
     <span class='ocr_line' id='line_1_83' title="bbox 358 3206 477 3240; baseline 0 0"><span class='ocrx_word' id='word_1_681' title='bbox 358 3206 477 3240; x_wconf 80' lang='lat' dir='ltr'>Ibidem.</span> 
     </span>
    </p>
   </div>
   <div class='ocr_carea' id='block_1_14' title="bbox 354 3763 477 3798">
    <p class='ocr_par' dir='ltr' id='par_1_23' title="bbox 354 3763 477 3798">
     <span class='ocr_line' id='line_1_84' title="bbox 354 3763 477 3798; baseline -0.024 -2"><span class='ocrx_word' id='word_1_682' title='bbox 354 3763 427 3796; x_wconf 69' lang='lat' dir='ltr'>ibid.</span> <span class='ocrx_word' id='word_1_683' title='bbox 447 3771 477 3798; x_wconf 83' lang='lat'>7.</span> 
     </span>
    </p>
   </div>
   <div class='ocr_carea' id='block_1_15' title="bbox 1521 367 2643 928">
    <p class='ocr_par' dir='ltr' id='par_1_24' title="bbox 1525 367 2468 424">
     <span class='ocr_line' id='line_1_85' title="bbox 1525 367 2468 424; baseline -0.005 -14"><span class='ocrx_word' id='word_1_684' title='bbox 1525 378 1605 424; x_wconf 76' lang='lat' dir='ltr'>sunt</span> <span class='ocrx_word' id='word_1_685' title='bbox 1615 401 1626 419; x_wconf 96' lang='lat'>‚</span> <span class='ocrx_word' id='word_1_686' title='bbox 1651 375 1698 411; x_wconf 89' lang='lat' dir='ltr'>ibi</span> <span class='ocrx_word' id='word_1_687' title='bbox 1708 374 1913 422; x_wconf 88' lang='lat' dir='ltr'>intelligendi</span> <span class='ocrx_word' id='word_1_688' title='bbox 1925 374 1997 412; x_wconf 90' lang='lat' dir='ltr'>sunt</span> <span class='ocrx_word' id='word_1_689' title='bbox 2008 376 2133 411; x_wconf 87' lang='lat' dir='ltr'>inimici</span> <span class='ocrx_word' id='word_1_690' title='bbox 2145 382 2285 421; x_wconf 81' lang='lat' dir='ltr'>propter</span> <span class='ocrx_word' id='word_1_691' title='bbox 2303 383 2382 407; x_wconf 84' lang='lat' dir='ltr'>nos:</span> <span class='ocrx_word' id='word_1_692' title='bbox 2407 367 2468 406; x_wconf 88' lang='lat' dir='ltr'>ubi</span> 
     </span>
    </p>

    <p class='ocr_par' dir='ltr' id='par_1_25' title="bbox 1534 418 2467 470">
     <span class='ocr_line' id='line_1_86' title="bbox 1534 418 2467 470; baseline -0.005 -11"><span class='ocrx_word' id='word_1_693' title='bbox 1534 439 1616 463; x_wconf 86' lang='lat' dir='ltr'>vero</span> <span class='ocrx_word' id='word_1_694' title='bbox 1625 425 1774 463; x_wconf 79' lang='lat' dir='ltr'>audimus</span> <span class='ocrx_word' id='word_1_695' title='bbox 1783 451 1795 468; x_wconf 86' lang='lat'><strong>,</strong></span> <span class='ocrx_word' id='word_1_696' title='bbox 1815 424 1924 459; x_wconf 67' lang='lat' dir='ltr'>eleffio</span> <span class='ocrx_word' id='word_1_697' title='bbox 1933 435 2040 459; x_wconf 85' lang='lat' dir='ltr'>autem</span> <span class='ocrx_word' id='word_1_698' title='bbox 2051 423 2218 470; x_wconf 79' lang='lat' dir='ltr'>consecuta</span> <span class='ocrx_word' id='word_1_699' title='bbox 2228 419 2271 463; x_wconf 77' lang='lat' dir='ltr'>est</span> <span class='ocrx_word' id='word_1_700' title='bbox 2282 433 2295 461; x_wconf 89' lang='lat'><em>;</em></span> <span class='ocrx_word' id='word_1_701' title='bbox 2315 421 2359 458; x_wconf 91' lang='lat' dir='ltr'>ibi</span> <span class='ocrx_word' id='word_1_702' title='bbox 2370 418 2467 457; x_wconf 90' lang='lat' dir='ltr'>intel-</span> 
     </span>
    </p>

    <p class='ocr_par' dir='ltr' id='par_1_26' title="bbox 1533 469 2466 525">
     <span class='ocr_line' id='line_1_87' title="bbox 1533 469 2466 525; baseline -0.01 -11"><span class='ocrx_word' id='word_1_703' title='bbox 1533 477 1656 525; x_wconf 87' lang='lat' dir='ltr'>ligendi</span> <span class='ocrx_word' id='word_1_704' title='bbox 1665 475 1738 512; x_wconf 89' lang='lat' dir='ltr'>sunt</span> <span class='ocrx_word' id='word_1_705' title='bbox 1746 475 1858 512; x_wconf 64' lang='lat' dir='ltr'>dilecti</span> <span class='ocrx_word' id='word_1_706' title='bbox 1869 487 2008 525; x_wconf 88' lang='lat' dir='ltr'>propter</span> <span class='ocrx_word' id='word_1_707' title='bbox 2028 486 2153 524; x_wconf 71' lang='lat' dir='ltr'>patrese</span> <span class='ocrx_word' id='word_1_708' title='bbox 2180 470 2301 521; x_wconf 80' lang='lat' dir='ltr'>quibus</span> <span class='ocrx_word' id='word_1_709' title='bbox 2319 469 2466 524; x_wconf 77' lang='lat' dir='ltr'>patribus</span> 
     </span>
    </p>

    <p class='ocr_par' dir='ltr' id='par_1_27' title="bbox 1527 509 2643 624">
     <span class='ocr_line' id='line_1_88' title="bbox 1533 509 2643 575; baseline -0.012 -11"><span class='ocrx_word' id='word_1_710' title='bbox 1533 531 1649 575; x_wconf 89' lang='lat' dir='ltr'>utique</span> <span class='ocrx_word' id='word_1_711' title='bbox 1659 524 1715 563; x_wconf 83' lang='lat' dir='ltr'>ista</span> <span class='ocrx_word' id='word_1_712' title='bbox 1726 522 1880 575; x_wconf 76' lang='lat' dir='ltr'>promissa</span> <span class='ocrx_word' id='word_1_713' title='bbox 1891 526 1964 563; x_wconf 86' lang='lat' dir='ltr'>sunt</span> <span class='ocrx_word' id='word_1_714' title='bbox 1974 554 1983 563; x_wconf 92' lang='lat'>.</span> <span class='ocrx_word' id='word_1_715' title='bbox 2005 523 2147 560; x_wconf 79' lang='lat' dir='ltr'>Abrahae</span> <span class='ocrx_word' id='word_1_716' title='bbox 2155 527 2282 573; x_wconf 89' lang='lat' dir='ltr'>quippe</span> <span class='ocrx_word' id='word_1_717' title='bbox 2293 521 2385 554; x_wconf 67' lang='lat' dir='ltr'><em>611&amp;ae</em></span> <span class='ocrx_word' id='word_1_718' title='bbox 2388 518 2465 565; x_wconf 77' lang='lat' dir='ltr'>sunt</span> <span class='ocrx_word' id='word_1_719' title='bbox 2479 509 2548 541; x_wconf 77' lang='lat' dir='ltr'>Gal.</span> <span class='ocrx_word' id='word_1_720' title='bbox 2558 517 2584 546; x_wconf 89' lang='lat'>5·</span> <span class='ocrx_word' id='word_1_721' title='bbox 2596 511 2643 544; x_wconf 82' lang='lat'>¹⁶·</span> 
     </span>
     <span class='ocr_line' id='line_1_89' title="bbox 1527 569 2466 624; baseline -0.004 -14"><span class='ocrx_word' id='word_1_722' title='bbox 1527 576 1745 624; x_wconf 81' lang='lat' dir='ltr'>promiffiones</span> <span class='ocrx_word' id='word_1_723' title='bbox 1756 575 1919 621; x_wconf 69' lang='lat' dir='ltr'>&amp;semini</span> <span class='ocrx_word' id='word_1_724' title='bbox 1931 577 1999 619; x_wconf 80' lang='lat' dir='ltr'>ejus</span> <span class='ocrx_word' id='word_1_725' title='bbox 2009 601 2019 610; x_wconf 84' lang='grc'><strong>.</strong></span> <span class='ocrx_word' id='word_1_726' title='bbox 2034 575 2135 613; x_wconf 90' lang='lat' dir='ltr'>Unde</span> <span class='ocrx_word' id='word_1_727' title='bbox 2145 579 2178 611; x_wconf 89' lang='lat'>&amp;</span> <span class='ocrx_word' id='word_1_728' title='bbox 2189 579 2222 610; x_wconf 86' lang='lat' dir='ltr'>in</span> <span class='ocrx_word' id='word_1_729' title='bbox 2232 572 2290 609; x_wconf 88' lang='lat' dir='ltr'>ista</span> <span class='ocrx_word' id='word_1_730' title='bbox 2299 571 2372 608; x_wconf 90' lang='lat' dir='ltr'>olea</span> <span class='ocrx_word' id='word_1_731' title='bbox 2381 569 2466 607; x_wconf 26' lang='lat' dir='ltr'>oleat</span> 
     </span>
    </p>

    <p class='ocr_par' dir='ltr' id='par_1_28' title="bbox 1521 623 2640 827">
     <span class='ocr_line' id='line_1_90' title="bbox 1529 623 2640 674; baseline -0.001 -10"><span class='ocrx_word' id='word_1_732' title='bbox 1529 627 1594 664; x_wconf 90' lang='lat' dir='ltr'>ster</span> <span class='ocrx_word' id='word_1_733' title='bbox 1603 628 1758 664; x_wconf 86' lang='lat' dir='ltr'>inseritur</span> <span class='ocrx_word' id='word_1_734' title='bbox 1767 629 1936 674; x_wconf 87' lang='lat' dir='ltr'>gentium.</span> <span class='ocrx_word' id='word_1_735' title='bbox 1963 630 2033 670; x_wconf 82' lang='lat' dir='ltr'>Iam</span> <span class='ocrx_word' id='word_1_736' title='bbox 2046 638 2151 674; x_wconf 90' lang='lat' dir='ltr'>porro</span> <span class='ocrx_word' id='word_1_737' title='bbox 2158 623 2354 661; x_wconf 70' lang='lat' dir='ltr'>elefflonem</span> <span class='ocrx_word' id='word_1_738' title='bbox 2364 633 2463 670; x_wconf 87' lang='lat' dir='ltr'>quam</span> <span class='ocrx_word' id='word_1_739' title='bbox 2479 635 2561 666; x_wconf 82' lang='lat' dir='ltr'>Rom.</span> <span class='ocrx_word' id='word_1_740' title='bbox 2590 643 2602 664; x_wconf 78' lang='grc' dir='ltr'><strong><em>ι</em></strong></span> <span class='ocrx_word' id='word_1_741' title='bbox 2612 642 2640 667; x_wconf 83' lang='grc' dir='ltr'>ι.</span> 
     </span>
     <span class='ocr_line' id='line_1_91' title="bbox 1526 673 2526 727; baseline -0.008 -11"><span class='ocrx_word' id='word_1_742' title='bbox 1526 679 1615 716; x_wconf 88' lang='lat' dir='ltr'>dicat</span> <span class='ocrx_word' id='word_1_743' title='bbox 1625 704 1637 722; x_wconf 89' lang='lat'>‚</span> <span class='ocrx_word' id='word_1_744' title='bbox 1662 681 1738 727; x_wconf 87' lang='lat' dir='ltr'>quia</span> <span class='ocrx_word' id='word_1_745' title='bbox 1749 677 1928 714; x_wconf 90' lang='lat' dir='ltr'>secundum</span> <span class='ocrx_word' id='word_1_746' title='bbox 1939 681 2074 724; x_wconf 85' lang='lat' dir='ltr'>gratiam</span> <span class='ocrx_word' id='word_1_747' title='bbox 2083 701 2096 720; x_wconf 90' lang='lat'><strong>,</strong></span> <span class='ocrx_word' id='word_1_748' title='bbox 2121 687 2188 711; x_wconf 91' lang='lat' dir='ltr'>non</span> <span class='ocrx_word' id='word_1_749' title='bbox 2200 673 2379 725; x_wconf 72' lang='lat' dir='ltr'>(ecundum</span> <span class='ocrx_word' id='word_1_750' title='bbox 2403 673 2460 709; x_wconf 88' lang='lat' dir='ltr'>de·</span> <span class='ocrx_word' id='word_1_751' title='bbox 2482 684 2526 719; x_wconf 78' lang='lat'>¹7.-</span> 
     </span>
     <span class='ocr_line' id='line_1_92' title="bbox 1526 714 2615 776; baseline -0.012 -9"><span class='ocrx_word' id='word_1_752' title='bbox 1526 728 1636 767; x_wconf 88' lang='lat' dir='ltr'>bitum</span> <span class='ocrx_word' id='word_1_753' title='bbox 1646 754 1659 772; x_wconf 89' lang='lat'><strong>,</strong></span> <span class='ocrx_word' id='word_1_754' title='bbox 1683 727 1783 766; x_wconf 88' lang='lat' dir='ltr'>debet</span> <span class='ocrx_word' id='word_1_755' title='bbox 1792 731 1910 776; x_wconf 85' lang='lat' dir='ltr'>utique</span> <span class='ocrx_word' id='word_1_756' title='bbox 1919 739 2121 765; x_wconf 73' lang='lat' dir='ltr'>occurreres</span> <span class='ocrx_word' id='word_1_757' title='bbox 2144 727 2301 772; x_wconf 86' lang='lat' dir='ltr'>quoniam</span> <span class='ocrx_word' id='word_1_758' title='bbox 2316 727 2462 767; x_wconf 58' lang='lat' dir='ltr'>renquiae</span> <span class='ocrx_word' id='word_1_759' title='bbox 2478 714 2555 749; x_wconf 68' lang='lat'><em>1⁶⁸²·</em></span> <span class='ocrx_word' id='word_1_760' title='bbox 2585 721 2599 750; x_wconf 88' lang='lat'><em>5</em></span> <span class='ocrx_word' id='word_1_761' title='bbox 2603 737 2615 749; x_wconf 75' lang='grc' dir='ltr'><strong>ο</strong></span> 
     </span>
     <span class='ocr_line' id='line_1_93' title="bbox 1521 773 2462 827; baseline -0.004 -14"><span class='ocrx_word' id='word_1_762' title='bbox 1521 788 1583 827; x_wconf 88' lang='lat' dir='ltr'>per</span> <span class='ocrx_word' id='word_1_763' title='bbox 1593 777 1897 826; x_wconf 73' lang='lat' dir='ltr'>eleHionemgratiae</span> <span class='ocrx_word' id='word_1_764' title='bbox 1904 777 2000 823; x_wconf 61' lang='lat' dir='ltr'>1325?ae</span> <span class='ocrx_word' id='word_1_765' title='bbox 2003 777 2080 824; x_wconf 79' lang='lat' dir='ltr'>sunt</span> <span class='ocrx_word' id='word_1_766' title='bbox 2090 802 2098 810; x_wconf 89' lang='lat'>.</span> <span class='ocrx_word' id='word_1_767' title='bbox 2125 778 2209 813; x_wconf 79' lang='lat' dir='ltr'>Haec</span> <span class='ocrx_word' id='word_1_768' title='bbox 2220 774 2339 812; x_wconf 66' lang='lat' dir='ltr'>electio</span> <span class='ocrx_word' id='word_1_769' title='bbox 2349 773 2462 811; x_wconf 84' lang='lat' dir='ltr'>conse-</span> 
     </span>
    </p>

    <p class='ocr_par' dir='ltr' id='par_1_29' title="bbox 1524 823 2462 873">
     <span class='ocr_line' id='line_1_94' title="bbox 1524 823 2462 873; baseline -0.006 -6"><span class='ocrx_word' id='word_1_770' title='bbox 1524 842 1601 868; x_wconf 83' lang='lat' dir='ltr'>cuta</span> <span class='ocrx_word' id='word_1_771' title='bbox 1611 829 1658 866; x_wconf 90' lang='lat' dir='ltr'>est</span> <span class='ocrx_word' id='word_1_772' title='bbox 1668 855 1680 873; x_wconf 90' lang='lat'><strong>,</strong></span> <span class='ocrx_word' id='word_1_773' title='bbox 1705 832 1822 866; x_wconf 88' lang='lat' dir='ltr'>ceteris</span> <span class='ocrx_word' id='word_1_774' title='bbox 1831 832 1998 867; x_wconf 75' lang='lat' dir='ltr'>excaecatis</span> <span class='ocrx_word' id='word_1_775' title='bbox 2008 857 2016 865; x_wconf 94' lang='lat'><em>.</em></span> <span class='ocrx_word' id='word_1_776' title='bbox 2034 827 2221 865; x_wconf 88' lang='lat' dir='ltr'>Secundum</span> <span class='ocrx_word' id='word_1_777' title='bbox 2232 823 2315 862; x_wconf 90' lang='lat' dir='ltr'>hanc</span> <span class='ocrx_word' id='word_1_778' title='bbox 2324 825 2462 862; x_wconf 63' lang='lat' dir='ltr'>eleetio·</span> 
     </span>
    </p>

    <p class='ocr_par' dir='ltr' id='par_1_30' title="bbox 1524 879 2464 928">
     <span class='ocr_line' id='line_1_95' title="bbox 1524 879 2464 928; baseline -0.007 -11"><span class='ocrx_word' id='word_1_779' title='bbox 1524 894 1603 918; x_wconf 88' lang='lat' dir='ltr'>nem</span> <span class='ocrx_word' id='word_1_780' title='bbox 1614 879 1769 918; x_wconf 82' lang='lat' dir='ltr'>Israelitae</span> <span class='ocrx_word' id='word_1_781' title='bbox 1777 879 1890 917; x_wconf 69' lang='lat' dir='ltr'>dileeti</span> <span class='ocrx_word' id='word_1_782' title='bbox 1903 890 2044 928; x_wconf 88' lang='lat' dir='ltr'>propter</span> <span class='ocrx_word' id='word_1_783' title='bbox 2053 889 2159 928; x_wconf 86' lang='lat' dir='ltr'>patres</span> <span class='ocrx_word' id='word_1_784' title='bbox 2170 905 2178 913; x_wconf 95' lang='lat'>.</span> <span class='ocrx_word' id='word_1_785' title='bbox 2204 879 2286 913; x_wconf 88' lang='lat' dir='ltr'>Non</span> <span class='ocrx_word' id='word_1_786' title='bbox 2297 879 2384 912; x_wconf 76' lang='lat' dir='ltr'>enim</span> <span class='ocrx_word' id='word_1_787' title='bbox 2405 887 2464 911; x_wconf 77' lang='lat' dir='ltr'>vo·</span> 
     </span>
    </p>
   </div>
   <div class='ocr_carea' id='block_1_16' title="bbox 1524 915 2662 977">
    <p class='ocr_par' dir='ltr' id='par_1_31' title="bbox 1524 915 2662 977">
     <span class='ocr_line' id='line_1_96' title="bbox 1524 915 2662 977; baseline -0.012 -7"><span class='ocrx_word' id='word_1_788' title='bbox 1524 931 1720 970; x_wconf 85' lang='lat' dir='ltr'>cationeilla</span> <span class='ocrx_word' id='word_1_789' title='bbox 1730 933 1839 968; x_wconf 91' lang='lat' dir='ltr'>vocati</span> <span class='ocrx_word' id='word_1_790' title='bbox 1850 929 1946 974; x_wconf 91' lang='lat' dir='ltr'>sunt,</span> <span class='ocrx_word' id='word_1_791' title='bbox 1971 931 2013 967; x_wconf 91' lang='lat' dir='ltr'>de</span> <span class='ocrx_word' id='word_1_792' title='bbox 2030 942 2096 977; x_wconf 89' lang='lat' dir='ltr'>qua</span> <span class='ocrx_word' id='word_1_793' title='bbox 2113 928 2244 965; x_wconf 73' lang='lat' dir='ltr'>dietum</span> <span class='ocrx_word' id='word_1_794' title='bbox 2262 924 2331 969; x_wconf 88' lang='lat' dir='ltr'>est,</span> <span class='ocrx_word' id='word_1_795' title='bbox 2358 923 2464 959; x_wconf 77' lang='lat' dir='ltr'>Multi</span> <span class='ocrx_word' id='word_1_796' title='bbox 2480 915 2644 950; x_wconf 58' lang='lat' dir='ltr'>lumb-²·-</span> <span class='ocrx_word' id='word_1_797' title='bbox 2659 942 2662 945; x_wconf 91' lang='lat'><em>-</em></span> 
     </span>
    </p>
   </div>
   <div class='ocr_carea' id='block_1_17' title="bbox 1521 961 2623 1385">
    <p class='ocr_par' dir='ltr' id='par_1_32' title="bbox 1521 961 2625 1385">
     <span class='ocr_line' id='line_1_97' title="bbox 1527 961 2623 1059; baseline -0.008 -40"><span class='ocrx_word' id='word_1_798' title='bbox 1527 982 1659 1025; x_wconf 78' lang='lat' dir='ltr'>vocati,</span> <span class='ocrx_word' id='word_1_799' title='bbox 1683 980 1826 1024; x_wconf 84' lang='lat' dir='ltr'>sedilia,</span> <span class='ocrx_word' id='word_1_800' title='bbox 1851 994 1915 1030; x_wconf 88' lang='lat' dir='ltr'>qua</span> <span class='ocrx_word' id='word_1_801' title='bbox 1926 991 2091 1018; x_wconf 78' lang='lat' dir='ltr'>vocantur</span> <span class='ocrx_word' id='word_1_802' title='bbox 2102 979 2216 1016; x_wconf 64' lang='lat' dir='ltr'>electi.</span> <span class='ocrx_word' id='word_1_803' title='bbox 2243 976 2386 1015; x_wconf 86' lang='lat' dir='ltr'>Unde&amp;</span> <span class='ocrx_word' id='word_1_804' title='bbox 2406 973 2464 1059; x_wconf 50' lang='lat'>12³9</span> <span class='ocrx_word' id='word_1_805' title='bbox 2482 961 2562 1030; x_wconf 45' lang='lat' dir='ltr'>{gm-</span> <span class='ocrx_word' id='word_1_806' title='bbox 2573 1005 2623 1030; x_wconf 58' lang='lat' dir='ltr'>n·</span> 
     </span>
     <span class='ocr_line' id='line_1_98' title="bbox 1525 1027 2555 1131; baseline -0.007 -13"><span class='ocrx_word' id='word_1_807' title='bbox 1525 1031 1747 1131; x_wconf 50' lang='lat' dir='ltr'>tame</span> <span class='ocrx_word' id='word_1_808' title='bbox 1758 1032 1874 1129; x_wconf 54' lang='lat'>2252:</span> <span class='ocrx_word' id='word_1_809' title='bbox 1885 1027 2269 1125; x_wconf 67' lang='lat' dir='ltr'>si}</span> <span class='ocrx_word' id='word_1_810' title='bbox 2287 1036 2463 1123; x_wconf 51' lang='lat' dir='ltr'>:maga</span> <span class='ocrx_word' id='word_1_811' title='bbox 2480 1040 2555 1110; x_wconf 50' lang='lat' dir='ltr'>aa.</span> 
     </span>
     <span class='ocr_line' id='line_1_99' title="bbox 1525 1128 2465 1180; baseline -0.012 -6"><span class='ocrx_word' id='word_1_812' title='bbox 1525 1147 1600 1173; x_wconf 83' lang='lat' dir='ltr'>mus</span> <span class='ocrx_word' id='word_1_813' title='bbox 1611 1161 1624 1179; x_wconf 93' lang='lat'>,</span> <span class='ocrx_word' id='word_1_814' title='bbox 1633 1133 1712 1168; x_wconf 85' lang='lat' dir='ltr'>Sine</span> <span class='ocrx_word' id='word_1_815' title='bbox 1719 1133 1907 1180; x_wconf 71' lang='lat' dir='ltr'>paenitentia</span> <span class='ocrx_word' id='word_1_816' title='bbox 1917 1131 2083 1177; x_wconf 80' lang='lat' dir='ltr'>enimsunt</span> <span class='ocrx_word' id='word_1_817' title='bbox 2092 1130 2178 1165; x_wconf 77' lang='lat' dir='ltr'>dona</span> <span class='ocrx_word' id='word_1_818' title='bbox 2189 1130 2232 1164; x_wconf 72' lang='grc' dir='ltr'>Ο·</span> <span class='ocrx_word' id='word_1_819' title='bbox 2243 1128 2374 1163; x_wconf 72' lang='lat' dir='ltr'>vocatio</span> <span class='ocrx_word' id='word_1_820' title='bbox 2385 1130 2465 1165; x_wconf 86' lang='lat' dir='ltr'>Dei:</span> 
     </span>
     <span class='ocr_line' id='line_1_100' title="bbox 1527 1176 2467 1229; baseline -0.009 -7"><span class='ocrx_word' id='word_1_821' title='bbox 1527 1186 1559 1222; x_wconf 89' lang='lat' dir='ltr'>id</span> <span class='ocrx_word' id='word_1_822' title='bbox 1573 1185 1620 1222; x_wconf 92' lang='lat' dir='ltr'>est</span> <span class='ocrx_word' id='word_1_823' title='bbox 1631 1211 1644 1229; x_wconf 89' lang='lat'>‚</span> <span class='ocrx_word' id='word_1_824' title='bbox 1669 1183 1736 1221; x_wconf 83' lang='lat' dir='ltr'>fine</span> <span class='ocrx_word' id='word_1_825' title='bbox 1748 1188 1935 1222; x_wconf 81' lang='lat' dir='ltr'>mutatione</span> <span class='ocrx_word' id='word_1_826' title='bbox 1945 1181 2104 1221; x_wconf 86' lang='lat' dir='ltr'>stabiliter</span> <span class='ocrx_word' id='word_1_827' title='bbox 2113 1182 2178 1219; x_wconf 84' lang='lat' dir='ltr'>fixa</span> <span class='ocrx_word' id='word_1_828' title='bbox 2190 1180 2266 1219; x_wconf 88' lang='lat' dir='ltr'>sunt</span> <span class='ocrx_word' id='word_1_829' title='bbox 2275 1207 2284 1216; x_wconf 95' lang='lat'><strong>.</strong></span> <span class='ocrx_word' id='word_1_830' title='bbox 2311 1180 2366 1217; x_wconf 79' lang='lat' dir='ltr'>Ad</span> <span class='ocrx_word' id='word_1_831' title='bbox 2380 1176 2467 1215; x_wconf 83' lang='lat' dir='ltr'>hanc</span> 
     </span>
     <span class='ocr_line' id='line_1_101' title="bbox 1527 1227 2467 1283; baseline -0.01 -10"><span class='ocrx_word' id='word_1_832' title='bbox 1527 1248 1739 1273; x_wconf 81' lang='lat' dir='ltr'>vocationem</span> <span class='ocrx_word' id='word_1_833' title='bbox 1768 1238 1826 1283; x_wconf 89' lang='lat' dir='ltr'>qui</span> <span class='ocrx_word' id='word_1_834' title='bbox 1855 1237 2041 1283; x_wconf 87' lang='lat' dir='ltr'>pertinent,</span> <span class='ocrx_word' id='word_1_835' title='bbox 2066 1246 2184 1270; x_wconf 91' lang='lat' dir='ltr'>omnes</span> <span class='ocrx_word' id='word_1_836' title='bbox 2204 1231 2279 1270; x_wconf 90' lang='lat' dir='ltr'>sunt</span> <span class='ocrx_word' id='word_1_837' title='bbox 2303 1227 2467 1268; x_wconf 86' lang='lat' dir='ltr'>docibiles</span> 
     </span>
     <span class='ocr_line' id='line_1_102' title="bbox 1527 1278 2466 1335; baseline -0.009 -11"><span class='ocrx_word' id='word_1_838' title='bbox 1527 1290 1616 1324; x_wconf 80' lang='lat' dir='ltr'>Dei:</span> <span class='ocrx_word' id='word_1_839' title='bbox 1642 1299 1703 1323; x_wconf 87' lang='lat' dir='ltr'>nec</span> <span class='ocrx_word' id='word_1_840' title='bbox 1722 1285 1830 1335; x_wconf 88' lang='lat' dir='ltr'>potest</span> <span class='ocrx_word' id='word_1_841' title='bbox 1841 1298 1958 1323; x_wconf 87' lang='lat' dir='ltr'>eorum</span> <span class='ocrx_word' id='word_1_842' title='bbox 1969 1284 2142 1334; x_wconf 85' lang='lat' dir='ltr'>quisquam</span> <span class='ocrx_word' id='word_1_843' title='bbox 2161 1283 2271 1320; x_wconf 88' lang='lat' dir='ltr'>dicere</span> <span class='ocrx_word' id='word_1_844' title='bbox 2283 1307 2296 1325; x_wconf 91' lang='lat'>,</span> <span class='ocrx_word' id='word_1_845' title='bbox 2320 1278 2466 1319; x_wconf 84' lang='lat' dir='ltr'>Credidi</span> 
     </span>
     <span class='ocr_line' id='line_1_103' title="bbox 1521 1329 2468 1385; baseline -0.008 -11"><span class='ocrx_word' id='word_1_846' title='bbox 1521 1349 1559 1375; x_wconf 82' lang='lat' dir='ltr'>ut</span> <span class='ocrx_word' id='word_1_847' title='bbox 1579 1336 1621 1375; x_wconf 84' lang='lat' dir='ltr'>fic</span> <span class='ocrx_word' id='word_1_848' title='bbox 1642 1349 1800 1375; x_wconf 83' lang='lat' dir='ltr'>vocarer:</span> <span class='ocrx_word' id='word_1_849' title='bbox 1829 1341 1987 1385; x_wconf 77' lang='lat' dir='ltr'>praevenit</span> <span class='ocrx_word' id='word_1_850' title='bbox 1997 1348 2075 1373; x_wconf 89' lang='lat' dir='ltr'>eum</span> <span class='ocrx_word' id='word_1_851' title='bbox 2094 1337 2219 1383; x_wconf 89' lang='lat' dir='ltr'>quippe</span> <span class='ocrx_word' id='word_1_852' title='bbox 2243 1329 2468 1370; x_wconf 73' lang='lat' dir='ltr'>misericordia</span> 
     </span>
    </p>
   </div>
   <div class='ocr_carea' id='block_1_18' title="bbox 1519 1383 2684 1441">
    <p class='ocr_par' dir='ltr' id='par_1_33' title="bbox 1519 1383 2684 1441">
     <span class='ocr_line' id='line_1_104' title="bbox 1519 1383 2684 1441; baseline -0.008 -15"><span class='ocrx_word' id='word_1_853' title='bbox 1519 1391 1613 1431; x_wconf 89' lang='lat' dir='ltr'>Dei,</span> <span class='ocrx_word' id='word_1_854' title='bbox 1636 1391 1716 1436; x_wconf 88' lang='lat' dir='ltr'>quia</span> <span class='ocrx_word' id='word_1_855' title='bbox 1725 1387 1768 1424; x_wconf 85' lang='lat' dir='ltr'>fic</span> <span class='ocrx_word' id='word_1_856' title='bbox 1779 1385 1826 1424; x_wconf 86' lang='lat' dir='ltr'>est</span> <span class='ocrx_word' id='word_1_857' title='bbox 1836 1399 1972 1424; x_wconf 86' lang='lat' dir='ltr'>vocatus</span> <span class='ocrx_word' id='word_1_858' title='bbox 1981 1398 2019 1424; x_wconf 92' lang='lat' dir='ltr'>ut</span> <span class='ocrx_word' id='word_1_859' title='bbox 2029 1386 2196 1423; x_wconf 89' lang='lat' dir='ltr'>crederet.</span> <span class='ocrx_word' id='word_1_860' title='bbox 2223 1387 2354 1421; x_wconf 90' lang='lat' dir='ltr'>Omnes</span> <span class='ocrx_word' id='word_1_861' title='bbox 2374 1383 2466 1419; x_wconf 85' lang='lat' dir='ltr'>enim</span> <span class='ocrx_word' id='word_1_862' title='bbox 2483 1399 2643 1441; x_wconf 47' lang='lat' dir='ltr'><em>lfa-54¹3·</em></span> <span class='ocrx_word' id='word_1_863' title='bbox 2681 1397 2684 1400; x_wconf 55' lang='lat'><strong>⁴</strong></span> 
     </span>
    </p>
   </div>
   <div class='ocr_carea' id='block_1_19' title="bbox 1520 1434 2646 1580">
    <p class='ocr_par' dir='ltr' id='par_1_34' title="bbox 1520 1434 2646 1580">
     <span class='ocr_line' id='line_1_105' title="bbox 1520 1434 2464 1484; baseline -0.005 -10"><span class='ocrx_word' id='word_1_864' title='bbox 1520 1438 1684 1476; x_wconf 89' lang='lat' dir='ltr'>docibiles</span> <span class='ocrx_word' id='word_1_865' title='bbox 1697 1441 1760 1476; x_wconf 91' lang='lat' dir='ltr'>Dei</span> <span class='ocrx_word' id='word_1_866' title='bbox 1771 1441 1910 1475; x_wconf 91' lang='lat' dir='ltr'>veniunt</span> <span class='ocrx_word' id='word_1_867' title='bbox 1919 1438 1958 1474; x_wconf 89' lang='lat' dir='ltr'>ad</span> <span class='ocrx_word' id='word_1_868' title='bbox 1970 1436 2106 1480; x_wconf 86' lang='lat' dir='ltr'>Filium,</span> <span class='ocrx_word' id='word_1_869' title='bbox 2114 1438 2275 1484; x_wconf 90' lang='lat' dir='ltr'>quoniam</span> <span class='ocrx_word' id='word_1_870' title='bbox 2286 1434 2464 1471; x_wconf 79' lang='lat' dir='ltr'>audierunt</span> 
     </span>
     <span class='ocr_line' id='line_1_106' title="bbox 1520 1484 2467 1536; baseline 0 -14"><span class='ocrx_word' id='word_1_871' title='bbox 1520 1490 1557 1522; x_wconf 87' lang='lat'>&amp;</span> <span class='ocrx_word' id='word_1_872' title='bbox 1569 1487 1759 1525; x_wconf 86' lang='lat' dir='ltr'>didicerunt</span> <span class='ocrx_word' id='word_1_873' title='bbox 1769 1500 1788 1536; x_wconf 75' lang='lat'>².</span> <span class='ocrx_word' id='word_1_874' title='bbox 1797 1492 1894 1525; x_wconf 86' lang='lat' dir='ltr'>Patre</span> <span class='ocrx_word' id='word_1_875' title='bbox 1905 1501 1964 1536; x_wconf 91' lang='lat' dir='ltr'>per</span> <span class='ocrx_word' id='word_1_876' title='bbox 1975 1488 2098 1525; x_wconf 88' lang='lat' dir='ltr'>Filium</span> <span class='ocrx_word' id='word_1_877' title='bbox 2109 1512 2122 1531; x_wconf 88' lang='lat'>,</span> <span class='ocrx_word' id='word_1_878' title='bbox 2148 1490 2206 1535; x_wconf 87' lang='lat' dir='ltr'>qui</span> <span class='ocrx_word' id='word_1_879' title='bbox 2226 1484 2467 1536; x_wconf 71' lang='lat' dir='ltr'>evidentiffime</span> 
     </span>
     <span class='ocr_line' id='line_1_107' title="bbox 1520 1522 2646 1580; baseline -0.005 -7"><span class='ocrx_word' id='word_1_880' title='bbox 1520 1535 1605 1573; x_wconf 83' lang='lat' dir='ltr'>dicit</span> <span class='ocrx_word' id='word_1_881' title='bbox 1615 1560 1626 1578; x_wconf 91' lang='lat'>,</span> <span class='ocrx_word' id='word_1_882' title='bbox 1650 1536 1761 1570; x_wconf 81' lang='lat' dir='ltr'>Omnis</span> <span class='ocrx_word' id='word_1_883' title='bbox 1771 1548 1826 1580; x_wconf 78' lang='lat' dir='ltr'>qut</span> <span class='ocrx_word' id='word_1_884' title='bbox 1836 1538 1975 1572; x_wconf 81' lang='lat' dir='ltr'>audivit</span> <span class='ocrx_word' id='word_1_885' title='bbox 1984 1551 2003 1572; x_wconf 84' lang='lat' dir='ltr'>a</span> <span class='ocrx_word' id='word_1_886' title='bbox 2025 1537 2128 1572; x_wconf 81' lang='lat' dir='ltr'>Patre</span> <span class='ocrx_word' id='word_1_887' title='bbox 2148 1536 2192 1571; x_wconf 72' lang='lat'>(9¹</span> <span class='ocrx_word' id='word_1_888' title='bbox 2209 1534 2346 1579; x_wconf 80' lang='lat' dir='ltr'>didicit,</span> <span class='ocrx_word' id='word_1_889' title='bbox 2371 1540 2466 1569; x_wconf 77' lang='lat' dir='ltr'>vemt</span> <span class='ocrx_word' id='word_1_890' title='bbox 2479 1522 2646 1562; x_wconf 72' lang='lat' dir='ltr'><strong>J“”·⁶·45·</strong></span> 
     </span>
    </p>
   </div>
   <div class='ocr_carea' id='block_1_20' title="bbox 1521 1581 2684 1688">
    <p class='ocr_par' dir='ltr' id='par_1_35' title="bbox 1521 1581 2684 1688">
     <span class='ocr_line' id='line_1_108' title="bbox 1521 1581 2684 1640; baseline 0.004 -20"><span class='ocrx_word' id='word_1_891' title='bbox 1521 1586 1567 1620; x_wconf 78' lang='lat' dir='ltr'>ad</span> <span class='ocrx_word' id='word_1_892' title='bbox 1578 1597 1627 1640; x_wconf 60' lang='lat' dir='ltr'>nie</span> <span class='ocrx_word' id='word_1_893' title='bbox 1637 1610 1646 1621; x_wconf 88' lang='lat'><em>.</em></span> <span class='ocrx_word' id='word_1_894' title='bbox 1671 1585 1818 1623; x_wconf 86' lang='lat' dir='ltr'>Istorum</span> <span class='ocrx_word' id='word_1_895' title='bbox 1826 1598 1935 1624; x_wconf 82' lang='lat' dir='ltr'>autem</span> <span class='ocrx_word' id='word_1_896' title='bbox 1944 1601 2045 1626; x_wconf 87' lang='lat' dir='ltr'>nemo</span> <span class='ocrx_word' id='word_1_897' title='bbox 2056 1591 2144 1637; x_wconf 89' lang='lat' dir='ltr'>perit</span> <span class='ocrx_word' id='word_1_898' title='bbox 2154 1613 2166 1632; x_wconf 93' lang='lat'>,</span> <span class='ocrx_word' id='word_1_899' title='bbox 2191 1590 2268 1636; x_wconf 89' lang='lat' dir='ltr'>quia</span> <span class='ocrx_word' id='word_1_900' title='bbox 2277 1597 2367 1620; x_wconf 82' lang='lat' dir='ltr'>omne</span> <span class='ocrx_word' id='word_1_901' title='bbox 2379 1581 2464 1631; x_wconf 69' lang='lat' dir='ltr'>qu⁰d</span> <span class='ocrx_word' id='word_1_902' title='bbox 2480 1601 2558 1632; x_wconf 79' lang='lat' dir='ltr'>lbid.</span> <span class='ocrx_word' id='word_1_903' title='bbox 2567 1609 2619 1640; x_wconf 86' lang='lat'>39·</span> <span class='ocrx_word' id='word_1_904' title='bbox 2681 1599 2684 1625; x_wconf 73' lang='grc'>.’</span> 
     </span>
     <span class='ocr_line' id='line_1_109' title="bbox 1525 1631 2684 1688; baseline 0.004 -20"><span class='ocrx_word' id='word_1_905' title='bbox 1525 1634 1619 1669; x_wconf 66' lang='lat' dir='ltr'>dedit</span> <span class='ocrx_word' id='word_1_906' title='bbox 1628 1636 1658 1669; x_wconf 86' lang='lat' dir='ltr'>ei</span> <span class='ocrx_word' id='word_1_907' title='bbox 1668 1636 1795 1680; x_wconf 85' lang='lat' dir='ltr'>Pater,</span> <span class='ocrx_word' id='word_1_908' title='bbox 1822 1648 1883 1670; x_wconf 70' lang='lat' dir='ltr'>»ion</span> <span class='ocrx_word' id='word_1_909' title='bbox 1890 1638 2005 1683; x_wconf 77' lang='lat' dir='ltr'>perdet</span> <span class='ocrx_word' id='word_1_910' title='bbox 2021 1650 2061 1672; x_wconf 77' lang='lat' dir='ltr'>ex</span> <span class='ocrx_word' id='word_1_911' title='bbox 2080 1651 2114 1672; x_wconf 85' lang='lat' dir='ltr'>eo</span> <span class='ocrx_word' id='word_1_912' title='bbox 2135 1638 2337 1685; x_wconf 81' lang='lat' dir='ltr'>quidquam.</span> <span class='ocrx_word' id='word_1_913' title='bbox 2366 1631 2466 1683; x_wconf 72' lang='lat' dir='ltr'>Quiss</span> <span class='ocrx_word' id='word_1_914' title='bbox 2501 1641 2622 1674; x_wconf 66' lang='lat' dir='ltr'>Eleae·</span> <span class='ocrx_word' id='word_1_915' title='bbox 2680 1663 2684 1688; x_wconf 79' lang='lat'>⁵.</span> 
     </span>
    </p>
   </div>
   <div class='ocr_carea' id='block_1_21' title="bbox 1524 1685 2649 1885">
    <p class='ocr_par' dir='ltr' id='par_1_36' title="bbox 1524 1685 2649 1885">
     <span class='ocr_line' id='line_1_110' title="bbox 1524 1685 2647 1734; baseline 0.003 -12"><span class='ocrx_word' id='word_1_916' title='bbox 1524 1689 1601 1734; x_wconf 87' lang='lat' dir='ltr'>quis</span> <span class='ocrx_word' id='word_1_917' title='bbox 1611 1698 1692 1732; x_wconf 86' lang='lat' dir='ltr'>ergo</span> <span class='ocrx_word' id='word_1_918' title='bbox 1703 1687 1778 1723; x_wconf 90' lang='lat' dir='ltr'>inde</span> <span class='ocrx_word' id='word_1_919' title='bbox 1788 1685 1835 1724; x_wconf 88' lang='lat' dir='ltr'>est</span> <span class='ocrx_word' id='word_1_920' title='bbox 1845 1712 1858 1730; x_wconf 92' lang='lat'>,</span> <span class='ocrx_word' id='word_1_921' title='bbox 1883 1690 2025 1723; x_wconf 88' lang='lat' dir='ltr'>omnino</span> <span class='ocrx_word' id='word_1_922' title='bbox 2037 1700 2104 1724; x_wconf 87' lang='lat' dir='ltr'>non</span> <span class='ocrx_word' id='word_1_923' title='bbox 2117 1692 2223 1734; x_wconf 68' lang='lat' dir='ltr'>perits</span> <span class='ocrx_word' id='word_1_924' title='bbox 2251 1701 2313 1725; x_wconf 91' lang='lat' dir='ltr'>nec</span> <span class='ocrx_word' id='word_1_925' title='bbox 2323 1698 2392 1726; x_wconf 87' lang='lat' dir='ltr'>erat</span> <span class='ocrx_word' id='word_1_926' title='bbox 2412 1690 2464 1724; x_wconf 87' lang='lat' dir='ltr'>in·</span> <span class='ocrx_word' id='word_1_927' title='bbox 2478 1692 2544 1730; x_wconf 70' lang='lat'>¹¹¹⁰?</span> <span class='ocrx_word' id='word_1_928' title='bbox 2554 1691 2647 1714; x_wconf 69' lang='lat' dir='ltr'><strong>n⁶m0</strong></span> 
     </span>
     <span class='ocr_line' id='line_1_111' title="bbox 1527 1731 2573 1786; baseline -0.003 -13"><span class='ocrx_word' id='word_1_929' title='bbox 1527 1737 1570 1773; x_wconf 91' lang='lat' dir='ltr'>de</span> <span class='ocrx_word' id='word_1_930' title='bbox 1590 1740 1648 1784; x_wconf 86' lang='lat' dir='ltr'>qui</span> <span class='ocrx_word' id='word_1_931' title='bbox 1670 1740 1773 1784; x_wconf 87' lang='lat' dir='ltr'>perit.</span> <span class='ocrx_word' id='word_1_932' title='bbox 1799 1742 1944 1786; x_wconf 87' lang='lat' dir='ltr'>Propter</span> <span class='ocrx_word' id='word_1_933' title='bbox 1953 1737 2048 1786; x_wconf 90' lang='lat' dir='ltr'>quod</span> <span class='ocrx_word' id='word_1_934' title='bbox 2063 1737 2190 1776; x_wconf 55' lang='lat' dir='ltr'>dha-um</span> <span class='ocrx_word' id='word_1_935' title='bbox 2206 1737 2276 1783; x_wconf 88' lang='lat' dir='ltr'>est,</span> <span class='ocrx_word' id='word_1_936' title='bbox 2301 1739 2353 1773; x_wconf 80' lang='lat' dir='ltr'>Ex</span> <span class='ocrx_word' id='word_1_937' title='bbox 2371 1735 2464 1772; x_wconf 81' lang='lat' dir='ltr'>nobis</span> <span class='ocrx_word' id='word_1_938' title='bbox 2479 1731 2573 1764; x_wconf 67' lang='lat' dir='ltr'>Pffl‘·</span> 
     </span>
     <span class='ocr_line' id='line_1_112' title="bbox 1526 1767 2649 1843; baseline 0.001 -23"><span class='ocrx_word' id='word_1_939' title='bbox 1526 1787 1676 1821; x_wconf 80' lang='lat' dir='ltr'>exierunt</span> <span class='ocrx_word' id='word_1_940' title='bbox 1685 1813 1695 1830; x_wconf 90' lang='lat'><em>‚</em></span> <span class='ocrx_word' id='word_1_941' title='bbox 1714 1786 1776 1832; x_wconf 88' lang='lat' dir='ltr'>sed</span> <span class='ocrx_word' id='word_1_942' title='bbox 1784 1798 1847 1822; x_wconf 82' lang='lat' dir='ltr'>non</span> <span class='ocrx_word' id='word_1_943' title='bbox 1855 1796 1949 1821; x_wconf 83' lang='lat' dir='ltr'>erant</span> <span class='ocrx_word' id='word_1_944' title='bbox 1958 1799 1998 1820; x_wconf 77' lang='lat' dir='ltr'>ex</span> <span class='ocrx_word' id='word_1_945' title='bbox 2007 1786 2099 1821; x_wconf 85' lang='lat' dir='ltr'>nobis</span> <span class='ocrx_word' id='word_1_946' title='bbox 2109 1810 2121 1829; x_wconf 85' lang='lat'>,</span> <span class='ocrx_word' id='word_1_947' title='bbox 2145 1788 2255 1831; x_wconf 71' lang='lat' dir='ltr'>namsi</span> <span class='ocrx_word' id='word_1_948' title='bbox 2269 1788 2405 1836; x_wconf 75' lang='lat' dir='ltr'>fmffent</span> <span class='ocrx_word' id='word_1_949' title='bbox 2423 1799 2462 1823; x_wconf 73' lang='lat' dir='ltr'>ex</span> <span class='ocrx_word' id='word_1_950' title='bbox 2481 1767 2610 1843; x_wconf 45' lang='lat' dir='ltr'>:ignum</span> <span class='ocrx_word' id='word_1_951' title='bbox 2620 1772 2649 1792; x_wconf 46' lang='grc' dir='ltr'>ι’</span> 
     </span>
     <span class='ocr_line' id='line_1_113' title="bbox 1527 1835 2163 1885; baseline 0.002 -13"><span class='ocrx_word' id='word_1_952' title='bbox 1527 1838 1617 1873; x_wconf 76' lang='lat' dir='ltr'>nobis</span> <span class='ocrx_word' id='word_1_953' title='bbox 1628 1863 1639 1883; x_wconf 88' lang='lat'>‚</span> <span class='ocrx_word' id='word_1_954' title='bbox 1666 1835 1843 1883; x_wconf 79' lang='lat' dir='ltr'>manstffent</span> <span class='ocrx_word' id='word_1_955' title='bbox 1851 1836 1962 1884; x_wconf 80' lang='lat' dir='ltr'>utique</span> <span class='ocrx_word' id='word_1_956' title='bbox 1980 1836 2163 1885; x_wconf 70' lang='lat' dir='ltr'>nobiscum.</span> 
     </span>
    </p>
   </div>
   <div class='ocr_carea' id='block_1_22' title="bbox 1700 1914 2282 1980">
    <p class='ocr_par' dir='ltr' id='par_1_37' title="bbox 1700 1914 2282 1980">
     <span class='ocr_line' id='line_1_114' title="bbox 1700 1914 2282 1980; baseline 0 -2"><span class='ocrx_word' id='word_1_957' title='bbox 1700 1914 2065 1979; x_wconf 69' lang='lat' dir='ltr'>CAPUT</span> <span class='ocrx_word' id='word_1_958' title='bbox 2142 1942 2282 1980; x_wconf 89' lang='lat' dir='ltr'>xv11.</span> 
     </span>
    </p>
   </div>
   <div class='ocr_carea' id='block_1_23' title="bbox 1523 2040 2644 2138">
    <p class='ocr_par' dir='ltr' id='par_1_38' title="bbox 1523 2018 2684 2138">
     <span class='ocr_line' id='line_1_115' title="bbox 1523 2040 2644 2138; baseline -0.005 -56"><span class='ocrx_word' id='word_1_959' title='bbox 1523 2041 1790 2138; x_wconf 73' lang='lat' dir='ltr'>INtelligamus</span> <span class='ocrx_word' id='word_1_960' title='bbox 1799 2051 1881 2091; x_wconf 81' lang='lat' dir='ltr'>ergo</span> <span class='ocrx_word' id='word_1_961' title='bbox 1889 2045 2099 2080; x_wconf 86' lang='lat' dir='ltr'>vocationem</span> <span class='ocrx_word' id='word_1_962' title='bbox 2107 2053 2174 2091; x_wconf 81' lang='lat' dir='ltr'>qua</span> <span class='ocrx_word' id='word_1_963' title='bbox 2181 2041 2267 2079; x_wconf 87' lang='lat' dir='ltr'>fiunt</span> <span class='ocrx_word' id='word_1_964' title='bbox 2276 2040 2387 2084; x_wconf 63' lang='lat' dir='ltr'>electi,</span> <span class='ocrx_word' id='word_1_965' title='bbox 2394 2051 2463 2077; x_wconf 86' lang='lat' dir='ltr'>non</span> <span class='ocrx_word' id='word_1_966' title='bbox 2506 2043 2644 2078; x_wconf 76' lang='lat' dir='ltr'>-vocatio</span> 
     </span>
    </p>
   </div>
   <div class='ocr_carea' id='block_1_24' title="bbox 1593 2087 2597 2143">
    <p class='ocr_par' dir='ltr' id='par_1_39' title="bbox 1593 2087 2597 2143">
     <span class='ocr_line' id='line_1_116' title="bbox 1593 2087 2597 2143; baseline -0.008 -11"><span class='ocrx_word' id='word_1_967' title='bbox 1593 2100 1650 2143; x_wconf 89' lang='lat' dir='ltr'>qui</span> <span class='ocrx_word' id='word_1_968' title='bbox 1661 2095 1828 2142; x_wconf 78' lang='lat' dir='ltr'>eliguntur</span> <span class='ocrx_word' id='word_1_969' title='bbox 1837 2096 1914 2141; x_wconf 89' lang='lat' dir='ltr'>quia</span> <span class='ocrx_word' id='word_1_970' title='bbox 1923 2093 2138 2130; x_wconf 88' lang='lat' dir='ltr'>crediderunt</span> <span class='ocrx_word' id='word_1_971' title='bbox 2149 2118 2160 2136; x_wconf 92' lang='lat'><strong>,</strong></span> <span class='ocrx_word' id='word_1_972' title='bbox 2186 2093 2250 2130; x_wconf 87' lang='lat' dir='ltr'>sed-</span> <span class='ocrx_word' id='word_1_973' title='bbox 2260 2095 2316 2140; x_wconf 83' lang='lat' dir='ltr'>qui</span> <span class='ocrx_word' id='word_1_974' title='bbox 2334 2091 2462 2139; x_wconf 82' lang='lat' dir='ltr'>eligun—</span> <span class='ocrx_word' id='word_1_975' title='bbox 2478 2087 2597 2127; x_wconf 73' lang='lat' dir='ltr'>propria</span> 
     </span>
    </p>
   </div>
   <div class='ocr_carea' id='block_1_25' title="bbox 1522 2142 2461 2191">
    <p class='ocr_par' dir='ltr' id='par_1_40' title="bbox 1522 2142 2461 2191">
     <span class='ocr_line' id='line_1_117' title="bbox 1522 2142 2461 2191; baseline -0.005 -9"><span class='ocrx_word' id='word_1_976' title='bbox 1522 2158 1578 2182; x_wconf 90' lang='lat' dir='ltr'>tur</span> <span class='ocrx_word' id='word_1_977' title='bbox 1589 2158 1626 2183; x_wconf 90' lang='lat' dir='ltr'>ut</span> <span class='ocrx_word' id='word_1_978' title='bbox 1636 2146 1780 2182; x_wconf 84' lang='lat' dir='ltr'>credant.</span> <span class='ocrx_word' id='word_1_979' title='bbox 1792 2147 1888 2181; x_wconf 88' lang='lat' dir='ltr'>Hanc</span> <span class='ocrx_word' id='word_1_980' title='bbox 1899 2147 1984 2179; x_wconf 90' lang='lat' dir='ltr'>enim</span> <span class='ocrx_word' id='word_1_981' title='bbox 1994 2147 2028 2180; x_wconf 77' lang='grc' dir='ltr'>δι</span> <span class='ocrx_word' id='word_1_982' title='bbox 2039 2145 2212 2180; x_wconf 83' lang='lat' dir='ltr'>Dominus</span> <span class='ocrx_word' id='word_1_983' title='bbox 2222 2142 2291 2191; x_wconf 84' lang='lat' dir='ltr'>ipse</span> <span class='ocrx_word' id='word_1_984' title='bbox 2304 2143 2376 2178; x_wconf 91' lang='lat' dir='ltr'>satis</span> <span class='ocrx_word' id='word_1_985' title='bbox 2384 2153 2461 2191; x_wconf 85' lang='lat' dir='ltr'>ape·</span> 
     </span>
    </p>
   </div>
   <div class='ocr_carea' id='block_1_26' title="bbox 1521 2177 2648 2240">
    <p class='ocr_par' dir='ltr' id='par_1_41' title="bbox 1521 2177 2648 2240">
     <span class='ocr_line' id='line_1_118' title="bbox 1521 2177 2648 2240; baseline -0.021 -7"><span class='ocrx_word' id='word_1_986' title='bbox 1521 2199 1586 2239; x_wconf 83' lang='lat' dir='ltr'>rit,</span> <span class='ocrx_word' id='word_1_987' title='bbox 1611 2195 1667 2232; x_wconf 88' lang='lat' dir='ltr'>ubi</span> <span class='ocrx_word' id='word_1_988' title='bbox 1677 2195 1780 2239; x_wconf 82' lang='lat' dir='ltr'>dicit,</span> <span class='ocrx_word' id='word_1_989' title='bbox 1805 2196 1881 2227; x_wconf 86' lang='lat' dir='ltr'>Non</span> <span class='ocrx_word' id='word_1_990' title='bbox 1900 2205 1960 2227; x_wconf 82' lang='lat' dir='ltr'>vos</span> <span class='ocrx_word' id='word_1_991' title='bbox 1973 2205 2019 2226; x_wconf 83' lang='lat' dir='ltr'>me</span> <span class='ocrx_word' id='word_1_992' title='bbox 2039 2191 2202 2240; x_wconf 78' lang='lat' dir='ltr'>elegistis,</span> <span class='ocrx_word' id='word_1_993' title='bbox 2222 2193 2282 2238; x_wconf 74' lang='lat' dir='ltr'>Jed</span> <span class='ocrx_word' id='word_1_994' title='bbox 2301 2204 2357 2239; x_wconf 87' lang='lat' dir='ltr'>ego</span> <span class='ocrx_word' id='word_1_995' title='bbox 2377 2190 2462 2238; x_wconf 76' lang='lat' dir='ltr'>elegi</span> <span class='ocrx_word' id='word_1_996' title='bbox 2478 2180 2541 2200; x_wconf 75' lang='lat'>&#39;¹⁰¹¹</span> <span class='ocrx_word' id='word_1_997' title='bbox 2572 2177 2648 2210; x_wconf 68' lang='lat'>‘1⁰¹³</span> 
     </span>
    </p>
   </div>
   <div class='ocr_carea' id='block_1_27' title="bbox 2477 2209 2609 2241">
    <p class='ocr_par' dir='ltr' id='par_1_42' title="bbox 2477 2209 2609 2241">
     <span class='ocr_line' id='line_1_119' title="bbox 2477 2209 2609 2241; baseline -0.008 0"><span class='ocrx_word' id='word_1_998' title='bbox 2477 2209 2609 2241; x_wconf 82' lang='lat' dir='ltr'>eredide-</span> 
     </span>
    </p>
   </div>
   <div class='ocr_carea' id='block_1_28' title="bbox 2672 2092 2684 2135">
    <p class='ocr_par' dir='ltr' id='par_1_43' title="bbox 2672 2092 2684 2135">
     <span class='ocr_line' id='line_1_120' title="bbox 2672 2092 2684 2135; baseline 0 0"><span class='ocrx_word' id='word_1_999' title='bbox 2672 2092 2684 2135; x_wconf 57' lang='grc' dir='ltr'><strong>ἒ</strong></span> 
     </span>
    </p>
   </div>
   <div class='ocr_carea' id='block_1_29' title="bbox 2478 2126 2684 2173">
    <p class='ocr_par' dir='ltr' id='par_1_44' title="bbox 2478 2126 2684 2173">
     <span class='ocr_line' id='line_1_121' title="bbox 2478 2126 2684 2173; baseline -0.019 -13"><span class='ocrx_word' id='word_1_1000' title='bbox 2478 2126 2654 2173; x_wconf 60' lang='lat' dir='ltr'>elram-um,</span> <span class='ocrx_word' id='word_1_1001' title='bbox 2678 2137 2684 2154; x_wconf 55' lang='grc' dir='ltr'><em>π</em></span> 
     </span>
    </p>
   </div>
   <div class='ocr_carea' id='block_1_30' title="bbox 1526 2242 2684 2293">
    <p class='ocr_par' dir='ltr' id='par_1_45' title="bbox 1526 2242 2684 2293">
     <span class='ocr_line' id='line_1_122' title="bbox 1526 2242 2684 2293; baseline 0.004 -15"><span class='ocrx_word' id='word_1_1002' title='bbox 1526 2257 1606 2279; x_wconf 82' lang='lat' dir='ltr'>vos.</span> <span class='ocrx_word' id='word_1_1003' title='bbox 1634 2244 1760 2282; x_wconf 74' lang='lat' dir='ltr'>Namsi</span> <span class='ocrx_word' id='word_1_1004' title='bbox 1773 2255 1948 2293; x_wconf 88' lang='lat' dir='ltr'>propterea</span> <span class='ocrx_word' id='word_1_1005' title='bbox 1966 2243 2062 2281; x_wconf 64' lang='lat' dir='ltr'>eleeti</span> <span class='ocrx_word' id='word_1_1006' title='bbox 2083 2255 2196 2287; x_wconf 87' lang='lat' dir='ltr'>erant,</span> <span class='ocrx_word' id='word_1_1007' title='bbox 2221 2246 2299 2293; x_wconf 86' lang='lat' dir='ltr'>quia</span> <span class='ocrx_word' id='word_1_1008' title='bbox 2317 2242 2464 2280; x_wconf 81' lang='lat' dir='ltr'>credide·</span> <span class='ocrx_word' id='word_1_1009' title='bbox 2480 2257 2550 2281; x_wconf 84' lang='lat' dir='ltr'>runt</span> <span class='ocrx_word' id='word_1_1010' title='bbox 2564 2271 2574 2286; x_wconf 94' lang='lat'><strong>‚</strong></span> <span class='ocrx_word' id='word_1_1011' title='bbox 2595 2248 2646 2284; x_wconf 82' lang='lat' dir='ltr'>sed</span> <span class='ocrx_word' id='word_1_1012' title='bbox 2682 2284 2684 2286; x_wconf 80' lang='grc'><strong>,</strong></span> 
     </span>
    </p>
   </div>
   <div class='ocr_carea' id='block_1_31' title="bbox 1524 2293 2644 2946">
    <p class='ocr_par' dir='ltr' id='par_1_46' title="bbox 1524 2293 2634 2796">
     <span class='ocr_line' id='line_1_123' title="bbox 1526 2293 2609 2344; baseline -0.003 -12"><span class='ocrx_word' id='word_1_1013' title='bbox 1526 2306 1618 2334; x_wconf 73' lang='lat' dir='ltr'>tants</span> <span class='ocrx_word' id='word_1_1014' title='bbox 1643 2295 1700 2344; x_wconf 69' lang='lat' dir='ltr'>ipsi</span> <span class='ocrx_word' id='word_1_1015' title='bbox 1712 2308 1789 2332; x_wconf 89' lang='lat' dir='ltr'>eum</span> <span class='ocrx_word' id='word_1_1016' title='bbox 1810 2299 1901 2343; x_wconf 86' lang='lat' dir='ltr'>prius</span> <span class='ocrx_word' id='word_1_1017' title='bbox 1922 2298 2038 2343; x_wconf 90' lang='lat' dir='ltr'>utique</span> <span class='ocrx_word' id='word_1_1018' title='bbox 2055 2294 2224 2342; x_wconf 86' lang='lat' dir='ltr'>elegerant</span> <span class='ocrx_word' id='word_1_1019' title='bbox 2240 2293 2410 2332; x_wconf 82' lang='lat' dir='ltr'>credendo</span> <span class='ocrx_word' id='word_1_1020' title='bbox 2430 2295 2463 2329; x_wconf 87' lang='lat' dir='ltr'>in</span> <span class='ocrx_word' id='word_1_1021' title='bbox 2480 2299 2511 2321; x_wconf 83' lang='lat' dir='ltr'>ut</span> <span class='ocrx_word' id='word_1_1022' title='bbox 2549 2301 2609 2323; x_wconf 75' lang='lat' dir='ltr'>tte·</span> 
     </span>
     <span class='ocr_line' id='line_1_124' title="bbox 1526 2331 2570 2393; baseline -0.003 -11"><span class='ocrx_word' id='word_1_1023' title='bbox 1526 2358 1602 2383; x_wconf 88' lang='lat' dir='ltr'>eum</span> <span class='ocrx_word' id='word_1_1024' title='bbox 1613 2357 1651 2384; x_wconf 91' lang='lat' dir='ltr'>ut</span> <span class='ocrx_word' id='word_1_1025' title='bbox 1661 2346 1737 2393; x_wconf 73' lang='lat' dir='ltr'>eligi</span> <span class='ocrx_word' id='word_1_1026' title='bbox 1749 2357 1973 2383; x_wconf 88' lang='lat' dir='ltr'>mererentur.</span> <span class='ocrx_word' id='word_1_1027' title='bbox 2001 2345 2125 2383; x_wconf 85' lang='lat' dir='ltr'>Aufert</span> <span class='ocrx_word' id='word_1_1028' title='bbox 2141 2357 2250 2383; x_wconf 85' lang='lat' dir='ltr'>autem</span> <span class='ocrx_word' id='word_1_1029' title='bbox 2269 2343 2337 2381; x_wconf 83' lang='lat' dir='ltr'>hoc</span> <span class='ocrx_word' id='word_1_1030' title='bbox 2355 2347 2463 2381; x_wconf 85' lang='lat' dir='ltr'>omni-</span> <span class='ocrx_word' id='word_1_1031' title='bbox 2479 2331 2570 2366; x_wconf 68' lang='lat'>‘¹³⁰²‘</span> 
     </span>
     <span class='ocr_line' id='line_1_125' title="bbox 1525 2394 2463 2445; baseline -0.005 -12"><span class='ocrx_word' id='word_1_1032' title='bbox 1525 2410 1594 2441; x_wconf 87' lang='lat' dir='ltr'>no,</span> <span class='ocrx_word' id='word_1_1033' title='bbox 1619 2400 1679 2445; x_wconf 89' lang='lat' dir='ltr'>qui</span> <span class='ocrx_word' id='word_1_1034' title='bbox 1699 2398 1804 2440; x_wconf 88' lang='lat' dir='ltr'>dicit,</span> <span class='ocrx_word' id='word_1_1035' title='bbox 1829 2395 1975 2430; x_wconf 81' lang='lat' dir='ltr'>Non-vos</span> <span class='ocrx_word' id='word_1_1036' title='bbox 1994 2407 2042 2429; x_wconf 79' lang='lat' dir='ltr'>me</span> <span class='ocrx_word' id='word_1_1037' title='bbox 2059 2394 2198 2441; x_wconf 73' lang='lat' dir='ltr'>elegistis</span> <span class='ocrx_word' id='word_1_1038' title='bbox 2213 2421 2223 2437; x_wconf 84' lang='grc'>,</span> <span class='ocrx_word' id='word_1_1039' title='bbox 2241 2394 2303 2440; x_wconf 78' lang='lat' dir='ltr'>sed</span> <span class='ocrx_word' id='word_1_1040' title='bbox 2320 2405 2379 2440; x_wconf 86' lang='lat' dir='ltr'>ego</span> <span class='ocrx_word' id='word_1_1041' title='bbox 2402 2404 2463 2428; x_wconf 88' lang='lat' dir='ltr'>vos</span> 
     </span>
     <span class='ocr_line' id='line_1_126' title="bbox 1524 2445 2465 2495; baseline -0.003 -11"><span class='ocrx_word' id='word_1_1042' title='bbox 1524 2447 1627 2493; x_wconf 73' lang='lat' dir='ltr'>elegi.</span> <span class='ocrx_word' id='word_1_1043' title='bbox 1653 2447 1766 2495; x_wconf 83' lang='lat' dir='ltr'>Etipfi</span> <span class='ocrx_word' id='word_1_1044' title='bbox 1776 2446 1913 2495; x_wconf 86' lang='lat' dir='ltr'>quidem</span> <span class='ocrx_word' id='word_1_1045' title='bbox 1925 2445 2160 2495; x_wconf 89' lang='lat' dir='ltr'>proculdubio</span> <span class='ocrx_word' id='word_1_1046' title='bbox 2177 2445 2347 2493; x_wconf 85' lang='lat' dir='ltr'>elegerunt</span> <span class='ocrx_word' id='word_1_1047' title='bbox 2364 2456 2441 2481; x_wconf 86' lang='lat' dir='ltr'>eum</span> <span class='ocrx_word' id='word_1_1048' title='bbox 2451 2470 2465 2489; x_wconf 86' lang='lat'>‚</span> 
     </span>
     <span class='ocr_line' id='line_1_127' title="bbox 1526 2494 2467 2546; baseline -0.003 -11"><span class='ocrx_word' id='word_1_1049' title='bbox 1526 2498 1662 2546; x_wconf 87' lang='lat' dir='ltr'>quando</span> <span class='ocrx_word' id='word_1_1050' title='bbox 1671 2498 1925 2535; x_wconf 84' lang='lat' dir='ltr'>credideruntin</span> <span class='ocrx_word' id='word_1_1051' title='bbox 1935 2510 2032 2535; x_wconf 84' lang='lat' dir='ltr'>eum.</span> <span class='ocrx_word' id='word_1_1052' title='bbox 2058 2496 2158 2535; x_wconf 90' lang='lat' dir='ltr'>Unde</span> <span class='ocrx_word' id='word_1_1053' title='bbox 2165 2509 2233 2533; x_wconf 93' lang='lat' dir='ltr'>non</span> <span class='ocrx_word' id='word_1_1054' title='bbox 2243 2495 2291 2533; x_wconf 92' lang='lat' dir='ltr'>ob</span> <span class='ocrx_word' id='word_1_1055' title='bbox 2308 2495 2398 2533; x_wconf 88' lang='lat' dir='ltr'>aliud</span> <span class='ocrx_word' id='word_1_1056' title='bbox 2417 2494 2467 2532; x_wconf 83' lang='lat' dir='ltr'>di-</span> 
     </span>
     <span class='ocr_line' id='line_1_128' title="bbox 1526 2544 2466 2593; baseline 0.002 -13"><span class='ocrx_word' id='word_1_1057' title='bbox 1526 2551 1597 2592; x_wconf 88' lang='lat' dir='ltr'>cit,</span> <span class='ocrx_word' id='word_1_1058' title='bbox 1622 2547 1695 2580; x_wconf 86' lang='lat' dir='ltr'>Non</span> <span class='ocrx_word' id='word_1_1059' title='bbox 1713 2559 1774 2582; x_wconf 83' lang='lat' dir='ltr'>vos</span> <span class='ocrx_word' id='word_1_1060' title='bbox 1793 2560 1841 2582; x_wconf 87' lang='lat' dir='ltr'>me</span> <span class='ocrx_word' id='word_1_1061' title='bbox 1853 2547 1990 2593; x_wconf 84' lang='lat' dir='ltr'>elegistis</span> <span class='ocrx_word' id='word_1_1062' title='bbox 2003 2574 2013 2591; x_wconf 89' lang='lat'>,</span> <span class='ocrx_word' id='word_1_1063' title='bbox 2034 2547 2094 2593; x_wconf 83' lang='lat' dir='ltr'>sed</span> <span class='ocrx_word' id='word_1_1064' title='bbox 2112 2558 2168 2593; x_wconf 83' lang='lat' dir='ltr'>ego</span> <span class='ocrx_word' id='word_1_1065' title='bbox 2186 2558 2248 2580; x_wconf 84' lang='lat' dir='ltr'>vos</span> <span class='ocrx_word' id='word_1_1066' title='bbox 2273 2545 2358 2592; x_wconf 84' lang='lat' dir='ltr'>elegi</span> <span class='ocrx_word' id='word_1_1067' title='bbox 2367 2558 2380 2587; x_wconf 84' lang='grc'>,-</span> <span class='ocrx_word' id='word_1_1068' title='bbox 2406 2544 2466 2582; x_wconf 83' lang='lat' dir='ltr'>nifi</span> 
     </span>
     <span class='ocr_line' id='line_1_129' title="bbox 1527 2595 2467 2646; baseline -0.002 -12"><span class='ocrx_word' id='word_1_1069' title='bbox 1527 2600 1605 2646; x_wconf 87' lang='lat' dir='ltr'>quia</span> <span class='ocrx_word' id='word_1_1070' title='bbox 1615 2609 1684 2634; x_wconf 87' lang='lat' dir='ltr'>non</span> <span class='ocrx_word' id='word_1_1071' title='bbox 1693 2597 1866 2645; x_wconf 87' lang='lat' dir='ltr'>elegerunt</span> <span class='ocrx_word' id='word_1_1072' title='bbox 1877 2611 1954 2636; x_wconf 87' lang='lat' dir='ltr'>eum</span> <span class='ocrx_word' id='word_1_1073' title='bbox 1966 2609 2005 2636; x_wconf 87' lang='lat' dir='ltr'>ut</span> <span class='ocrx_word' id='word_1_1074' title='bbox 2016 2597 2155 2645; x_wconf 74' lang='lat' dir='ltr'>eligeret</span> <span class='ocrx_word' id='word_1_1075' title='bbox 2163 2609 2222 2633; x_wconf 88' lang='lat' dir='ltr'>eos</span> <span class='ocrx_word' id='word_1_1076' title='bbox 2231 2621 2244 2639; x_wconf 89' lang='lat'>‚</span> <span class='ocrx_word' id='word_1_1077' title='bbox 2255 2595 2307 2633; x_wconf 88' lang='lat' dir='ltr'>sed</span> <span class='ocrx_word' id='word_1_1078' title='bbox 2317 2607 2355 2633; x_wconf 92' lang='lat' dir='ltr'>ut</span> <span class='ocrx_word' id='word_1_1079' title='bbox 2365 2595 2467 2643; x_wconf 86' lang='lat' dir='ltr'>elige-</span> 
     </span>
     <span class='ocr_line' id='line_1_130' title="bbox 1528 2647 2468 2696; baseline -0.001 -12"><span class='ocrx_word' id='word_1_1080' title='bbox 1528 2659 1600 2685; x_wconf 87' lang='lat' dir='ltr'>rent</span> <span class='ocrx_word' id='word_1_1081' title='bbox 1611 2660 1688 2685; x_wconf 87' lang='lat' dir='ltr'>eum</span> <span class='ocrx_word' id='word_1_1082' title='bbox 1697 2673 1710 2692; x_wconf 92' lang='lat'>‚</span> <span class='ocrx_word' id='word_1_1083' title='bbox 1735 2648 1836 2695; x_wconf 73' lang='lat' dir='ltr'>elegit</span> <span class='ocrx_word' id='word_1_1084' title='bbox 1845 2661 1921 2686; x_wconf 81' lang='lat' dir='ltr'>eos:</span> <span class='ocrx_word' id='word_1_1085' title='bbox 1947 2652 2022 2696; x_wconf 89' lang='lat' dir='ltr'>quia</span> <span class='ocrx_word' id='word_1_1086' title='bbox 2035 2648 2256 2685; x_wconf 85' lang='lat' dir='ltr'>misericordia</span> <span class='ocrx_word' id='word_1_1087' title='bbox 2266 2647 2334 2693; x_wconf 86' lang='lat' dir='ltr'>ejus</span> <span class='ocrx_word' id='word_1_1088' title='bbox 2346 2659 2468 2695; x_wconf 77' lang='lat' dir='ltr'>praeve-</span> 
     </span>
     <span class='ocr_line' id='line_1_131' title="bbox 1529 2693 2634 2745; baseline 0.001 -11"><span class='ocrx_word' id='word_1_1089' title='bbox 1529 2701 1580 2735; x_wconf 88' lang='lat' dir='ltr'>nit</span> <span class='ocrx_word' id='word_1_1090' title='bbox 1590 2710 1648 2735; x_wconf 89' lang='lat' dir='ltr'>eos</span> <span class='ocrx_word' id='word_1_1091' title='bbox 1658 2697 1838 2736; x_wconf 89' lang='lat' dir='ltr'>secundum</span> <span class='ocrx_word' id='word_1_1092' title='bbox 1850 2701 1987 2745; x_wconf 83' lang='lat' dir='ltr'>gratiam</span> <span class='ocrx_word' id='word_1_1093' title='bbox 1999 2723 2011 2742; x_wconf 93' lang='lat'><strong>,</strong></span> <span class='ocrx_word' id='word_1_1094' title='bbox 2021 2711 2090 2735; x_wconf 88' lang='lat' dir='ltr'>non</span> <span class='ocrx_word' id='word_1_1095' title='bbox 2104 2695 2446 2735; x_wconf 85' lang='lat' dir='ltr'>secundumdebitum</span> <span class='ocrx_word' id='word_1_1096' title='bbox 2455 2722 2466 2733; x_wconf 82' lang='grc'><strong>.</strong></span> <span class='ocrx_word' id='word_1_1097' title='bbox 2481 2693 2583 2735; x_wconf 63' lang='lat' dir='ltr'>mss.</span> <span class='ocrx_word' id='word_1_1098' title='bbox 2593 2702 2634 2723; x_wconf 85' lang='lat'>¹¹·</span> 
     </span>
     <span class='ocr_line' id='line_1_132' title="bbox 1528 2745 2465 2796; baseline -0.002 -11"><span class='ocrx_word' id='word_1_1099' title='bbox 1528 2748 1640 2796; x_wconf 73' lang='lat' dir='ltr'>Elegit</span> <span class='ocrx_word' id='word_1_1100' title='bbox 1648 2761 1730 2794; x_wconf 68' lang='lat' dir='ltr'>erpo</span> <span class='ocrx_word' id='word_1_1101' title='bbox 1749 2761 1806 2786; x_wconf 89' lang='lat' dir='ltr'>eos</span> <span class='ocrx_word' id='word_1_1102' title='bbox 1815 2749 1858 2785; x_wconf 90' lang='lat' dir='ltr'>de</span> <span class='ocrx_word' id='word_1_1103' title='bbox 1867 2749 1998 2786; x_wconf 83' lang='lat' dir='ltr'>mundo</span> <span class='ocrx_word' id='word_1_1104' title='bbox 2007 2761 2087 2785; x_wconf 88' lang='lat' dir='ltr'>cum</span> <span class='ocrx_word' id='word_1_1105' title='bbox 2106 2745 2164 2783; x_wconf 84' lang='lat' dir='ltr'>hic</span> <span class='ocrx_word' id='word_1_1106' title='bbox 2181 2756 2291 2793; x_wconf 81' lang='lat' dir='ltr'>ageret</span> <span class='ocrx_word' id='word_1_1107' title='bbox 2310 2757 2440 2783; x_wconf 87' lang='lat' dir='ltr'>carnem</span> <span class='ocrx_word' id='word_1_1108' title='bbox 2450 2769 2465 2790; x_wconf 84' lang='lat'><strong>,</strong></span> 
     </span>
    </p>

    <p class='ocr_par' dir='ltr' id='par_1_47' title="bbox 1529 2795 2465 2845">
     <span class='ocr_line' id='line_1_133' title="bbox 1529 2795 2465 2845; baseline -0.003 -10"><span class='ocrx_word' id='word_1_1109' title='bbox 1529 2799 1579 2835; x_wconf 86' lang='lat' dir='ltr'>sed</span> <span class='ocrx_word' id='word_1_1110' title='bbox 1593 2802 1655 2842; x_wconf 80' lang='lat' dir='ltr'>iam</span> <span class='ocrx_word' id='word_1_1111' title='bbox 1665 2800 1786 2834; x_wconf 69' lang='lat' dir='ltr'>eleetos</span> <span class='ocrx_word' id='word_1_1112' title='bbox 1796 2803 1830 2834; x_wconf 90' lang='lat' dir='ltr'>in</span> <span class='ocrx_word' id='word_1_1113' title='bbox 1840 2797 1947 2845; x_wconf 76' lang='lat' dir='ltr'>stipso</span> <span class='ocrx_word' id='word_1_1114' title='bbox 1955 2807 2031 2833; x_wconf 85' lang='lat' dir='ltr'>ante</span> <span class='ocrx_word' id='word_1_1115' title='bbox 2041 2796 2155 2834; x_wconf 89' lang='lat' dir='ltr'>mundi</span> <span class='ocrx_word' id='word_1_1116' title='bbox 2167 2795 2444 2833; x_wconf 88' lang='lat' dir='ltr'>constitutionem</span> <span class='ocrx_word' id='word_1_1117' title='bbox 2456 2823 2465 2832; x_wconf 85' lang='lat'><em>.</em></span> 
     </span>
    </p>

    <p class='ocr_par' dir='ltr' id='par_1_48' title="bbox 1526 2845 2464 2895">
     <span class='ocr_line' id='line_1_134' title="bbox 1526 2845 2464 2895; baseline -0.003 -9"><span class='ocrx_word' id='word_1_1118' title='bbox 1526 2852 1610 2886; x_wconf 84' lang='lat' dir='ltr'>Haec</span> <span class='ocrx_word' id='word_1_1119' title='bbox 1619 2847 1667 2884; x_wconf 91' lang='lat' dir='ltr'>est</span> <span class='ocrx_word' id='word_1_1120' title='bbox 1677 2846 1859 2884; x_wconf 88' lang='lat' dir='ltr'>immobilis</span> <span class='ocrx_word' id='word_1_1121' title='bbox 1869 2850 1987 2883; x_wconf 86' lang='lat' dir='ltr'>veritas</span> <span class='ocrx_word' id='word_1_1122' title='bbox 1997 2845 2287 2895; x_wconf 68' lang='lat' dir='ltr'>pra-destinationis</span> <span class='ocrx_word' id='word_1_1123' title='bbox 2296 2849 2330 2884; x_wconf 89' lang='lat'>&amp;</span> <span class='ocrx_word' id='word_1_1124' title='bbox 2342 2850 2464 2895; x_wconf 79' lang='lat' dir='ltr'>gratiae.</span> 
     </span>
    </p>

    <p class='ocr_par' dir='ltr' id='par_1_49' title="bbox 1526 2890 2644 2946">
     <span class='ocr_line' id='line_1_135' title="bbox 1526 2890 2644 2946; baseline -0.005 -10"><span class='ocrx_word' id='word_1_1125' title='bbox 1526 2903 1615 2936; x_wconf 89' lang='lat' dir='ltr'>Nam</span> <span class='ocrx_word' id='word_1_1126' title='bbox 1635 2897 1719 2946; x_wconf 90' lang='lat' dir='ltr'>quid</span> <span class='ocrx_word' id='word_1_1127' title='bbox 1727 2896 1877 2945; x_wconf 88' lang='lat' dir='ltr'>estquod</span> <span class='ocrx_word' id='word_1_1128' title='bbox 1885 2900 1928 2933; x_wconf 85' lang='lat' dir='ltr'>ait</span> <span class='ocrx_word' id='word_1_1129' title='bbox 1946 2896 2154 2944; x_wconf 82' lang='lat' dir='ltr'>Apostolus,</span> <span class='ocrx_word' id='word_1_1130' title='bbox 2180 2898 2272 2934; x_wconf 75' lang='lat' dir='ltr'>Sicut</span> <span class='ocrx_word' id='word_1_1131' title='bbox 2289 2896 2389 2943; x_wconf 82' lang='lat' dir='ltr'>elegit</span> <span class='ocrx_word' id='word_1_1132' title='bbox 2408 2907 2464 2931; x_wconf 82' lang='lat' dir='ltr'>nos</span> <span class='ocrx_word' id='word_1_1133' title='bbox 2499 2890 2644 2925; x_wconf 70' lang='lat' dir='ltr'>Immobi-</span> 
     </span>
    </p>
   </div>
   <div class='ocr_carea' id='block_1_32' title="bbox 2482 2415 2530 2442">
    <p class='ocr_par' dir='ltr' id='par_1_50' title="bbox 2482 2415 2530 2442">
     <span class='ocr_line' id='line_1_136' title="bbox 2482 2415 2530 2442; baseline 0 0"><span class='ocrx_word' id='word_1_1134' title='bbox 2482 2415 2530 2442; x_wconf 84' lang='lat'>16.</span> 
     </span>
    </p>
   </div>
   <div class='ocr_carea' id='block_1_33' title="bbox 1526 2933 2684 2997">
    <p class='ocr_par' dir='ltr' id='par_1_51' title="bbox 1526 2933 2684 2997">
     <span class='ocr_line' id='line_1_137' title="bbox 1526 2933 2684 2997; baseline -0.003 -16"><span class='ocrx_word' id='word_1_1135' title='bbox 1526 2946 1640 2994; x_wconf 79' lang='lat' dir='ltr'>inipso</span> <span class='ocrx_word' id='word_1_1136' title='bbox 1651 2955 1727 2982; x_wconf 79' lang='lat' dir='ltr'>ante</span> <span class='ocrx_word' id='word_1_1137' title='bbox 1744 2946 1857 2981; x_wconf 84' lang='lat' dir='ltr'>mundi</span> <span class='ocrx_word' id='word_1_1138' title='bbox 1875 2947 2125 2988; x_wconf 74' lang='lat' dir='ltr'>constitutionem</span> <span class='ocrx_word' id='word_1_1139' title='bbox 2137 2952 2156 2981; x_wconf 68' lang='grc' dir='ltr'><em>Ρ</em></span> <span class='ocrx_word' id='word_1_1140' title='bbox 2180 2947 2289 2997; x_wconf 84' lang='lat' dir='ltr'>Qod</span> <span class='ocrx_word' id='word_1_1141' title='bbox 2308 2947 2464 2996; x_wconf 66' lang='lat' dir='ltr'>profeeo</span> <span class='ocrx_word' id='word_1_1142' title='bbox 2477 2933 2514 2965; x_wconf 57' lang='grc' dir='ltr'>’ὴ</span> <span class='ocrx_word' id='word_1_1143' title='bbox 2529 2934 2640 2965; x_wconf 59' lang='lat' dir='ltr'>veri¹²⁸</span> <span class='ocrx_word' id='word_1_1144' title='bbox 2669 2936 2684 2977; x_wconf 59' lang='grc' dir='ltr'>’ἶ</span> 
     </span>
    </p>
   </div>
   <div class='ocr_carea' id='block_1_34' title="bbox 1526 2973 2638 3047">
    <p class='ocr_par' dir='ltr' id='par_1_52' title="bbox 1526 2973 2638 3047">
     <span class='ocr_line' id='line_1_138' title="bbox 1526 2973 2638 3047; baseline -0.002 -12"><span class='ocrx_word' id='word_1_1145' title='bbox 1526 2999 1549 3035; x_wconf 82' lang='lat' dir='ltr'>fi</span> <span class='ocrx_word' id='word_1_1146' title='bbox 1561 3008 1736 3047; x_wconf 85' lang='lat' dir='ltr'>propterea</span> <span class='ocrx_word' id='word_1_1147' title='bbox 1743 2996 1873 3034; x_wconf 52' lang='lat' dir='ltr'>distum</span> <span class='ocrx_word' id='word_1_1148' title='bbox 1883 2996 1928 3033; x_wconf 89' lang='lat' dir='ltr'>est</span> <span class='ocrx_word' id='word_1_1149' title='bbox 1938 3023 1950 3040; x_wconf 86' lang='lat'>‚</span> <span class='ocrx_word' id='word_1_1150' title='bbox 1975 3000 2051 3046; x_wconf 88' lang='lat' dir='ltr'>quia</span> <span class='ocrx_word' id='word_1_1151' title='bbox 2068 2998 2225 3047; x_wconf 84' lang='lat' dir='ltr'>praescivit</span> <span class='ocrx_word' id='word_1_1152' title='bbox 2242 3001 2338 3037; x_wconf 85' lang='lat' dir='ltr'>Deus</span> <span class='ocrx_word' id='word_1_1153' title='bbox 2353 2997 2462 3035; x_wconf 83' lang='lat' dir='ltr'>credi·</span> <span class='ocrx_word' id='word_1_1154' title='bbox 2478 2973 2638 3047; x_wconf 45' lang='lat' dir='ltr'>ssssffigss&#39;·</span> 
     </span>
    </p>
   </div>
   <div class='ocr_carea' id='block_1_35' title="bbox 1519 3047 2636 3937">
    <p class='ocr_par' dir='ltr' id='par_1_53' title="bbox 1528 3047 2635 3148">
     <span class='ocr_line' id='line_1_139' title="bbox 1528 3047 2635 3097; baseline 0 -11"><span class='ocrx_word' id='word_1_1155' title='bbox 1528 3061 1623 3086; x_wconf 87' lang='lat' dir='ltr'>turos</span> <span class='ocrx_word' id='word_1_1156' title='bbox 1632 3074 1645 3092; x_wconf 88' lang='lat'>‚</span> <span class='ocrx_word' id='word_1_1157' title='bbox 1673 3061 1740 3085; x_wconf 91' lang='lat' dir='ltr'>non</span> <span class='ocrx_word' id='word_1_1158' title='bbox 1750 3051 1826 3095; x_wconf 89' lang='lat' dir='ltr'>quia</span> <span class='ocrx_word' id='word_1_1159' title='bbox 1837 3047 1981 3085; x_wconf 61' lang='lat' dir='ltr'>facturus</span> <span class='ocrx_word' id='word_1_1160' title='bbox 1993 3047 2097 3085; x_wconf 84' lang='lat' dir='ltr'>fuerat</span> <span class='ocrx_word' id='word_1_1161' title='bbox 2106 3048 2174 3096; x_wconf 78' lang='lat' dir='ltr'>ipse</span> <span class='ocrx_word' id='word_1_1162' title='bbox 2183 3048 2460 3087; x_wconf 70' lang='lat' dir='ltr'>credentestcon·</span> <span class='ocrx_word' id='word_1_1163' title='bbox 2474 3053 2635 3097; x_wconf 59' lang='lat' dir='ltr'>Ephesia}-</span> 
     </span>
     <span class='ocr_line' id='line_1_140' title="bbox 1528 3097 2460 3148; baseline -0.006 -12"><span class='ocrx_word' id='word_1_1164' title='bbox 1528 3112 1580 3137; x_wconf 85' lang='lat' dir='ltr'>tra</span> <span class='ocrx_word' id='word_1_1165' title='bbox 1590 3098 1681 3136; x_wconf 83' lang='lat' dir='ltr'>istam</span> <span class='ocrx_word' id='word_1_1166' title='bbox 1693 3098 1927 3148; x_wconf 66' lang='lat' dir='ltr'>praescientiam</span> <span class='ocrx_word' id='word_1_1167' title='bbox 1938 3098 2090 3146; x_wconf 90' lang='lat' dir='ltr'>loquitur</span> <span class='ocrx_word' id='word_1_1168' title='bbox 2100 3098 2202 3136; x_wconf 85' lang='lat' dir='ltr'>Filius</span> <span class='ocrx_word' id='word_1_1169' title='bbox 2213 3123 2223 3142; x_wconf 92' lang='lat'>‚</span> <span class='ocrx_word' id='word_1_1170' title='bbox 2234 3098 2366 3136; x_wconf 75' lang='lat' dir='ltr'>dicenst</span> <span class='ocrx_word' id='word_1_1171' title='bbox 2385 3097 2460 3131; x_wconf 83' lang='lat' dir='ltr'>Non</span> 
     </span>
    </p>

    <p class='ocr_par' dir='ltr' id='par_1_54' title="bbox 1526 3145 2459 3249">
     <span class='ocr_line' id='line_1_141' title="bbox 1527 3145 2459 3196; baseline -0.001 -12"><span class='ocrx_word' id='word_1_1172' title='bbox 1527 3162 1590 3185; x_wconf 88' lang='lat' dir='ltr'>vos</span> <span class='ocrx_word' id='word_1_1173' title='bbox 1600 3161 1648 3183; x_wconf 88' lang='lat' dir='ltr'>me</span> <span class='ocrx_word' id='word_1_1174' title='bbox 1658 3148 1793 3195; x_wconf 77' lang='lat' dir='ltr'>elegistis</span> <span class='ocrx_word' id='word_1_1175' title='bbox 1805 3174 1815 3192; x_wconf 92' lang='lat'>‚</span> <span class='ocrx_word' id='word_1_1176' title='bbox 1835 3145 1896 3194; x_wconf 87' lang='lat' dir='ltr'>sed</span> <span class='ocrx_word' id='word_1_1177' title='bbox 1906 3159 1960 3194; x_wconf 85' lang='lat' dir='ltr'>ego</span> <span class='ocrx_word' id='word_1_1178' title='bbox 1969 3160 2029 3182; x_wconf 85' lang='lat' dir='ltr'>vos</span> <span class='ocrx_word' id='word_1_1179' title='bbox 2039 3148 2143 3194; x_wconf 85' lang='lat' dir='ltr'>elegi:</span> <span class='ocrx_word' id='word_1_1180' title='bbox 2167 3161 2245 3186; x_wconf 87' lang='lat' dir='ltr'>cum</span> <span class='ocrx_word' id='word_1_1181' title='bbox 2257 3146 2324 3185; x_wconf 88' lang='lat' dir='ltr'>hoc</span> <span class='ocrx_word' id='word_1_1182' title='bbox 2346 3151 2459 3196; x_wconf 82' lang='lat' dir='ltr'>potius</span> 
     </span>
     <span class='ocr_line' id='line_1_142' title="bbox 1526 3198 2459 3249; baseline -0.001 -13"><span class='ocrx_word' id='word_1_1183' title='bbox 1526 3200 1705 3249; x_wconf 87' lang='lat' dir='ltr'>praescierit</span> <span class='ocrx_word' id='word_1_1184' title='bbox 1716 3201 1810 3236; x_wconf 88' lang='lat' dir='ltr'>Deus</span> <span class='ocrx_word' id='word_1_1185' title='bbox 1819 3223 1831 3242; x_wconf 91' lang='lat'>‚</span> <span class='ocrx_word' id='word_1_1186' title='bbox 1840 3199 1932 3246; x_wconf 89' lang='lat' dir='ltr'>quod</span> <span class='ocrx_word' id='word_1_1187' title='bbox 1942 3202 1953 3235; x_wconf 84' lang='lat' dir='ltr'>i</span> <span class='ocrx_word' id='word_1_1188' title='bbox 1957 3198 2001 3247; x_wconf 84' lang='lat' dir='ltr'>pfl</span> <span class='ocrx_word' id='word_1_1189' title='bbox 2011 3211 2087 3236; x_wconf 87' lang='lat' dir='ltr'>eum</span> <span class='ocrx_word' id='word_1_1190' title='bbox 2099 3198 2229 3236; x_wconf 87' lang='lat' dir='ltr'>fuerant</span> <span class='ocrx_word' id='word_1_1191' title='bbox 2240 3198 2376 3235; x_wconf 67' lang='lat' dir='ltr'>electuri</span> <span class='ocrx_word' id='word_1_1192' title='bbox 2388 3225 2400 3243; x_wconf 89' lang='lat'><strong>,</strong></span> <span class='ocrx_word' id='word_1_1193' title='bbox 2419 3209 2459 3236; x_wconf 91' lang='lat' dir='ltr'>ut</span> 
     </span>
    </p>

    <p class='ocr_par' dir='ltr' id='par_1_55' title="bbox 1523 3248 2504 3348">
     <span class='ocr_line' id='line_1_143' title="bbox 1523 3248 2504 3296; baseline -0.001 -9"><span class='ocrx_word' id='word_1_1194' title='bbox 1523 3250 1565 3288; x_wconf 89' lang='lat' dir='ltr'>ab</span> <span class='ocrx_word' id='word_1_1195' title='bbox 1585 3250 1645 3286; x_wconf 92' lang='lat' dir='ltr'>illo</span> <span class='ocrx_word' id='word_1_1196' title='bbox 1662 3259 1869 3286; x_wconf 89' lang='lat' dir='ltr'>mererentur</span> <span class='ocrx_word' id='word_1_1197' title='bbox 1887 3248 1984 3295; x_wconf 82' lang='lat' dir='ltr'>eligi.</span> <span class='ocrx_word' id='word_1_1198' title='bbox 2011 3249 2117 3286; x_wconf 73' lang='lat' dir='ltr'>Eieffi</span> <span class='ocrx_word' id='word_1_1199' title='bbox 2145 3250 2219 3286; x_wconf 88' lang='lat' dir='ltr'>sunt</span> <span class='ocrx_word' id='word_1_1200' title='bbox 2245 3253 2355 3296; x_wconf 89' lang='lat' dir='ltr'>itaque</span> <span class='ocrx_word' id='word_1_1201' title='bbox 2381 3261 2457 3286; x_wconf 88' lang='lat' dir='ltr'>ante</span> <span class='ocrx_word' id='word_1_1202' title='bbox 2502 3269 2504 3273; x_wconf 96' lang='lat'>·</span> 
     </span>
     <span class='ocr_line' id='line_1_144' title="bbox 1523 3298 2456 3348; baseline -0.002 -11"><span class='ocrx_word' id='word_1_1203' title='bbox 1523 3301 1639 3337; x_wconf 89' lang='lat' dir='ltr'>mundi</span> <span class='ocrx_word' id='word_1_1204' title='bbox 1659 3299 1931 3336; x_wconf 85' lang='lat' dir='ltr'>constitutionem</span> <span class='ocrx_word' id='word_1_1205' title='bbox 1949 3312 1984 3336; x_wconf 89' lang='lat' dir='ltr'>ea</span> <span class='ocrx_word' id='word_1_1206' title='bbox 2005 3298 2312 3348; x_wconf 76' lang='lat' dir='ltr'>praedestinarione,</span> <span class='ocrx_word' id='word_1_1207' title='bbox 2335 3302 2368 3335; x_wconf 89' lang='lat' dir='ltr'>in</span> <span class='ocrx_word' id='word_1_1208' title='bbox 2389 3311 2456 3347; x_wconf 83' lang='lat' dir='ltr'>qua</span> 
     </span>
    </p>

    <p class='ocr_par' dir='ltr' id='par_1_56' title="bbox 1521 3349 2455 3398">
     <span class='ocr_line' id='line_1_145' title="bbox 1521 3349 2455 3398; baseline -0.002 -10"><span class='ocrx_word' id='word_1_1209' title='bbox 1521 3355 1614 3388; x_wconf 89' lang='lat' dir='ltr'>Deus</span> <span class='ocrx_word' id='word_1_1210' title='bbox 1625 3349 1678 3386; x_wconf 88' lang='lat' dir='ltr'>sua</span> <span class='ocrx_word' id='word_1_1211' title='bbox 1688 3350 1798 3386; x_wconf 83' lang='lat' dir='ltr'>futura</span> <span class='ocrx_word' id='word_1_1212' title='bbox 1809 3350 1892 3386; x_wconf 62' lang='lat' dir='ltr'>faeta</span> <span class='ocrx_word' id='word_1_1213' title='bbox 1905 3349 2086 3398; x_wconf 78' lang='lat' dir='ltr'>proeseivit:</span> <span class='ocrx_word' id='word_1_1214' title='bbox 2103 3350 2198 3387; x_wconf 65' lang='lat' dir='ltr'>elefii</span> <span class='ocrx_word' id='word_1_1215' title='bbox 2211 3349 2283 3387; x_wconf 89' lang='lat' dir='ltr'>sunt</span> <span class='ocrx_word' id='word_1_1216' title='bbox 2293 3362 2402 3387; x_wconf 87' lang='lat' dir='ltr'>autem</span> <span class='ocrx_word' id='word_1_1217' title='bbox 2411 3351 2455 3386; x_wconf 89' lang='lat' dir='ltr'>de</span> 
     </span>
    </p>

    <p class='ocr_par' dir='ltr' id='par_1_57' title="bbox 1520 3399 2452 3448">
     <span class='ocr_line' id='line_1_146' title="bbox 1520 3399 2452 3448; baseline -0.002 -8"><span class='ocrx_word' id='word_1_1218' title='bbox 1520 3403 1652 3439; x_wconf 90' lang='lat' dir='ltr'>mundo</span> <span class='ocrx_word' id='word_1_1219' title='bbox 1670 3413 1706 3436; x_wconf 88' lang='lat' dir='ltr'>ea</span> <span class='ocrx_word' id='word_1_1220' title='bbox 1716 3403 1915 3444; x_wconf 85' lang='lat' dir='ltr'>vocatione,</span> <span class='ocrx_word' id='word_1_1221' title='bbox 1940 3413 2005 3448; x_wconf 88' lang='lat' dir='ltr'>qua</span> <span class='ocrx_word' id='word_1_1222' title='bbox 2014 3403 2107 3438; x_wconf 89' lang='lat' dir='ltr'>Deus</span> <span class='ocrx_word' id='word_1_1223' title='bbox 2116 3401 2149 3437; x_wconf 89' lang='lat' dir='ltr'>id</span> <span class='ocrx_word' id='word_1_1224' title='bbox 2169 3400 2264 3447; x_wconf 84' lang='lat' dir='ltr'>quod</span> <span class='ocrx_word' id='word_1_1225' title='bbox 2285 3399 2452 3448; x_wconf 68' lang='lat' dir='ltr'>praedesti-</span> 
     </span>
    </p>

    <p class='ocr_par' dir='ltr' id='par_1_58' title="bbox 1519 3449 2620 3601">
     <span class='ocr_line' id='line_1_147' title="bbox 1519 3449 2453 3499; baseline 0 -12"><span class='ocrx_word' id='word_1_1226' title='bbox 1519 3455 1632 3494; x_wconf 90' lang='lat' dir='ltr'>navit,</span> <span class='ocrx_word' id='word_1_1227' title='bbox 1659 3450 1830 3499; x_wconf 90' lang='lat' dir='ltr'>implevit.</span> <span class='ocrx_word' id='word_1_1228' title='bbox 1858 3454 1958 3496; x_wconf 88' lang='lat' dir='ltr'>Quos</span> <span class='ocrx_word' id='word_1_1229' title='bbox 1970 3453 2057 3487; x_wconf 87' lang='lat' dir='ltr'>enim</span> <span class='ocrx_word' id='word_1_1230' title='bbox 2078 3450 2339 3499; x_wconf 74' lang='lat' dir='ltr'>praedestinavit,</span> <span class='ocrx_word' id='word_1_1231' title='bbox 2364 3449 2453 3499; x_wconf 79' lang='lat' dir='ltr'>ipsos</span> 
     </span>
     <span class='ocr_line' id='line_1_148' title="bbox 1519 3494 2620 3550; baseline -0.002 -11"><span class='ocrx_word' id='word_1_1232' title='bbox 1519 3505 1719 3545; x_wconf 60' lang='lat' dir='ltr'>sevocavit,</span> <span class='ocrx_word' id='word_1_1233' title='bbox 1745 3501 1798 3538; x_wconf 87' lang='lat' dir='ltr'>illa</span> <span class='ocrx_word' id='word_1_1234' title='bbox 1810 3501 1928 3537; x_wconf 82' lang='lat' dir='ltr'>scilicet</span> <span class='ocrx_word' id='word_1_1235' title='bbox 1941 3504 2115 3538; x_wconf 90' lang='lat' dir='ltr'>vocatione</span> <span class='ocrx_word' id='word_1_1236' title='bbox 2126 3500 2305 3539; x_wconf 88' lang='lat' dir='ltr'>secundum</span> <span class='ocrx_word' id='word_1_1237' title='bbox 2327 3513 2452 3550; x_wconf 89' lang='lat' dir='ltr'>propo-</span> <span class='ocrx_word' id='word_1_1238' title='bbox 2468 3494 2620 3533; x_wconf 74' lang='lat' dir='ltr'><strong>R⁰m·⁸·30</strong></span> 
     </span>
     <span class='ocr_line' id='line_1_149' title="bbox 1519 3551 2453 3601; baseline -0.001 -12"><span class='ocrx_word' id='word_1_1239' title='bbox 1519 3553 1635 3590; x_wconf 75' lang='lat' dir='ltr'>litum:</span> <span class='ocrx_word' id='word_1_1240' title='bbox 1663 3563 1731 3588; x_wconf 89' lang='lat' dir='ltr'>non</span> <span class='ocrx_word' id='word_1_1241' title='bbox 1740 3563 1823 3599; x_wconf 82' lang='lat' dir='ltr'>ergo</span> <span class='ocrx_word' id='word_1_1242' title='bbox 1833 3552 1915 3588; x_wconf 80' lang='lat' dir='ltr'>alios</span> <span class='ocrx_word' id='word_1_1243' title='bbox 1925 3577 1937 3594; x_wconf 88' lang='lat'>‚</span> <span class='ocrx_word' id='word_1_1244' title='bbox 1964 3551 2016 3589; x_wconf 86' lang='lat' dir='ltr'>sed</span> <span class='ocrx_word' id='word_1_1245' title='bbox 2027 3564 2111 3599; x_wconf 86' lang='lat' dir='ltr'>quos</span> <span class='ocrx_word' id='word_1_1246' title='bbox 2123 3552 2384 3601; x_wconf 69' lang='lat' dir='ltr'>praedestinavit,</span> <span class='ocrx_word' id='word_1_1247' title='bbox 2402 3553 2453 3599; x_wconf 88' lang='lat' dir='ltr'>ip-</span> 
     </span>
    </p>

    <p class='ocr_par' dir='ltr' id='par_1_59' title="bbox 1520 3602 2454 3651">
     <span class='ocr_line' id='line_1_150' title="bbox 1520 3602 2454 3651; baseline -0.003 -12"><span class='ocrx_word' id='word_1_1248' title='bbox 1520 3602 1572 3639; x_wconf 90' lang='lat' dir='ltr'>sos</span> <span class='ocrx_word' id='word_1_1249' title='bbox 1583 3606 1616 3639; x_wconf 82' lang='lat'>&amp;</span> <span class='ocrx_word' id='word_1_1250' title='bbox 1627 3606 1759 3638; x_wconf 87' lang='lat' dir='ltr'>vocavit</span> <span class='ocrx_word' id='word_1_1251' title='bbox 1772 3614 1785 3641; x_wconf 77' lang='lat'>‚⁶</span> <span class='ocrx_word' id='word_1_1252' title='bbox 1809 3615 1867 3638; x_wconf 89' lang='lat' dir='ltr'>nec</span> <span class='ocrx_word' id='word_1_1253' title='bbox 1879 3602 1960 3638; x_wconf 87' lang='lat' dir='ltr'>alios</span> <span class='ocrx_word' id='word_1_1254' title='bbox 1972 3629 1984 3646; x_wconf 89' lang='lat'>,</span> <span class='ocrx_word' id='word_1_1255' title='bbox 2009 3602 2062 3638; x_wconf 88' lang='lat' dir='ltr'>sed</span> <span class='ocrx_word' id='word_1_1256' title='bbox 2075 3615 2162 3651; x_wconf 86' lang='lat' dir='ltr'>quos</span> <span class='ocrx_word' id='word_1_1257' title='bbox 2172 3606 2216 3639; x_wconf 90' lang='lat' dir='ltr'>ita</span> <span class='ocrx_word' id='word_1_1258' title='bbox 2226 3606 2379 3644; x_wconf 82' lang='lat' dir='ltr'>vocavit,</span> <span class='ocrx_word' id='word_1_1259' title='bbox 2403 3603 2454 3648; x_wconf 85' lang='lat' dir='ltr'>ip-</span> 
     </span>
    </p>

    <p class='ocr_par' dir='ltr' id='par_1_60' title="bbox 1520 3650 2453 3701">
     <span class='ocr_line' id='line_1_151' title="bbox 1520 3650 2453 3701; baseline -0.002 -12"><span class='ocrx_word' id='word_1_1260' title='bbox 1520 3652 1572 3689; x_wconf 87' lang='lat' dir='ltr'>sos</span> <span class='ocrx_word' id='word_1_1261' title='bbox 1605 3655 1639 3688; x_wconf 90' lang='lat'><strong>&amp;</strong></span> <span class='ocrx_word' id='word_1_1262' title='bbox 1658 3651 1872 3698; x_wconf 67' lang='lat' dir='ltr'>justificavits</span> <span class='ocrx_word' id='word_1_1263' title='bbox 1900 3665 1961 3688; x_wconf 87' lang='lat' dir='ltr'>nec</span> <span class='ocrx_word' id='word_1_1264' title='bbox 1978 3652 2081 3697; x_wconf 88' lang='lat' dir='ltr'>alios,</span> <span class='ocrx_word' id='word_1_1265' title='bbox 2109 3653 2160 3690; x_wconf 86' lang='lat' dir='ltr'>sed</span> <span class='ocrx_word' id='word_1_1266' title='bbox 2182 3666 2270 3700; x_wconf 87' lang='lat' dir='ltr'>quos</span> <span class='ocrx_word' id='word_1_1267' title='bbox 2288 3650 2453 3701; x_wconf 66' lang='lat' dir='ltr'>predesti-</span> 
     </span>
    </p>

    <p class='ocr_par' dir='ltr' id='par_1_61' title="bbox 1522 3700 2455 3751">
     <span class='ocr_line' id='line_1_152' title="bbox 1522 3700 2455 3751; baseline 0 -13"><span class='ocrx_word' id='word_1_1268' title='bbox 1522 3705 1612 3738; x_wconf 86' lang='lat' dir='ltr'>navit</span> <span class='ocrx_word' id='word_1_1269' title='bbox 1630 3727 1642 3745; x_wconf 88' lang='lat'>,</span> <span class='ocrx_word' id='word_1_1270' title='bbox 1668 3705 1800 3739; x_wconf 84' lang='lat' dir='ltr'>vocavit</span> <span class='ocrx_word' id='word_1_1271' title='bbox 1819 3727 1830 3744; x_wconf 93' lang='lat'>‚</span> <span class='ocrx_word' id='word_1_1272' title='bbox 1858 3700 2043 3747; x_wconf 82' lang='lat' dir='ltr'>justificavit</span> <span class='ocrx_word' id='word_1_1273' title='bbox 2061 3729 2072 3746; x_wconf 93' lang='lat'>,</span> <span class='ocrx_word' id='word_1_1274' title='bbox 2117 3703 2204 3751; x_wconf 88' lang='lat' dir='ltr'>ipsos</span> <span class='ocrx_word' id='word_1_1275' title='bbox 2229 3706 2264 3740; x_wconf 89' lang='lat'>&amp;</span> <span class='ocrx_word' id='word_1_1276' title='bbox 2291 3701 2455 3748; x_wconf 80' lang='lat' dir='ltr'>glorifica-</span> 
     </span>
    </p>

    <p class='ocr_par' dir='ltr' id='par_1_62' title="bbox 1522 3751 2455 3801">
     <span class='ocr_line' id='line_1_153' title="bbox 1522 3751 2455 3801; baseline -0.002 -12"><span class='ocrx_word' id='word_1_1277' title='bbox 1522 3755 1591 3790; x_wconf 80' lang='lat' dir='ltr'>vit;</span> <span class='ocrx_word' id='word_1_1278' title='bbox 1617 3751 1678 3788; x_wconf 90' lang='lat' dir='ltr'>illo</span> <span class='ocrx_word' id='word_1_1279' title='bbox 1687 3757 1802 3799; x_wconf 87' lang='lat' dir='ltr'>utique</span> <span class='ocrx_word' id='word_1_1280' title='bbox 1812 3752 1878 3790; x_wconf 82' lang='lat' dir='ltr'>fine</span> <span class='ocrx_word' id='word_1_1281' title='bbox 1887 3755 1946 3801; x_wconf 90' lang='lat' dir='ltr'>qui</span> <span class='ocrx_word' id='word_1_1282' title='bbox 1954 3765 2020 3790; x_wconf 90' lang='lat' dir='ltr'>non</span> <span class='ocrx_word' id='word_1_1283' title='bbox 2035 3752 2133 3791; x_wconf 86' lang='lat' dir='ltr'>habet</span> <span class='ocrx_word' id='word_1_1284' title='bbox 2145 3754 2264 3792; x_wconf 73' lang='lat' dir='ltr'>finem.</span> <span class='ocrx_word' id='word_1_1285' title='bbox 2284 3751 2455 3798; x_wconf 84' lang='lat' dir='ltr'>Elegiter-</span> 
     </span>
    </p>

    <p class='ocr_par' dir='ltr' id='par_1_63' title="bbox 1521 3802 2636 3903">
     <span class='ocr_line' id='line_1_154' title="bbox 1521 3802 2450 3851; baseline 0 -13"><span class='ocrx_word' id='word_1_1286' title='bbox 1521 3814 1568 3850; x_wconf 78' lang='lat' dir='ltr'>go</span> <span class='ocrx_word' id='word_1_1287' title='bbox 1586 3806 1679 3840; x_wconf 82' lang='lat' dir='ltr'>Deus</span> <span class='ocrx_word' id='word_1_1288' title='bbox 1700 3802 1833 3845; x_wconf 85' lang='lat' dir='ltr'>fideles,</span> <span class='ocrx_word' id='word_1_1289' title='bbox 1858 3802 1910 3840; x_wconf 90' lang='lat' dir='ltr'>sed</span> <span class='ocrx_word' id='word_1_1290' title='bbox 1921 3815 1958 3840; x_wconf 91' lang='lat' dir='ltr'>ut</span> <span class='ocrx_word' id='word_1_1291' title='bbox 1966 3804 2050 3847; x_wconf 80' lang='lat' dir='ltr'>fint,</span> <span class='ocrx_word' id='word_1_1292' title='bbox 2075 3817 2143 3841; x_wconf 87' lang='lat' dir='ltr'>non</span> <span class='ocrx_word' id='word_1_1293' title='bbox 2163 3806 2240 3851; x_wconf 77' lang='lat' dir='ltr'>quia</span> <span class='ocrx_word' id='word_1_1294' title='bbox 2259 3803 2324 3849; x_wconf 76' lang='lat' dir='ltr'>jam</span> <span class='ocrx_word' id='word_1_1295' title='bbox 2339 3812 2450 3839; x_wconf 73' lang='lat' dir='ltr'>erant.</span> 
     </span>
     <span class='ocr_line' id='line_1_155' title="bbox 1523 3851 2636 3903; baseline -0.005 -13"><span class='ocrx_word' id='word_1_1296' title='bbox 1523 3851 1708 3903; x_wconf 84' lang='lat' dir='ltr'>Apostolus</span> <span class='ocrx_word' id='word_1_1297' title='bbox 1717 3851 1968 3899; x_wconf 85' lang='lat' dir='ltr'>Iacobusdicit,</span> <span class='ocrx_word' id='word_1_1298' title='bbox 1993 3855 2109 3890; x_wconf 79' lang='lat' dir='ltr'>Nonne</span> <span class='ocrx_word' id='word_1_1299' title='bbox 2117 3854 2211 3889; x_wconf 77' lang='lat' dir='ltr'>Deus</span> <span class='ocrx_word' id='word_1_1300' title='bbox 2220 3851 2316 3900; x_wconf 73' lang='lat' dir='ltr'>elegit</span> <span class='ocrx_word' id='word_1_1301' title='bbox 2330 3861 2456 3899; x_wconf 81' lang='lat' dir='ltr'>paupe.</span> <span class='ocrx_word' id='word_1_1302' title='bbox 2466 3854 2535 3896; x_wconf 71' lang='grc' dir='ltr'>με.</span> <span class='ocrx_word' id='word_1_1303' title='bbox 2557 3861 2584 3883; x_wconf 83' lang='lat'>2.</span> <span class='ocrx_word' id='word_1_1304' title='bbox 2607 3859 2636 3888; x_wconf 85' lang='lat'>5·</span> 
     </span>
    </p>

    <p class='ocr_par' dir='ltr' id='par_1_64' title="bbox 2357 3913 2408 3937">
     <span class='ocr_line' id='line_1_156' title="bbox 2357 3913 2408 3937; baseline 0.02 -2"><span class='ocrx_word' id='word_1_1305' title='bbox 2357 3913 2408 3937; x_wconf 81' lang='lat' dir='ltr'>res</span> 
     </span>
    </p>
   </div>
   <div class='ocr_carea' id='block_1_36' title="bbox 2471 2374 2639 2411">
    <p class='ocr_par' dir='ltr' id='par_1_65' title="bbox 2471 2374 2639 2411">
     <span class='ocr_line' id='line_1_157' title="bbox 2471 2374 2639 2411; baseline 0.006 -9"><span class='ocrx_word' id='word_1_1306' title='bbox 2471 2374 2559 2411; x_wconf 80' lang='lat' dir='ltr'>Joan.</span> <span class='ocrx_word' id='word_1_1307' title='bbox 2592 2379 2639 2407; x_wconf 81' lang='lat'>¹5·</span> 
     </span>
    </p>
   </div>
   <div class='ocr_carea' id='block_1_37' title="bbox 2674 2572 2684 2607">
    <p class='ocr_par' dir='ltr' id='par_1_66' title="bbox 2674 2572 2684 2607">
     <span class='ocr_line' id='line_1_158' title="bbox 2674 2572 2684 2607; baseline 0 -3"><span class='ocrx_word' id='word_1_1308' title='bbox 2674 2572 2684 2607; x_wconf 60' lang='grc' dir='ltr'>ἐ</span> 
     </span>
    </p>
   </div>
   <div class='ocr_carea' id='block_1_38' title="bbox 2667 2705 2684 2794">
    <p class='ocr_par' dir='ltr' id='par_1_67' title="bbox 2667 2705 2684 2794">
     <span class='ocr_line' id='line_1_159' title="bbox 2667 2705 2684 2794; baseline 0 0"><span class='ocrx_word' id='word_1_1309' title='bbox 2667 2705 2684 2794; x_wconf 60' lang='lat' dir='ltr'>{f</span> 
     </span>
    </p>
   </div>
   <div class='ocr_carea' id='block_1_39' title="bbox 2668 2838 2684 3220">
    <p class='ocr_par' dir='ltr' id='par_1_68' title="bbox 2668 2838 2684 3220">
     <span class='ocr_line' id='line_1_160' title="bbox 2673 2838 2684 2878; baseline 0 -29"><span class='ocrx_word' id='word_1_1310' title='bbox 2673 2838 2684 2878; x_wconf 44' lang='lat'>32</span> 
     </span>
     <span class='ocr_line' id='line_1_161' title="bbox 2671 2982 2684 3018; baseline 0 0"><span class='ocrx_word' id='word_1_1311' title='bbox 2671 2982 2684 3018; x_wconf 62' lang='grc' dir='ltr'><em>Ξ</em></span> 
     </span>
     <span class='ocr_line' id='line_1_162' title="bbox 2669 3036 2679 3067; baseline 0 -6"><span class='ocrx_word' id='word_1_1312' title='bbox 2669 3036 2679 3067; x_wconf 59' lang='lat'><strong>4</strong></span> 
     </span>
     <span class='ocr_line' id='line_1_163' title="bbox 2674 3079 2681 3093; baseline 0 -11"><span class='ocrx_word' id='word_1_1313' title='bbox 2674 3079 2681 3093; x_wconf 11' lang='grc' dir='ltr'>,Α</span> 
     </span>
     <span class='ocr_line' id='line_1_164' title="bbox 2668 3102 2681 3154; baseline -0.385 1"><span class='ocrx_word' id='word_1_1314' title='bbox 2668 3102 2681 3154; x_wconf 59' lang='lat' dir='ltr'>Ji</span> 
     </span>
     <span class='ocr_line' id='line_1_165' title="bbox 2668 3176 2677 3220; baseline 0 0"><span class='ocrx_word' id='word_1_1315' title='bbox 2668 3176 2677 3220; x_wconf 59' lang='lat' dir='ltr'>l</span> 
     </span>
    </p>
   </div>
  </div>
 </body>
</html>
