2652 4126
486 214 601 276 '218

493 311 675 356 condidit,
699 312 870 352 instituta,
896 306 1124 356 peccandoea
1150 304 1211 342 fibi
1232 303 1298 354 ipsa
1325 301 1416 363 sccii²

492 364 559 402 set.
586 367 670 410 Quo
696 366 795 399 etiam
816 368 958 407 peccato
984 356 1044 393 suo
1063 355 1148 393 teste
1173 359 1415 413 convincitur,

492 414 619 452 bonam
653 412 825 449 conditam
850 408 882 444 se
915 406 975 444 ess'e
1001 417 1185 444 naturam.
1221 404 1296 442 Nifi
1323 414 1414 461 emm

493 477 652 509 magnum
679 467 713 498 &
738 459 826 508 ipsa,
851 458 932 494 licet
957 470 1028 494 non
1049 457 1175 505 aequale
1203 455 1414 503 conditori,

475 505 623 552 -bonum
651 510 725 547 ess‘et
744 535 756 552 ‚
792 508 951 556 profecto
977 506 1122 544 desertio
1148 511 1215 544 Dei
1241 516 1413 554 tamquam

478 566 630 602 ,luminis
655 561 702 597 sui
728 559 858 595 malum
884 560 952 603 ejus
976 556 1133 594 essenon
1161 555 1414 606 poffet·;'Nam

493 616 575 651 ficut
600 615 735 648 coecitas
760 609 854 646 oculi
881 612 1005 645 vitium
1031 607 1102 649 est,
1127 612 1161 644 ἅτ
1188 607 1414 656 idemipsum

481 663 618 700 :indicat
633 663 685 700 ·ad
706 661 827 697 lumen
861 659 1046 695 videndum
1072 658 1213 694 oculum
1230 657 1310 695 *effe*
1325 662 1430 694 'crea--

480 726 568 750 .-tum
589 738 601 756 ,
634 725 672 748 ac
699 724 760 760 per
786 708 856 748 hoc
882 713 984 745 etiam
1011 708 1084 756 ipso
1110 712 1198 744 vitio
1223 709 1282 745 suo
1307 709 1417 745 excel-

484 765 614 800 lentius
647 761 838 798 ostenditur
871 763 991 796 ceteris
1026 757 1187 795 membris
1221 758 1415 796 membrum

491 826 597 862 capax
623 812 784 854 luminis,
810 814 913 854 (non
940 812 1032 845 enim
1054 809 1117 845 alia
1142 811 1245 845 caussa
1271 807 1348 846 esset
1366 813 1415 846 vi-

489 867 577 901 tium
603 863 671 904 eius
682 874 794 898 carere
819 860 966 896 lumine:
991 860 1074 910 >ita
1101 870 1217 895 natura
1243 861 1412 907 quaefrue—

488 913 597 950 batur.
614 915 694 949 Deo
704 928 721 955 ‚·
741 913 911 959 optimam
939 910 968 946 se
996 909 1159 946 istitutam
1183 909 1286 959 docet
1311 915 1412 949 etiam

487 963 563 1012 ipso
589 966 702 1005 vitio,
722 960 882 1010 quoideo
906 960 1025 999 misera
1039 959 1227 1008 est,=quia»
1243 973 1313 997 non
1333 962 1414 1006 frui·-

489 1024 545 1050 tur
571 1017 650 1050 Deo
669 1026 683 1053 ,-
716 1015 775 1059 qui
801 1011 912 1056 casum
945 1011 1144 1059 angelorum
1174 1010 1413 1050 ‘voluntarium

489 1062 663 1111 justissima
688 1075 790 1110 poena
810 1061 1018 1110 sempiternae
1044 1061 1249 1097 infelicitatis
1266 1061 1411 1099 obstrin—

488 1117 543 1150 xit
560 1139 574 1157 ‚
606 1125 707 1162 atque
733 1115 768 1148 in
794 1125 837 1148 eo
860 1112 994 1148 summo
1019 1110 1113 1147 bono
1139 1112 1413 1159 permanentibus

489 1164 609 1201 ceteris
626 1189 639 1207 ,
674 1173 711 1198 ut
739 1161 859 1201 desua
885 1161 951 1197 fine
977 1161 1044 1197 fine
1071 1161 1412 1208 permanfione'certi

490 1212 614 1255 essent,
640 1223 812 1259 tamquam
842 1210 940 1258 ipfius
966 1212 1144 1259 praemium
1170 1212 1411 1259 permansionis

487 1263 600 1300 dedit.
627 1265 700 1309 Qui
713 1261 801 1303 ,fecit
825 1259 1005 1297 hominem
1016 1261 1124 1309 ipsum
1150 1265 1252 1299 etiarn
1278 1266 1410 1301 rectum

485 1326 565 1350 cum
591 1312 713 1348 eodem
740 1311 850 1347 libero
876 1309 1042 1354 arbitrio,
1068 1322 1240 1359 terrenum
1267 1314 1406 1361 quidem

485 1363 638 1406 animal.
663 1361 718 1403 sed
743 1361 827 1402 caelo
838 1361 1001 1409 dignum,
1026 1361 1050 1402 fi
1075 1361 1135 1401 suo
1161 1361 1413 1407 cohaerererau-

485 1414 603 1451 &oriz
627 1409 762 1448 'miseria
787 1411 963 1453 fimiliter,
989 1411 1012 1447 fi
1031 1424 1109 1449 eum
1135 1412 1299 1450 desereret
1325 1414 1413 1452 secu·

482 1475 559 1501 tura
570 1490 581 1506 ‚
601 1462 708 1511 qualis
719 1472 843 1501 naturae
855 1460 1049 1509 hujusmodi
1061 1467 1261 1515 conveniret
1273 1493 1280 1500 .
1295 1469 1410 1514 Quem

482 1514 638 1550 similiter
656 1526 735 1550 cum
745 1515 1022 1561 praevaricatione
1034 1513 1116 1560 legis
1128 1516 1195 1550 Dei
1207 1528 1268 1562 per
1279 1518 1348 1552 Dei
1360 1516 1416 1552 de-

482 1564 666 1608 fien-tionem
693 1564 921 1612 'peccaturum
957 1560 1018 1605 ess'e
1043 1563 1211 1612 praesciret
1230 1591 1241 1607 ,
1275 1579 1337 1610 nec
1363 1566 1415 1606 illi

483 1614 610 1651 ademit
637 1611 734 1650 liberi
760 1612 890 1649 arbitrii
917 1613 1143 1663 potestatem,
1169 1615 1266 1652 fimul
1293 1621 1415 1665 praev'i-

484 1664 566 1701 dens
588 1690 600 1707 ,
625 1664 708 1712 quid
734 1663 817 1700 boni
844 1663 885 1700 de
911 1663 1006 1700 malo
1031 1662 1109 1701 esset
1134 1665 1201 1713 ipse
1226 1666 1374 1703 facturus
1399 1694 1412 1711 ,

484 1718 543 1762 qui
570 1714 611 1750 de
636 1713 777 1750 mortali
804 1719 968 1762 progenie
993 1719 1119 1751 merito
1144 1715 1413 1764 justeque⁷datm

485 1775 561 1800 nata
586 1774 718 1800 tantum
755 1764 924 1812 populum
950 1768 1058 1810 gratia
1092 1765 1146 1802 sua
1172 1766 1338 1814 colligit,
1373 1780 1411 1805 ut

485 1813 566 1849 inde
591 1813 742 1861 suppleat
762 1838 774 1856 ‚
809 1817 843 1850 δι
868 1813 1030 1850 instauret
1066 1827 1197 1861 partem
1224 1830 1307 1865 quae.
1324 1818 1412 1866 lapss

486 1862 537 1903 est
562 1864 762 1911 angelorum
786 1876 796 1901 ς
830 1876 868 1899 ac
893 1863 936 1900 fic
972 1863 1029 1900 illa
1055 1865 1177 1902 dilecta
1212 1872 1247 1903 δε
1274 1866 1413 1915 superna

488 1917 621 1955 Civitas
648 1927 718 1949 non
734 1913 918 1953 -fraudetur
933 1913 1071 1951 suorum
1098 1929 1243 1952 numero
1262 1921 1413 1964 civium,

486 1966 570 2010 quin
595 1965 697 2005 etiam
725 1962 868 2008 fortassis
886 1966 927 2003 ’δι
953 1963 1112 2003 uberiore
1137 1967 1286 2005 iaetetur.

1107 2034 1119 2050 k
1159 2043 1162 2051 l

1284 2194 1285 2198 ,
1301 2180 1312 2196 Ι

690 2137 724 2170 c
773 2136 807 2171 A
855 2138 881 2171 Ρ
930 2137 966 2171 U
1017 2136 1058 2171 T*
1146 2132 1301 2176 115⁸

542 2244 591 2278 ¹³⁶
616 2243 729 2270 “ma
754 2235 883 2270 1³2²&
908 2233 1159 2281 incommutabiei.
1179 2227 1416 2292 votnncozssg.

498 2318 749 2411 MULTA
774 2318 865 2351 enim
893 2314 980 2350 fiunt
1006 2328 1023 2350 a
1049 2316 1146 2351 malis
1172 2318 1310 2365 quidem
1326 2322 1418 2357 *conl

637 2378 687 2401 tra
709 2364 927 2401 ‘voluntatem
956 2364 1050 2400 Dei:
1083 2366 1138 2401 sed
1163 2377 1261 2403 tantae
1287 2370 1334 2406 est
1353 2372 1417 2406 ville

497 2417 686 2464 sapientiae,
711 2423 876 2460 tantaeque
904 2415 1039 2448 virtutis
1059 2438 1071 2454 ,
1097 2426 1135 2450 ut
1162 2419 1195 2449 in
1222 2429 1282 2452 eos
1306 2422 1417 2456 exitus

499 2467 566 2504 five
591 2466 673 2501 fines
682 2475 805 2510 ,-:quos
816 2461 926 2498 bonos
951 2466 985 2498 &
1011 2461 1114 2507 justos
1140 2464 1207 2511 ipse
1227 2468 1419 2513 praescivit,

500 2515 638 2554 tendant
673 2516 788 2550 omnia
808 2537 820 2555 ,
856 2525 930 2558 quae
964 2512 1132 2550 voluntati
1161 2515 1229 2560 ejus
1265 2517 1424 2555 videntur

503 2563 636 2607 adversa
655 2592 663 2602 .
698 2566 753 2601 Ae
779 2575 840 2611 per
864 2561 934 2598 hoc
959 2575 1037 2599 cum
1064 2565 1159 2600 Deus
1184 2577 1317 2602 mutare
1342 2569 1424 2606 dici—

503 2628 558 2653 tur
586 2615 797 2651 voluntatem
816 2638 830 2656 ,
863 2623 900 2648 ut
926 2612 1047 2661 quibus
1080 2613 1164 2651 lenis
1189 2627 1261 2652 erat
1281 2643 1292 2659 ,
1327 2619 1423 2656 verbi

502 2669 631 2713 gratia,
657 2663 816 2700 reddatur
841 2666 943 2699 iratus
962 2687 974 2705 ,
1008 2663 1060 2699 illi
1087 2668 1202 2712 potius
1228 2679 1328 2713 quarn
1357 2669 1424 2717 ipse

501 2726 676 2754 mutantur
696 2738 708 2756 ,
742 2717 776 2749 δε
802 2725 880 2749 eum
906 2712 1166 2760 quodammodo
1193 2727 1359 2754 mutatum
1387 2724 1421 2756 in

501 2764 556 2802 his
582 2778 655 2813 quae
674 2766 848 2811 patiuntur
873 2766 1078 2800 inveniunt:
1105 2764 1186 2801 ficut
1211 2778 1360 2804 mutatur
1372 2771 1421 2806 sol

502 2815 609 2851 oculis
636 2813 808 2854 sauciatis,
834 2812 972 2861 &asper
998 2814 1146 2860 quodam
1174 2817 1282 2853 modo
1308 2831 1349 2854 ex
1361 2825 1421 2856 rni-

501 2868 527 2900 ti
549 2890 561 2906 ,
596 2869 629 2900 &
656 2876 697 2898 ex
724 2860 916 2898 delcetabili
943 2863 1104 2900 molestus
1129 2864 1276 2903 efficitur
1297 2893 1308 2909 ,
1345 2883 1422 2906 cum

337 2914 483 2946 Voluntas
501 2913 568 2963 ipse
602 2912 691 2962 apud
717 2911 748 2947 se
782 2923 913 2948 maneat
948 2913 1039 2949 idem
1074 2918 1131 2961 qui
1159 2915 1249 2952 fuit.
1286 2920 1423 2956 Dicitur

315 2955 419 3000 Dei..⁴
502 2969 604 3004 etiam
639 2962 795 3004 voluntas
821 2964 923 3005 Dei,
954 2976 1054 3011 quam
1081 2964 1160 3004 facit
1194 2970 1231 3003 in
1263 2969 1422 3007 cordibus

339 2995 483 3034 Pkdqffi.
503 3014 735 3051 obedientium
762 3011 924 3049 mandatis
951 3015 1041 3060 ejus,
1067 3014 1108 3050 de
1134 3028 1197 3064 qua
1225 3017 1309 3053 dicit
1328 3022 1423 3067 Apo-

320 3042 368 3074 η’
503 3065 609 3102 stolus
628 3090 640 3107 ‚
673 3071 757 3102 Deus
783 3060 823 3105 eli
846 3067 927 3101 enim
952 3067 1008 3109 qui,
1038 3074 1186 3110 operatur
1209 3070 1240 3105 in
1264 3067 1356 3104 vobis
1381 3072 1424 3106 «ξφ

504 3116 607 3151 velle.
633 3116 723 3149 Sicut
751 3111 871 3158 justitia
899 3115 996 3155 Dei,
1034 3126 1101 3150 non
1129 3115 1237 3152 solum
1265 3129 1329 3164 qua
1357 3119 1423 3166 ipse

505 3164 608 3212 justus
634 3162 680 3198 est
702 3188 712 3204 ‚
746 3161 801 3197 std
835 3162 892 3197 illa
918 3167 1016 3198 etiam
1053 3176 1154 3210 quam
1182 3168 1215 3200 in
1242 3164 1385 3204 homine
1411 3195 1423 3212 ,

506 3218 567 3263 qui
593 3211 634 3249 ab
660 3212 722 3248 illo
748 3211 945 3257 justificatur
965 3238 976 3254 ,
1003 3212 1110 3248 facit:
1145 3214 1187 3249 fic
1213 3219 1247 3251 &
1273 3216 1328 3252 lex
1356 3220 1423 3264 ejus

507 3274 674 3306 vocatur²
697 3273 771 3309 quae
792 3260 963 3308 potiusest
981 3259 1163 3299 hominum
1176 3289 1188 3306 ,
1216 3264 1269 3300 sed
1295 3266 1336 3303 ab
1354 3269 1426 3316 ipso

507 3314 600 3350 data.
626 3315 715 3349 Nam
735 3315 852 3358 utique
879 3309 1034 3347 homines
1055 3324 1148 3349 erant
1172 3314 1292 3361 quibus
1317 3319 1362 3352 ait
1375 3321 1424 3358 Je-

315 3386 391 3423 Joan
409 3384 424 3412 8
443 3393 454 3414 1
509 3364 581 3406 sus,
605 3369 641 3399 In
665 3363 729 3407 lege
755 3360 860 3404 vestra
878 3361 1033 3418 scriptum
1059 3362 1126 3405 esi:
1151 3376 1228 3399 curn
1255 3365 1325 3401 alio
1343 3367 1424 3403 loco

320 3424 365 3462 Pfi
378 3395 490 3466 {6:332
509 3413 657 3461 legamus
678 3438 689 3454 ‚
714 3418 782 3449 Lex
807 3414 867 3446 Dei
891 3424 958 3457 eyus
983 3414 1014 3447 in
1038 3414 1126 3448 corde
1152 3413 1244 3459 ipsius
1262 3442 1270 3449 .
1305 3419 1426 3476 Secun.

507 3463 591 3500 dum
608 3462 696 3499 hanc
722 3461 953 3503 voluntatem,
980 3474 1080 3508 quam
1102 3465 1196 3499 Deus
1221 3476 1426 3511 operatur-in

507 3511 731 3556 hominibus,
756 3514 856 3546 etiam
876 3511 964 3546 velle
988 3511 1135 3554 dicitur,
1160 3514 1255 3561 quod
1274 3515 1339 3562 ipse
1357 3530 1426 3553 non

513 3563 610 3604 vult,
634 3560 689 3597 sed
715 3560 790 3596 suos
815 3560 849 3596 id
875 3561 1028 3596 volentes
1054 3562 1132 3598 fiicit
1153 3577 1162 3598 ε
1198 3563 1278 3600 ficut
1303 3566 1428 3603 dicitur

512 3608 704 3659 cognovisse
713 3636 724 3654 ,
734 3610 827 3659 quod
838 3621 874 3646 ut
885 3610 1145 3657 cognosceretur
1156 3613 1235 3649 fecit
1246 3639 1258 3656 ,
1283 3628 1300 3650 a
1310 3615 1432 3661 quibus

515 3660 732 3705 ignorabatur
752 3688 760 3698 .
798 3664 918 3707 Neque
945 3665 1035 3697 enim
1062 3662 1193 3698 dicente
1219 3664 1396 3711 Apostolo
1421 3690 1433 3708 ,

345 3695 495 3732 ⁶⁰¹·4‘9·
516 3711 617 3751 Nunc
644 3720 747 3745 autem
772 3710 981 3753 cognoscentes
1008 3718 1132 3753 Deum,
1157 3716 1250 3749 immo
1275 3718 1390 3758 cogniti
1413 3728 1434 3751 a

519 3763 606 3798 Deo,
630 3756 676 3791 fas
701 3758 748 3792 est
774 3770 809 3794 ut
836 3760 1009 3795 credamus
1029 3786 1041 3802 ,
1074 3761 1168 3808 quod
1194 3775 1251 3797 eos
1276 3774 1355 3799 tunc
1379 3777 1435 3800 co-

521 3808 678 3855 gnoverit
698 3808 714 3841 Τ
741 3819 789 3842 :us
808 3812 1032 3855 praecognitos
1053 3820 1127 3846 ante
1153 3810 1434 3851 constitutionem

702 213 972 276 SempTA
1018 225 1098 269 ET
1140 221 1561 271 MONUMENTA
1604 223 1751 283 QUAE
1779 209 2302 270 OP.S.PROSPER1.

1462 702 1511 739 elo
1536 703 1691 752 inspirata
1717 706 1825 743 saneta
1851 709 2051 753 voluntate,
2077 724 2140 747 nec
2166 711 2281 750 fiunts
2315 712 2397 750 ficut
2411 710 2464 742 put
2472 705 2513 736 ῙῙ·

1467 952 1601 998 saneti,
1625 967 1666 993 ut
1683 957 1823 1006 quisque
1847 959 1886 995 fit
1896 959 2029 1004 salvus,
2054 961 2225 1012 possumus
2250 963 2314 1000 illo
2325 977 2399 1002 mo-

2626 278 2627 281 *
2649 279 2652 295 1

1477 303 1595 341 mundi
1615 318 1624 339 t
1650 303 1706 340 sed
1731 315 1813 342 tunc
1838 304 2035 354 cognovisse
2059 307 2172 344 dietus
2198 307 2247 345 est
2268 334 2280 352 ‚
2305 311 2402 358 quod
2423 328 2597 360 medao,
2631 311 2643 324 ‘⁸

1474 365 1556 390 tunc
1581 365 1618 389 ut
1645 355 1907 403 cognosceretur
1933 355 2059 403 effecit.
2086 361 2142 394 De
2169 357 2227 405 his
2254 360 2401 397 locutio·
2649 374 2652 408 ς

1472 417 1555 443 num
1582 403 1693 441 modis
1728 407 1795 449 iam
1821 411 1855 442 δι
1882 410 1915 442 in
1938 406 2172 456 >super1oribus
2206 408 2303 446 libris
2319 413 2400 447 ''me-
2626 410 2652 468 ''}

1473 457 1557 489 mini
1583 453 1809 502 disputatum.
1835 457 2025 494 Secundum
2052 457 2140 495 hanc
2166 472 2250 507 ergo
2276 460 2398 497 volun·
2647 470 2652 528 1

1472 514 1600 547 tatem,
1625 517 1689 552 qua
1714 508 1830 542 Deum
1857 507 1946 543 velle
1965 507 2112 545 dicimus
2138 509 2234 558 quod
2259 510 2397 548 aliosef-

1474 553 1545 589 ficit
1569 554 1679 598 velle,
1702 569 1722 592 a
1743 555 1869 604 quibus
1888 558 2007 596 >staura
2033 559 2227 597 nesciuntur
2249 585 2263 604 ‚
2287 561 2396 610 multa

1475 603 1550 639 vult
1562 629 1575 646 ,
1586 605 1764 641 menzficit
1775 633 1783 642 .
1968 616 1972 620 ⁴
2098 617 2101 620 '
2257 626 2259 628 ·
2349 616 2370 629 ”’

1521 651 1541 672 *
1566 655 1680 691 Multa
1705 659 1796 692 enim
1814 657 1946 695 Avolunt
1971 658 2047 696 fieri
2072 659 2176 698 fimffl
2202 663 2271 709 ejus
2296 661 2340 699 ab
2357 663 2397 700 il·
2413 658 2586 694 '‘Aliasca-

1475 757 1886 804 orantrprozquibusdarn
1910 762 1966 808 'pie
1993 760 2170 810 saneteque
2191 787 2205 805 ,
2222 767 2275 799 ’δε
2299 763 2397 811 quod
2649 811 2652 817 <

1481 802 1581 840 orant
1605 817 1675 841 non
1699 806 1801 850 facit,
1827 820 1907 845 cum
1930 809 2001 858 ¹ipse
2019 814 2062 847 -in
2087 815 2135 848 eis
2160 811 2249 849 hane
2274 814 2397 850 orandi
2639 818 2652 868 ’ζξ

1472 853 1686 892 voluntatem
1709 855 1967 906 saneto-Spiritu
1991 860 2052 897 suo
2075 861 2194 899 feeerit
2210 890 2220 898 .
2255 866 2309 900 Ac
2334 876 2397 912 per
2641 871 2652 891 ⁴¹

1470 902 1542 940 hoc
1568 906 1704 952 quando
1729 907 1911 945 secundum
1947 913 2064 948 Deum
2089 912 2213 948 volunt
2238 917 2272 950 &
2297 919 2397 952 orant

1472 1003 1520 1040 do
1544 1004 1727 1044 locutionis
1752 1008 1888 1053 dicere,
1910 1011 2000 1048 *Vult
2020 1014 2116 1049 Deus
2142 1017 2181 1050 Be
2204 1025 2275 1049 non
2293 1014 2421 1054 facita·
2631 1014 2652 1057 ξ’

1472 1064 1512 1091 ut
1536 1054 1646 1105 ipsum
1671 1057 1822 1096 dicamus
1849 1060 1937 1097 velle
1955 1087 1968 1105 ,
1992 1066 2053 1110 qui
2078 1073 2116 1100 ut
2141 1063 2250 1100 velint
2274 1063 2329 1101 isti
2354 1066 2399 1103 fa-

1471 1107 1520 1141 cit
1540 1133 1548 1141 .
1582 1108 1774 1145 Secundum
1798 1109 1892 1146 illam
1917 1122 2004 1148 vero
2029 1112 2246 1150 voluntatem·
2269 1113 2359 1152 suam
2387 1142 2399 1159 ,

1471 1168 1545 1203 quae
1570 1169 1650 1194 cum
1675 1159 1743 1205 'ejus
1769 1160 1974 1208 praescientia
1993 1161 2196 1211 sempiterna
2222 1164 2294 1208 est,
2319 1179 2399 1215 pro·
2457 1167 2463 1174 ’

1470 1205 1563 1242 fecto
1597 1209 1742 1245 in-caelo
1778 1214 1873 1247 &in
1898 1215 1988 1248 terra
2023 1217 2141 1249 omnia
2177 1227 2400 1266 quaecumque

1470 1255 1610 1300 voluit,
1630 1270 1700 1294 non
1718 1258 1828 1297 solum
1855 1265 2022 1310 praeterita
2048 1263 2104 1300 vel
2125 1265 2318 1312 praesentia,
2345 1267 2400 1304 sed

1473 1308 1577 1343 etiam
1602 1307 1804 1358 futura.jam
1829 1311 1927 1348 fecit.
1954 1316 2089 1350 Verum
2115 1325 2191 1362 ante
2216 1329 2318 1364 quam
2345 1330 2402 1354 ve-

1472 1359 1843 1411 niattempusfquod
1869 1362 1983 1399 voluit
2008 1374 2046 1400 ut
2072 1364 2402 1414 fierentque-:laute

1475 1411 1635 1455 tempora
1659 1410 1814 1447 universa
1838 1412 2005 1460 praescivit
2030 1425 2131 1463 atque
2141 1415 2328 1464 disposuit,
2351 1418 2403 1455 di-

1475 1460 1708 1500 cimus:‚r-2Fiet
1733 1461 1870 1509 quando
1894 1465 1991 1501 Deus
2017 1465 2169 1502 voluerit
2191 1491 2200 1500 .
2226 1470 2260 1504 si
2286 1478 2402 1506 autem

1475 1517 1546 1548 non
1580 1508 1691 1547 solum
1717 1520 1853 1560 tempus
1876 1526 1948 1561 quo
1982 1513 2137 1552 fiiturum
2163 1515 2212 1553 est
2232 1543 2246 1560 ‚
2280 1530 2403 1556 verum

1475 1562 1578 1597 etiam
1604 1570 1730 1597 utrum·
1745 1560 1898 1600 futurum
1916 1563 1963 1600 fit
1989 1567 2207 1613 ignoramus,
2233 1567 2380 1606 dicimus
2384 1588 2404 1614 ,-

1473 1609 1620 1652 Fiet,·s1
1641 1612 1736 1655 Deus
1761 1612 1941 1650 voluerit:
1966 1627 2038 1651 non
2063 1620 2140 1664 quia
2155 1620 2250 1655 Deus
2275 1631 2403 1656 novam

1472 1659 1710 1704 voluntatem,
1734 1673 1837 1709 quam
1864 1676 1934 1700 non
1960 1663 2079 1702 habuit
2098 1692 2110 1709 ,
2135 1679 2218 1704 tune
2243 1666 2403 1709 hab-ebio

1472 1708 1528 1747 sed
1553 1713 1632 1758 quia
1658 1710 1693 1746 id
1718 1712 1815 1759 quod
1844 1726 1888 1750 ex
1913 1719 2095 1752 aeternitate
2121 1720 2154 1753 in
2180 1720 2249 1763 ejus
2274 1722 2405 1756 iocum-³

1472 1760 1631 1801 mutabili
1657 1773 1882 1810 ptaeparatum
1902 1763 1952 1801 est
1976 1766 2178 1811 voluntate,
2203 1778 2285 1806 tune
2295 1772 2380 1806 erit.

1498 1932 1501 1936 ’
1522 1937 1576 1969 Ex
1599 1930 1673 1983 libri·
1696 1932 1837 1993 &iisdemv
1858 1943 1941 1978 ΧΙΙῙζ
1965 1939 2003 1978 de
2029 1934 2192 1989 Trinitate'
2214 1951 2284 1990 cap.
2299 1935 2356 1980 ao.

1552 2020 1712 2057 EATOS
1737 2019 1798 2057 effe
1824 2021 1856 2058 se
1882 2022 1971 2060 velle
1998 2049 2010 2067 ,
2037 2030 2196 2064 omnium
2221 2025 2408 2065 hominum

2511 2052 2526 2072 p
2589 2064 2593 2067 .

1574 2068 1626 2104 est
1645 2083 1655 2105 ε
1683 2083 1754 2107 nec
1774 2076 1904 2109 'tamen
1930 2079 2088 2112 omnium
2114 2077 2165 2114 est
2186 2077 2275 2114 *fides
2294 2077 2313 2122 ','
2341 2089 2410 2126 qua
2445 2043 2502 2094 (μ’
2517 2051 2595 2081 ἀπ’

1363 2116 1388 2137 .·
1414 2142 1417 2147 ι
1474 2130 1537 2155 cor
1562 2119 1747 2157 mundante
1772 2121 1821 2156 ad=
1841 2121 2086 2159 beatitudinem
2107 2130 2327 2172 pervenitur.
2353 2129 2407 2162 Ita
2426 2130 2453 2151 ²·
2466 2080 2600 2162 1322·ss-

1475 2166 1519 2202 fit,
1535 2166 2016 2213 mwcpoestamviqtiamffnon
2042 2178 2166 2208 omnes
2189 2173 2337 2217 v‘olunt,
2363 2174 2407 2210 ad
2433 2171 2462 2192 ²·

1476 2213 1570 2248 illam
1581 2213 1787 2249 tendendum
1817 2214 1854 2250 fit
1876 2210 1982 2263 ⁷qiiam
1995 2232 2099 2256 nemo
2126 2222 2240 2269 potest
2266 2222 2328 2259 effe
2370 2227 2406 2259 ui
2423 2201 2488 2238 Λᾶ
2506 2209 2554 2249 ¹5²
2571 2209 2603 2249 ἡ

1475 2260 1583 2304 nolin.
1611 2262 1731 2299 Beatos
1742 2261 1803 2298 effe
1830 2263 1861 2299 se
1887 2266 1996 2309 v‘elle,
2023 2281 2143 2305 omnes
2169 2269 2334 2307 ixa-eorde
2382 2284 2407 2308 o
2474 2272 2484 2278 ”

1478 2310 1594 2351 vident
1610 2322 1821 2359 ,mitantaque
1845 2313 1894 2348 est
1920 2318 1954 2349 in
1981 2314 2046 2352 hac
2071 2331 2108 2353 re
2135 2329 2261 2357 naturae
2286 2319 2409 2359 humass

1479 2373 1530 2396 nae
1540 2360 1771 2407 conspiratio,
1797 2373 1835 2398 ut
1858 2374 1929 2398 non
1945 2364 2080 2403 fallatur
2094 2367 2242 2414 homo,
2267 2376 2326 2420 qui
2336 2371 2407 2409 hoc

1477 2423 1520 2445 ex
1546 2410 1750 2447 animoesuo
1773 2411 1815 2447 de
1839 2417 1957 2449 animo
1983 2419 2123 2461 coniicit
2150 2420 2290 2457 alieno:
2315 2421 2408 2460 d'eniss

1477 2471 1543 2506 que
1559 2461 1749 2502 omnesssid
1775 2462 1865 2498 v'elle
1891 2475 1954 2500 nos
1980 2471 2157 2505 novimus.
2184 2471 2293 2508 Multi
2319 2484 2407 2510 vero

1485 2509 1741 2546 immortalesse
1768 2509 1829 2547 effe
1855 2510 1945 2560 poue
1955 2515 2153 2566 desperant,
2177 2522 2408 2570 cumidq‘uod

1486 2560 1754 2597 omnessvolunt
1764 2576 1783 2603 ,·
1801 2561 1835 2598 id
1845 2562 1918 2607 est,
1944 2564 2058 2605 beatus
2083 2570 2197 2607 nullus
2221 2570 2282 2607 esse
2308 2573 2408 2609 aliter

1485 2610 1630 2657 possita:
1654 2611 1777 2646 volunt
1802 2615 1915 2650 tamen
1941 2621 2043 2654 etiam
2071 2622 2283 2659 immortales
2306 2621 2369 2660 ess'e
2394 2649 2407 2666 ,

1485 2660 1508 2694 ii
1536 2658 1700 2708 poss'entv,
1734 2660 1790 2696 'sed
1816 2667 2080 2704 non-credendo
2115 2671 2209 2722 quod
2242 2673 2370 2720 poffint
2393 2698 2407 2717 ‚

1485 2722 1555 2746 non
1578 2714 1627 2747 ita
1655 2713 1774 2747 vivunt
1798 2724 1839 2748 ut
1859 2716 2007 2766 ‘poffinn
2034 2719 2221 2758 Necess'aria
2247 2735 2331 2771 ergo
2355 2722 2408 2760 cst

1482 2759 1586 2804 fides,
1610 2769 1647 2798 ut
1675 2759 1918 2800 beatitudinem
1943 2768 2188 2816 consequamur
2208 2772 2406 2814 ,omnibus

1480 2809 1640 2846 humanm
1663 2822 1788 2847 naturae
1814 2811 1935 2857 bonis,
1960 2817 1994 2853 id
2014 2819 2085 2862 est,
2111 2825 2146 2857 &
2172 2824 2410 2865 animi&>coe5-'

1484 2864 1578 2907 poris
1596 2882 1614 2896 .»
1638 2864 1738 2897 Hanc
1761 2873 1872 2899 autem
1900 2865 2003 2903 fidem
2030 2872 2065 2905 in
2092 2869 2237 2908 Christo
2261 2871 2322 2908 effe
2348 2872 2404 2909 de·
2422 2877 2503 2906 Rom.
2513 2877 2580 2913 6‚9.

1484 2911 1741 2959 finitam4½qui
1768 2914 1801 2947 in
1827 2926 1926 2950 carne
1960 2917 2142 2957 resurrexit
2177 2934 2196 2960 a
2221 2925 2366 2959 mortuis
2392 2949 2405 2968 ‚

1482 2973 1551 2997 non
1586 2964 1772 2997 moriturus
1806 2963 1948 3001 ulterius
1976 2981 1984 3002 ε
2018 2982 2080 3006 nec
2114 2970 2173 3006 nifi
2205 2983 2268 3018 per
2303 2971 2404 3008 illum

1483 3015 1687 3058 quemquam
1698 3009 1836 3049 liberari
1860 3028 1878 3050 a
1903 3015 2258 3063 diabolidominatu,
2284 3034 2345 3069 per
2356 3035 2406 3059 re-

1484 3061 1671 3098 miffionem
1701 3073 1920 3108 peccatorum
1943 3080 1951 3101 ε
1977 3071 2011 3102 in
2037 3069 2128 3113 cujus
2154 3068 2285 3107 diaboli
2305 3075 2407 3120 parti-

1485 3109 1694 3153 busneceffe
1721 3110 1769 3147 est
1795 3113 2036 3151 miseravmveffe
2062 3121 2169 3154 vitam
2191 3145 2204 3162 ,
2238 3122 2408 3159 eamdem-

1484 3173 1549 3208 que
1575 3172 1772 3209 perpetuam
1796 3177 1806 3201 ;
1832 3175 2023 3211 quaemors
2049 3166 2096 3203 est

1486 3222 1587 3257 quam
1613 3215 1705 3253 vita,
1731 3210 1847 3249 eadem
1873 3213 1954 3251 fides
1979 3213 2103 3253 habet·⁸
2122 3180 2239 3217 ponus
2265 3172 2406 3241 dicenda

1533 3385 1585 3415 Ex
1609 3379 1685 3419 libro
1709 3382 1846 3430 ejusdem
1870 3386 1951 3423 XIV.
1977 3388 2014 3424 de
2039 3391 2219 3438 Trinitate,
2243 3401 2314 3438 cap.
2330 3403 2359 3427 1.
2388 3388 2390 3391 ’

1581 3466 1660 3501 Une
1684 3465 1725 3501 de
1760 3465 1916 3513 sapientia
1942 3468 2041 3507 nobis
2072 3472 2121 3509 est
2145 3471 2369 3512 disserendum
2396 3500 2409 3518 ,
2446 3471 2586 3503 CAPUT

1609 3515 1747 3550 nonde
1773 3516 1829 3551 illa
1857 3520 1945 3560 Dei,
1971 3532 2045 3568 quae
2070 3523 2303 3570 proculdubio
2314 3528 2408 3564 Deus
2429 3510 2547 3588 Quaelsit
2565 3548 2605 3579 sa,

1490 3563 1538 3600 est
1559 3576 1568 3600 ς
1604 3576 1680 3598 nam
1708 3563 1864 3613 sapientia
1900 3571 1967 3604 Dei
1995 3571 2098 3607 Filius
2123 3571 2191 3618 ejus
2217 3579 2408 3625 unigenitus
2433 3592 2548 3630 wenna
2574 3589 2609 3618 de

1491 3613 1641 3649 dicitur:
1678 3612 1731 3650 sed
1758 3614 1947 3663 loquemur·
1966 3619 2006 3654 de
2033 3619 2184 3659 hominis
2212 3623 2371 3674 sapientia
2398 3652 2411 3670 ,
2429 3641 2487 3670 que
2509 3631 2609 3672 ³3³!OE

1493 3675 1572 3699 vera
1597 3673 1709 3698 tamen
1734 3677 1810 3712 quae
1820 3666 1998 3704 secundum
2025 3672 2142 3707 Deum
2152 3672 2224 3715 est,
2249 3677 2288 3712 &'
2310 3689 2411 3712 verus
2433 3673 2463 3701 *¹¹
2494 3669 2550 3700 *¹⁰⁰
2572 3669 2607 3697 ¹¹*

1493 3726 1530 3749 ac
1556 3714 1740 3759 praecipuus
1765 3717 1875 3752 cultus
1903 3719 1972 3760 eius
1998 3719 2046 3755 est
2066 3745 2077 3762 ,
2103 3722 2413 3769 quaehno‘nomi—
2432 3712 2607 3781 ἓὶἳῂὰωι

1494 3775 1535 3798 ne
1555 3761 1754 3807 θεοσέβεια
1780 3769 1901 3803 Graece
1919 3769 2125 3815 appellatur.
2145 3772 2260 3817 'Quod
2285 3787 2412 3812 nornen
2502 3773 2507 3778 ⁵

1495 3812 1600 3850 nostri
1622 3838 1634 3855 ,
1660 3813 1739 3850 ficut
1765 3816 1828 3860 jam
1855 3821 2234 3867 commemoravimus-'3
2261 3825 2413 3864 volentes

2258 3878 2290 3910 &
2311 3878 2376 3924 ipsi
