2652 4126
295 1523 369 1564 Vns.
379 1535 405 1557 2.

250 2207 351 2245 Jeaeim
358 2214 434 2243 μη.

258 2587 373 2620 Maetb.
389 2599 435 2621 xo.

260 2638 304 2666 24·

260 3251 372 3288 Manb.
386 3261 435 3287 ao.

263 3303 278 3322 2
283 3302 310 3326 2.

487 179 601 255 260

477 280 566 307 eum
583 267 710 314 saciant
734 268 829 317 quod
855 266 976 302 volunt
1002 263 1251 311 persecutores,
1275 266 1343 300 vivi
1368 262 1423 301 ab·

470 314 658 362 Abtben'tur
676 343 687 354 .
713 319 778 355 Sed
807 317 884 352 ideo
902 317 969 351 vivi
989 312 1229 357 absorbentur,
1256 317 1334 362 quia
1353 326 1422 350 non
1480 316 1505 354 li
1526 342 1541 360 ,
1573 318 1669 359 Ahfit
1698 331 1716 354 a
1742 331 1775 357 te
1801 323 1953 358 Domjne

473 374 513 407 εἰ]
540 373 586 407 eis
605 367 652 406 est
678 370 858 406 Dominus.
887 366 929 403 In
958 361 1080 412 quibus
1107 375 1219 403 autem
1247 363 1330 401 inest
1349 366 1421 402 Do-
1461 381 1551 404 1non
1579 369 1639 405 fiet
1666 367 1752 407 istud
1778 393 1789 403 ·
1826 374 1919 408 Ante
1942 371 1976 407 lu

477 422 586 460 minus
602 445 616 464 ,
640 417 863 457 occiduntur,
886 418 922 452 δε
942 427 1012 453 non
1034 418 1244 452 moriuntur.
1273 417 1345 460 Qui
1363 429 1419 454 au-

473 468 552 510 tem
569 468 783 508 consentiunt
809 468 845 503 δε
873 468 992 502 vivunt
1011 490 1025 508 ‚
1059 467 1128 501 vivi
1156 464 1377 503 absorbentur
1407 491 1418 510 ,

473 511 609 567 aEsonpi
632 520 824 556 moriuntur
841 540 852 552 .
887 514 949 552 Isti
974 527 1084 554 autem
1112 519 1171 566 qui
1202 516 1282 563 paffi
1311 515 1387 555 sunt
1404 543 1417 560 ‚

471 567 513 614 ,δι’
539 581 608 609 non
634 565 793 613 cesserunt
820 564 1094 609 tribulationibus
1110 590 1122 607 ,
1155 566 1347 610 exsultant,
1381 570 1417 604 δε

469 621 613 667 dicunt,
638 615 769 651 Dicant
787 628 872 653 nunc
899 616 999 663 Israel
1017 628 1026 650 :
1052 616 1140 654 dicat
1157 616 1343 660 exsultans,
1365 618 1415 655 di-

471 680 527 708 cat
546 670 676 706 securus
693 695 708 716 ‚
739 664 814 708 Nili
841 665 920 714 quia
944 663 1108 703 Dominus
1127 676 1197 706 orat
1226 665 1262 700 in
1291 665 1382 701 nobis
1401 692 1415 711 ,

473 712 546 754 dum
574 717 773 764 inficrgerent
797 714 940 753 homines
966 717 1001 752 in
1027 728 1085 751 nos
1104 743 1116 761 ,
1144 715 1284 764 forsitan
1309 716 1414 752 vivos

472 767 698 816 absorbusffent
716 779 774 803 nos
783 796 792 807 .

505 964 566 1008 Ἐκ
591 972 734 1020 ejusdem
752 972 958 1009 enarratione
976 972 1012 1008 in
1031 955 1198 1020 Pfhlmum
1216 955 1374 1014 CXXVI.

672 1023 760 1071 vers.
774 1034 808 1059 2.
824 1035 909 1059 num.
921 1037 953 1068 4.
971 1034 999 1068 5.
1011 1024 1055 1058 (9'
1059 1025 1208 1071 sequent.

566 1127 659 1163 Emo
679 1125 701 1161 fi
730 1128 737 1136 “
766 1135 901 1170 arroget
917 1124 1071 1173 aliquid.
1101 1127 1277 1168 NEMO
1311 1127 1406 1165 HA·

704 1123 738 1162 b.
833 1178 839 1183 ι
960 1179 966 1184 ι
1051 1179 1056 1184 ι
1183 1180 1188 1184 .

464 1229 510 1264 ‚a
548 1177 618 1275 qu?
630 1177 726 1261 {offis
739 1174 864 1262 ῗὲἒὲῗ
885 1174 1241 1271 ῗΐ’;,’ἆ’ὴῗ,ἶίιέὲῖ“
1260 1190 1408 1265 ἒέῗᾛῒ

462 1276 564 1314 luerit
590 1287 743 1323 arrogare
770 1275 963 1323 sapientiam-
979 1301 991 1317 ‚
1024 1275 1143 1315 stul-tus
1169 1276 1217 1314 est
1234 1302 1243 1311 .
1269 1280 1320 1314 Sit
1343 1277 1406 1316 lau-

460 1327 580 1370 milis,
613 1336 652 1362 ut
689 1328 802 1365 veniat
824 1323 979 1372 sapientia
1015 1330 1050 1364 δε
1079 1325 1245 1365 illuminet
1271 1328 1367 1366 illum
1395 1354 1405 1364 .

459 1381 496 1415 Si
522 1388 635 1415 autem
658 1386 733 1415 ante
760 1388 865 1424 quam
890 1381 1000 1413 veniat
1029 1381 1062 1414 in
1092 1377 1190 1416 illum
1220 1378 1374 1425 sapientia
1391 1406 1404 1423 ‚

458 1440 556 1476 putat
582 1426 613 1463 se
639 1424 701 1462 ess'e
725 1426 909 1474 sapientem
928 1452 940 1470 ‚
966 1439 1042 1464 ante
1068 1427 1179 1466 lucem
1208 1429 1309 1475 surgit
1328 1455 1343 1472 ‚
1365 1435 1400 1468 δε

455 1477 605 1516 ambulat
631 1480 666 1513 in
692 1476 836 1514 tenebris
857 1504 865 1513 .
890 1479 939 1516 Et
956 1478 1037 1526 quid
1065 1478 1158 1516 audit
1175 1482 1209 1515 in
1232 1479 1295 1515 isto
1316 1479 1401 1518 Psal-

456 1531 548 1566 mo?
583 1528 619 1560 In
650 1538 775 1561 vanum
804 1525 851 1569 esi
875 1527 974 1562 vohis
1001 1537 1080 1563 ame
1106 1528 1213 1565 lucem
1234 1529 1370 1576 surgere
1388 1555 1398 1566 .

456 1579 553 1625 Quid
574 1577 621 1615 est
638 1602 652 1619 ‚
676 1577 714 1610 In
744 1589 869 1614 vanum
896 1575 943 1619 est
972 1578 1071 1612 vobis
1091 1589 1169 1613 ante
1198 1578 1305 1614 lucem
1326 1580 1400 1626 sur-

449 1632 560 1674 gere?
596 1631 629 1664 Si
655 1627 792 1675 surgatis
816 1640 890 1667 ante
915 1642 1015 1676 quam
1041 1630 1149 1678 surgat
1175 1629 1234 1668 lux
1256 1657 1266 1673 ‚
1292 1631 1399 1668 neces-

454 1677 486 1715 se
512 1679 557 1716 est
586 1689 623 1715 ut
652 1681 687 1714 in
719 1682 860 1716 vanitate
886 1684 1082 1718 remaneatis
1101 1706 1114 1724 ,
1139 1685 1217 1729 quia
1247 1684 1282 1717 in
1309 1694 1399 1718 tene-

454 1728 520 1767 bris
548 1732 664 1766 eritis.
700 1731 850 1768 Surrexit
878 1728 937 1767 lux
967 1729 1078 1768 nostra
1107 1730 1264 1768 Christus
1293 1747 1303 1770 ε
1341 1731 1399 1769 bo·

452 1791 536 1815 num
571 1777 618 1815 est
645 1777 709 1816 tibi
745 1790 784 1816 ut
820 1778 934 1825 surgas
963 1780 1037 1827 post
1075 1779 1254 1822 Christum
1273 1807 1284 1824 ,
1328 1796 1399 1818 non

454 1828 564 1876 fingas
587 1840 662 1866 ante
681 1826 862 1866 Christum
880 1856 889 1865 .
928 1833 999 1877 Qui
1028 1829 1164 1878 surgunt
1192 1843 1268 1867 ante
1293 1831 1399 1869 Chri-

453 1877 540 1917 stum
569 1881 582 1915 ἓ
619 1882 691 1924 Qu
719 1879 750 1916 sie
778 1879 900 1917 volunt
925 1892 1120 1927 praeponere
1148 1879 1317 1919 Christo.
1351 1886 1398 1920 Et

453 1933 512 1975 qui
550 1929 627 1965 sunt
654 1932 713 1975 qui
752 1928 782 1965 ίὲ
823 1928 945 1966 volunt
982 1943 1177 1979 praeponere
1215 1930 1398 1973 Christo?

451 1981 526 2026 Qui
556 1976 677 2015 volunt
705 1976 762 2014 hic
792 1978 909 2015 excelli
937 1978 998 2017 ess‘e
1022 2005 1036 2023 ‚
1079 1979 1137 2018 ubi
1174 1979 1310 2019 humilis
1339 1983 1397 2020 ille

452 2028 517 2067 fuit
533 2055 542 2064 .
577 2030 651 2065 Sint
676 2039 761 2074 ergo
789 2026 848 2066 hic
875 2027 1021 2067 humiles
1038 2055 1052 2073 ,
1075 2030 1100 2068 fi
1131 2031 1252 2068 volunt
1279 2032 1330 2069 ibi
1352 2034 1397 2070 es-

452 2077 484 2117 se,
512 2078 629 2117 excelfi
647 2104 660 2123 ‚
692 2078 754 2117 ubi
772 2076 929 2119 Christus
954 2080 1100 2120 excelsus
1118 2081 1165 2120 est
1182 2110 1194 2120 .
1226 2086 1288 2119 Ait
1307 2088 1396 2121 enim

450 2127 495 2166 de
522 2132 565 2167 iis
592 2132 651 2178 qui
680 2128 729 2165 illi
758 2127 961 2167 adheserant
997 2131 1064 2168 fide
1093 2158 1104 2175 ,
1139 2135 1174 2169 in
1205 2132 1328 2181 quibus
1357 2139 1393 2173 &

451 2190 511 2216 nos
539 2179 653 2219 sumus
670 2204 683 2223 ‚
708 2179 731 2215 fi
750 2183 785 2216 &
805 2192 867 2217 nos
893 2184 928 2217 in
957 2180 1056 2218 illum
1087 2194 1174 2228 puro
1201 2184 1307 2220 corde
1325 2196 1394 2219 cre-

450 2228 560 2266 dimus
580 2244 589 2264 :
615 2234 734 2271 Pater,
759 2232 889 2275 inquit,
914 2242 1002 2274 quos
1031 2229 1118 2265 mihi
1146 2230 1287 2272 dedisti,
1312 2230 1394 2265 volo

450 2289 489 2314 ut
518 2277 576 2314 ubi
604 2288 670 2324 ego
699 2276 792 2318 sum,
818 2281 854 2312 &
881 2277 940 2323 ipfi
968 2277 1031 2312 sint
1049 2289 1201 2313 mecum.
1227 2280 1393 2324 Magnum

450 2328 579 2365 donum
598 2353 611 2370 ,
644 2338 761 2373 magna
787 2328 913 2372 gratia,
939 2338 1056 2372 magna
1077 2328 1254 2373 promilfio
1271 2353 1283 2370 ,
1319 2331 1394 2364 Fra-

451 2388 518 2413 tres
539 2379 635 2412 mei.
671 2377 717 2411 Et
745 2378 823 2421 quis
841 2386 910 2410 non
940 2374 1014 2411 vult
1042 2375 1101 2411 effe
1128 2389 1209 2412 cum
1228 2375 1391 2417 Christo,

449 2425 507 2463 ubi
527 2425 574 2462 est
592 2422 772 2461 Christus?
796 2423 860 2459 Sed
878 2425 942 2468 jam
972 2423 1120 2460 excelsus
1138 2424 1315 2463 Christuss
1343 2429 1392 2460 vis

449 2475 496 2513 ibi
527 2474 587 2512 ess'e
611 2473 670 2511 ubi
704 2473 753 2511 est
782 2472 930 2510 excelsus
958 2474 971 2508 ?
1005 2472 1090 2509 Esto
1117 2471 1255 2510 humilis
1284 2500 1296 2518 ,
1333 2474 1390 2511 ubi

449 2530 485 2563 δι
515 2525 571 2562 ille
598 2523 738 2561 humilis
766 2523 831 2560 fuit
852 2547 862 2557 ·
907 2526 1090 2570 Propterea
1120 2523 1185 2560 illis
1215 2524 1295 2560 dicit
1324 2525 1392 2572 ipsa

449 2576 508 2612 lux
537 2601 548 2618 ‚
592 2577 674 2612 Non
720 2573 768 2611 est
803 2572 985 2620 discipulus
1024 2573 1124 2620 super
1159 2574 1348 2618 magistrum
1380 2601 1390 2617 ,

450 2639 512 2662 nec
541 2624 651 2662 servus
680 2625 777 2672 super
812 2624 994 2660 dominum
1022 2623 1116 2660 suum
1145 2651 1153 2659 .
1199 2628 1270 2670 Qui
1300 2624 1391 2661 vole·

450 2675 529 2713 bant
546 2674 699 2722 distipuli
728 2672 789 2710 effe
812 2673 910 2721 super
929 2673 1145 2721 magistrum,
1169 2677 1204 2711 Bc
1225 2675 1308 2710 servi
1332 2687 1391 2710 vo·

449 2725 560 2766 lebant
588 2723 649 2761 ess‘e
684 2723 781 2773 super
809 2724 986 2761 dominum
1015 2723 1108 2760 suum
1129 2749 1140 2765 ,
1172 2735 1246 2760 ante
1281 2724 1390 2761 lucem

449 2775 610 2813 volebant
638 2773 769 2820 surgere
795 2787 807 2812 ς
843 2778 877 2810 in
909 2786 1033 2810 vanum
1061 2772 1151 2811 ibant
1173 2799 1184 2817 ‚
1217 2777 1296 2823 quia
1323 2787 1391 2810 non

450 2824 528 2874 post
562 2825 672 2861 lucem
699 2822 791 2860 ibant
815 2851 824 2860 .
868 2822 939 2860 Illis
973 2835 1055 2871 ergo
1090 2823 1175 2861 dicit
1211 2824 1270 2860 iste
1309 2825 1392 2861 Psal-

450 2888 525 2911 πως
545 2899 557 2918 ,
590 2874 630 2907 In
659 2884 783 2907 vanum
812 2872 856 2914 est
882 2870 978 2907 vobis
1006 2881 1082 2906 anto
1107 2872 1207 2907 lucem
1229 2873 1363 2920 surgere
1381 2899 1391 2909 .

451 2924 551 2962 TaLes
577 2935 670 2969 erant
695 2922 759 2960 filii
777 2923 953 2966 Zebedaei,
978 2926 1037 2971 qui
1062 2935 1138 2961 ame
1156 2936 1258 2972 quam
1282 2923 1393 2961 humi-

450 2975 609 3012 liarentur
636 2973 816 3012 secundum
844 2975 1021 3021 passionem
1051 2975 1215 3017 Domini,
1241 2976 1305 3018 iam
1332 2974 1391 3011 sibi

450 3024 528 3061 loca
557 3023 724 3071 eligebant
748 3048 761 3067 ,
796 3022 854 3061 ubi
883 3023 1033 3060 sederent
1057 3048 1070 3067 ‚
1104 3036 1189 3061 unus
1215 3024 1256 3060 ad
1282 3024 1393 3061 dexte·

450 3087 521 3112 ram
540 3101 553 3120 ‚
577 3074 661 3111 alter
685 3073 728 3111 ad
755 3073 915 3110 finistram
935 3100 944 3110 .
979 3075 1071 3110 Ante
1098 3073 1212 3112 lucem
1234 3073 1392 3111 volebant

451 3125 612 3173 fingeres
644 3124 721 3161 ideo
755 3128 789 3160 in
821 3136 947 3161 vanum
975 3122 1066 3159 ibant
1091 3150 1102 3159 .
1136 3126 1326 3161 Revocavit
1356 3123 1391 3158 il-

450 3173 504 3211 los
532 3177 700 3213 Dominus
727 3174 768 3211 ad
796 3172 1022 3210 humilitatem
1051 3197 1064 3215 ,
1096 3185 1175 3210 cum
1202 3171 1272 3210 hoc
1301 3173 1391 3211 audi-

452 3236 523 3268 ret,
548 3229 582 3260 &
607 3227 653 3260 ait
679 3223 745 3260 illis
761 3248 774 3266 ,
798 3222 936 3260 Potestis
962 3222 1075 3259 bibere
1101 3221 1262 3266 calicem,
1286 3235 1389 3271 quem

451 3286 517 3322 ego
542 3274 710 3312 bibiturus
738 3273 841 3310 sum?
874 3274 952 3319 Ego
982 3275 1056 3307 veni
1086 3269 1222 3310 humilis
1247 3270 1330 3316 effe,
1355 3277 1389 3309 &

453 3337 515 3362 vos
542 3336 619 3362 ante
647 3336 700 3361 me
727 3322 828 3361 vultis
855 3321 915 3360 ess‘e
941 3321 1057 3358 excelli
1078 3325 1090 3358 ?
1115 3326 1195 3370 Qua
1224 3335 1289 3369 ego
1317 3336 1360 3359 eo
1376 3349 1390 3367 ,

458 3374 535 3412 illac
562 3374 772 3423 sequimini,
804 3376 850 3410 ait
875 3399 886 3410 .
920 3375 1011 3410 Nam
1036 3371 1062 3408 si
1087 3369 1150 3410 hac
1181 3372 1283 3409 vultis
1310 3375 1357 3410 ire
1376 3398 1390 3416 ,

460 3437 528 3473 qua
552 3436 616 3471 ego
644 3437 713 3460 non
740 3437 783 3459 eo
801 3449 815 3466 ,
846 3423 884 3456 In
910 3432 1033 3455 vanum
1059 3419 1104 3462 est
1131 3420 1227 3455 vobis
1248 3431 1323 3455 ante
1341 3421 1389 3456 lu-

456 3488 525 3512 cem
550 3475 682 3520 surgere
708 3500 717 3509 .
753 3476 798 3509 Et
833 3477 949 3510 Petrus
985 3483 1059 3508 ante
1095 3470 1206 3508 lucem
1243 3471 1390 3509 surrexe-

456 3538 506 3564 rat
525 3552 538 3570 ‚
572 3525 707 3573 quando
735 3523 911 3560 confilium
938 3524 1090 3559 Domino
1116 3522 1195 3559 date
1224 3521 1357 3558 volebat
1378 3548 1390 3565 ,

457 3588 496 3613 ut
521 3588 591 3612 non
623 3585 788 3622 pateretur
818 3587 880 3621 pro
907 3572 1023 3608 nobis.
1049 3574 1189 3618 Dixerat
1216 3575 1304 3608 enim
1333 3571 1389 3608 ille

458 3625 500 3660 de
535 3625 677 3671 paffione
703 3623 757 3660 sua
783 3649 796 3667 ‚
830 3628 863 3660 in
894 3635 962 3671 qua.
985 3620 1058 3657 salvi
1089 3621 1194 3659 futuri
1221 3634 1350 3658 eramus
1376 3647 1388 3664 ,

458 3673 501 3709 de
530 3673 595 3718 ipsa
630 3673 816 3711 humilitate
842 3688 854 3713 ς
885 3671 1020 3710 humilis
1047 3675 1136 3708 enim
1173 3669 1275 3720 passus
1301 3669 1347 3707 est
1374 3687 1388 3708 .-

459 3735 537 3760 cum
564 3734 645 3766 ergo
671 3724 711 3758 de
740 3725 880 3770 passione
901 3724 955 3759 sua
981 3720 1091 3758 futura
1119 3722 1265 3764 diceret,
1291 3734 1387 3768 expa-

461 3778 510 3812 vit
538 3775 652 3809 Petrus
679 3796 693 3815 ,
733 3777 793 3819 qui
832 3774 926 3810 illum
955 3770 1053 3819 paulo
1082 3782 1156 3808 ante
1184 3770 1310 3808 dixerat
1336 3774 1385 3808 Pi-

1459 519 1566 557 *Redi
1595 519 1682 567 'post
1718 533 1772 558 me
1798 521 1917 558 satanas
1944 550 1953 559 .

681 171 959 239 SCRLPTA
1007 182 1088 230 ET
1126 181 1747 244 MoNuMENTAQuAE
1786 174 2309 242 oP.S.PROSPER1.

1482 265 1565 306 lium
1593 272 1662 305 Dei
1697 281 1710 301 ··
1745 273 1858 306 timuit
1885 283 1926 306 ne
1963 282 2154 308 moreretur
2181 296 2192 313 ,
2231 277 2266 311 ει
2301 278 2345 312 ait
2373 279 2411 315 ῥι-

1473 421 1514 454 2&
1540 418 1611 455 luci
1637 419 1810 458 confilium
1837 422 1915 458 dare
1941 447 1952 458 .
1985 423 2049 459 Sed
2073 424 2155 469 qnid
2186 423 2264 460 fecit
2287 427 2411 464 Domi·

1477 480 1537 505 nus
1565 471 1582 506 2*
1613 471 1706 507 Peciz
1733 470 1827 508 illum
1850 498 1869 515 ,,
1903 480 1942 509 ut
1978 472 2055 520 post
2079 473 2191 511 lucem
2227 473 2373 522 surgeret
2400 492 2409 515 ε

1997 523 2078 560 Ideo
2116 527 2205 561 enim
2229 524 2364 564 satanas

1475 572 1554 616 quia
1578 581 1656 607 ante
1682 569 1794 607 lucem
1820 575 1869 607 vis
1895 572 2026 618 surgere
2055 598 2063 607 .
2099 574 2190 611 Redi
2217 575 2292 622 post
2317 589 2373 614 me
2398 604 2409 620 ,

1475 630 1514 655 ut
1539 630 1604 667 ego
1632 622 1814 668 praecedam
1832 647 1843 664 ,
1869 632 1906 660 tu
1932 622 2075 672 sequaris
2105 640 2116 660 .-
2154 637 2218 672 qua
2245 637 2311 672 ego
2333 640 2376 663 eo
2396 652 2410 671 ‚

1473 668 1549 706 illac
1576 683 1628 707 eas
1655 683 1666 707 3
1701 684 1768 707 non
1796 685 1860 722 qua
1890 683 1927 708 tu
1957 676 2006 710 vis
2034 678 2073 711 iri
2099 700 2113 718 ,
2149 675 2224 712 illae
2249 689 2302 712 me
2329 676 2409 714 velis

1472 719 1620 757 ducere.

1524 773 1620 817 Ergo
1647 770 1716 820 ἐμῆς,
1740 773 1800 821 qui
1837 771 1992 811 volebant
2028 786 2103 812 ante
2140 774 2249 812 lucem
2279 775 2408 823 surgere

1472 817 1556 857 'dicit
1584 820 1728 859 Pfilmus
1745 848 1757 866 ,
1793 821 1831 855 In
1860 835 1986 856 vanum
2012 824 2055 865 est
2076 824 2172 858 vobis
2197 836 2272 858 ante
2300 826 2407 864 lucem

1471 870 1604 917 surgere
1623 883 1639 906 ,2
1658 874 1705 909 Et
1731 873 1869 920 quando
1896 873 2095 921 surgemus?
2127 879 2220 913 Cum
2248 876 2406 914 fuerimus

1468 917 1669 958 humiliati.
1706 922 1842 967 Surgite
1870 922 1975 968 pellea
1996 936 2093 970 quam
2115 925 2241 970 sedistis
2261 954 2269 963 ,
2295 930 2406 964 Surre·
2423 911 2609 954 ¹³²”1ve'fi2-

1470 971 1543 1007 ἂίο
1573 971 1807 1009 exaltationem
1843 972 2000 1020 fignificat
2019 1000 2029 1016 ‚
2063 974 2155 1012 seffio
2183 975 2405 1015 humilitatem

1468 1019 1629 1068 fignificat
1648 1045 1659 1057 ·
1693 1022 1780 1059 Aliis
1806 1022 1889 1060 locis
1923 1024 2122 1072 intelligitur
2146 1026 2241 1064 seffio
2268 1030 2304 1064 in
2341 1026 2405 1067 ho-
2436 1071 2438 1076 ,

1467 1083 1554 1108 nore
1573 1073 1759 1115 iudicandi,
1784 1073 1855 1109 aliis
1875 1073 1957 1111 locis
1984 1072 2210 1113 humilitatem
2238 1077 2381 1117 ostendii
2397 1106 2406 1115 .

1467 1123 1665 1169 Quomodo
1692 1127 1724 1160 in
1744 1122 1877 1160 honore
1907 1125 2072 1169 judicandi
2098 1128 2221 1165 seffio?
2248 1128 2407 1166 Sedebitis

1463 1171 1566 1219 super
1593 1173 1774 1211 duodecim
1807 1174 1916 1218 sedes,
1940 1177 2120 1221 judicantes
2141 1178 2322 1216 duodecim
2350 1183 2408 1215 tri·

1468 1222 1533 1260 bus
1558 1222 1657 1261 Israel
1680 1248 1690 1258 .
1727 1225 1919 1269 Quomodo
1945 1229 1976 1262 in
2004 1226 2097 1273 figno
2124 1225 2320 1266 humilitatis
2348 1229 2405 1266 ses
2424 1232 2537 1263 Man'h.
2555 1245 2604 1272 ¹9·
2627 1256 2631 1261 ι

1468 1273 1517 1310 fio
1535 1283 1548 1310 ε’
1572 1276 1669 1310 Hora
1700 1273 1784 1312 sexta
1809 1277 1978 1316 Dominus
1994 1276 2148 1324 fatigatus
2177 1277 2260 1317 sedit
2285 1280 2325 1316 ad
2347 1292 2407 1328 pu·
2426 1282 2441 1300 ²
2651 1285 2652 1296 ¹

1467 1335 1580 1362 teum.
1608 1327 1770 1372 Fatigatio
1786 1328 1949 1369 Domini,
1974 1327 2147 1364 infirmitas
2165 1331 2307 1366 Domini
2322 1330 2407 1372 fnit,

1985 347 1997 363 ,
2030 324 2199 370 propitius
2223 323 2291 359 esto
2319 326 2410 366 tibia
2430 350 2531 382 Mans,
2559 355 2602 382 ¹6,

1978 385 2051 409 cem
2079 371 2212 409 volebat
2239 373 2376 421 surgeres
2397 403 2410 421 ‚
2430 401 2476 419 22.
2532 375 2539 384 ’

2396 553 2410 571 ²
2446 546 2582 587 Ibe'd.23.
2624 589 2629 599 ξ

2444 1272 2474 1304 8.

1466 1374 1646 1411 infirmitas
1665 1378 1826 1419 vir—tutis,
1850 1376 2025 1414 infirmitas
2053 1377 2216 1423 sapientiae
2235 1394 2244 1416 ι
2270 1379 2322 1416 sed
2339 1380 2407 1427 ipsa
2416 1373 2493 1411 1⁰⁴³·
2511 1376 2575 1409 4-6·

1464 1425 1662 1468 infirmitas,
1686 1424 1859 1463 humilitas
1880 1455 1888 1463 .
1915 1430 2010 1475 Ergo
2027 1428 2051 1463 fl
2070 1428 2153 1465 sedit
2171 1442 2212 1465 ex
2232 1429 2405 1467 infirmita·

1463 1486 1518 1519 te,
1546 1474 1638 1512 seffio
1664 1475 1718 1511 illa
1735 1474 1958 1517 humilitatem
1978 1477 2138 1526 fignificat
2156 1507 2164 1516 .
2192 1482 2236 1516 Et
2264 1480 2332 1528 ipsa
2349 1481 2406 1517 ses·

1461 1526 1510 1562 fio
1532 1525 1631 1574 ipsius
1650 1551 1660 1567 ‚
1687 1524 1792 1569 idest,
1814 1525 1985 1570 humilitas
2007 1529 2131 1576 ipfius,
2154 1529 2219 1576 ipsa
2237 1543 2299 1566 nos
2327 1531 2406 1568 fecit

1459 1574 1606 1663 finggozst-
1628 1639 1730 1675 quam
1759 1624 1913 1664 homines
1931 1657 1943 1665 .
1967 1629 2051 1666 Ideo
2081 1630 2165 1667 dicit
2193 1634 2226 1667 in
2256 1632 2402 1680 quodam

1459 1677 1593 1714 Psalmo
1612 1702 1624 1720 ‚
1649 1680 1799 1715 Domine
1818 1690 1855 1714 tu
1885 1678 2072 1728 cognovisti
2105 1680 2273 1718 seffionem
2291 1695 2402 1720 meam
2419 1680 2579 1720 Ps·¹38-²-
2630 1663 2631 1666 Ἴ
2651 1681 2652 1722 f

1457 1732 1492 1765 &
1521 1727 1796 1764 resurreaionem
1823 1741 1927 1765 meam
1961 1744 1984 1767 =-.
2004 1730 2039 1767 id
2064 1729 2110 1766 est
2129 1757 2142 1776 ‚
2174 1729 2402 1770 humilitatem

1458 1791 1566 1815 meam
1593 1781 1628 1814 δε
1655 1776 1888 1816 exaltationem
1910 1793 2018 1822 meam
2031 1805 2045 1822 ,,
2065 1784 2130 1816 &c.

1508 1827 1572 1865 Sed
1592 1839 1635 1864 ne
1655 1831 1730 1875 quis
1754 1839 1846 1876 putet
1876 1828 1906 1865 se
1933 1831 1972 1868 ad
2001 1829 2071 1868 hoc
2102 1830 2212 1868 sedere
2231 1845 2268 1869 ut
2288 1831 2402 1872 hono·

1458 1890 1551 1916 retur
1580 1902 1592 1920 ‚
1628 1889 1668 1914 ut
1697 1877 1884 1915 ostenderet
1913 1884 1993 1929 quia
2017 1881 2150 1918 seffione
2180 1882 2237 1918 ista
2262 1882 2402 1925 humili·

1457 1940 1562 1965 tatem
1591 1927 1700 1965 voluit
1735 1930 1969 1968 commendare
1993 1945 2003 1969 s
2038 1945 2079 1967 ne
2104 1935 2179 1981 quis
2207 1932 2237 1969 se
2267 1945 2403 1982 putaree

1456 1978 1574 2027 julium
1603 1977 1664 2015 ess'e
1697 1978 1808 2015 sedere
1830 2007 1844 2024 ,
1876 1993 1932 2021 aut
1956 1982 2000 2018 ad
2021 1982 2261 2029 judicandum,
2286 1996 2342 2020 aut
2359 1983 2403 2021 ad

1456 2029 1660 2077 epulandum
1687 2033 1721 2067 &
1752 2031 1965 2076 gaudendum
1982 2056 2001 2075 2
2024 2036 2067 2071 ,δι
2097 2035 2259 2079 majorem
2289 2034 2401 2082 super—

1456 2079 1543 2117 biam
1572 2078 1616 2116 ibi
1648 2092 1809 2129 quaereret
1838 2107 1849 2125 ,

1455 2133 1530 2166 tatis
1562 2129 1690 2167 addidit
1718 2155 1731 2172 ‚
1767 2131 1836 2174 Qui
1863 2131 2065 2162 manducatis
2089 2141 2208 2173 panem
2237 2132 2359 2165 doloris
2386 2157 2396 2166 .
2415 2135 2600 2174 Iremversa.

1455 2180 1511 2218 Illi
1539 2189 1623 2222 ergo
1657 2175 1858 2212 manducant
1895 2189 2011 2223 panem
2050 2178 2178 2215 doloris
2206 2205 2215 2222 ‚
2250 2185 2310 2229 qui
2340 2194 2394 2229 ge-

1454 2226 1551 2260 munt
1577 2227 1609 2258 in
1644 2222 1701 2259 ista
1731 2227 1995 2271 peregrinatione
2015 2251 2023 2258 .
2059 2227 2123 2273 Ipsi
2152 2230 2224 2265 sunt
2253 2235 2285 2265 in
2315 2245 2395 2266 con-

1454 2273 1538 2309 valle
1568 2272 1767 2319 plorationis
1789 2298 1798 2307 .
1832 2274 2051 2311 Ascenfiones
2079 2280 2166 2312 enim
2196 2278 2275 2314 facit
2300 2281 2399 2316 Deus
2414 2293 2588 2333 Hal-89⁶·

1453 2327 1487 2359 in
1524 2323 1627 2358 corde
1654 2346 1663 2354 .
1699 2324 1761 2358 Sed
1801 2321 1859 2358 ubi
1896 2323 1966 2359 illas
2004 2323 2150 2372 disponit
2179 2329 2192 2363 ἓ
2226 2326 2397 2368 Λίῖτεῐιίῐο-

1454 2384 1512 2407 nes
1533 2396 1544 2413 ‚
1582 2374 1691 2418 inquit
1711 2398 1722 2413 ,
1758 2375 1789 2407 in
1824 2374 1927 2408 corde
1955 2375 2023 2418 ejus
2058 2375 2220 2424 disposuit
2241 2402 2249 2411 .
2277 2383 2395 2427 Quis?

1452 2424 1546 2458 Deus
1566 2445 1576 2453 ·
1621 2425 1654 2457 Si
1686 2421 1886 2458 ascensiones
1915 2426 1951 2458 in
1978 2424 2079 2461 corde
2106 2450 2119 2468 ‚
2155 2428 2234 2463 ideo
2261 2438 2395 2473 eanum

1454 2473 1633 2508 Canticum
1664 2472 1825 2518 graduum
1855 2500 1863 2508 .
1898 2474 2131 2512 Humiliemur
2160 2480 2195 2513 in
2232 2478 2350 2518 saeculo
2375 2504 2395 2525 ³

1452 2521 1662 2558 ascendamus
1690 2546 1699 2554 .
1737 2523 1929 2568 Quomodo
1956 2527 1968 2559 ?
2010 2526 2126 2562 Corde
2147 2539 2165 2560 ⁷.
2207 2532 2298 2574 Quia
2322 2532 2395 2579 ipsa«

1450 2570 1593 2608 ascensio
1619 2572 1730 2607 cordis
1758 2597 1769 2614 ‚
1804 2586 1822 2608 a.
1849 2573 2001 2611 convalle
2028 2575 2225 2623 plorationis
2250 2578 2354 2626 surgit
2381 2606 2393 2616 .

1450 2625 1490 2659 Iu
1518 2620 1672 2657 convalle
1689 2647 1702 2664 ‚
1738 2624 1846 2671 inqu-it
1875 2649 1887 2666 ‚
1923 2624 2121 2672 plorationis
2147 2655 2155 2663 .
2203 2618 2394 2675 Quomodo

1451 2672 1553 2707 ereffi
1584 2671 1658 2707 sunt
1688 2684 1851 2716 montes¹
1875 2673 1916 2710 fic
1948 2674 2102 2713 sederunt
2132 2679 2391 2719 convalles»...,.

1450 2724 1480 2757 Si
1517 2733 1598 2767 ergo
1634 2723 1668 2756 in
1701 2723 1854 2759 convalle
1898 2724 2091 2772 plorationis
2123 2729 2300 2767 manducas
2320 2746 2393 2780 *pap
2408 2729 2587 2769 Hal-4¹⁸4·

1452 2784 1529 2807 nem
1556 2770 1683 2808 doloris
1705 2798 1715 2815 ‚
1740 2776 1774 2808 &
1799 2774 1881 2809 dicis
1900 2799 1912 2817 ,
1946 2777 2049 2813 1²2stae
2075 2777 2148 2814 sunt
2173 2778 2256 2817 mihi
2284 2782 2394 2831 lacry-

1452 2835 1516 2858 mae
1541 2834 1621 2858 meae
1648 2825 1741 2870 panis
1766 2823 1819 2858 die
1843 2837 1881 2860 ac
1905 2826 2026 2869 noete,
2049 2827 2131 2864 dum
2155 2829 2277 2867 dicitur
2303 2831 2391 2870 mihi

1450 2872 1630 2958 (Pfftsldie’
1655 2871 1725 2909 Ubi
1747 2871 1793 2911 est
1809 2873 1903 2910 Deus
1929 2886 2005 2912 tuus
2021 2892 2036 2914 e.
2057 2876 2137 2915 bene
2162 2879 2288 2929 surgis,
2310 2887 2391 2930 quia

1475 2936 1490 2957 e
1519 2937 1524 2956 Ι
1558 2936 1588 2958 Ι.

1505 2976 1549 3008 Et
1574 2972 1663 3020 quali
1688 2973 1814 3009 diceres
1835 3000 1844 3014 ‚
1872 2978 2020 3021 Qiando
2045 2977 2211 3024 surgemus
2235 2984 2248 3017 Ξ
2272 2983 2387 3018 Modo

1452 3022 1605 3068 jubemur
1630 3021 1743 3058 {edere
1761 3049 1770 3063 ‚
1807 3028 1943 3070 qnando
1966 3031 2033 3063 erit
2053 3027 2161 3065 nostra
2188 3029 2347 3068 surrectio
2374 3043 2388 3069 t

1453 3072 1600 3122 Quando
1635 3071 1698 3109 fuit
1724 3076 1866 3110 Domini
1886 3103 1896 3114 ,
1929 3077 1983 3112 Ad
2020 3089 2096 3115 eum
2130 3081 2259 3116 attende
2279 3107 2290 3123 ,
2327 3087 2385 3131 qui

1450 3134 1483 3159 te
1509 3122 1666 3170 praeceffit
1687 3147 1695 3156 .
1731 3126 1821 3160 Nam
1847 3124 1871 3160 si
1903 3138 1971 3162 non
2004 3126 2111 3172 ipsum
2145 3131 2316 3175 attendis,
2350 3138 2384 3170 in

1451 3185 1570 3209 vanum
1598 3171 1644 3207 est
1671 3172 1730 3210 tibi
1758 3186 1831 3210 ante
1855 3173 1966 3212 lucem
1991 3175 2121 3223 surgere
2142 3206 2148 3213 .
2186 3181 2258 3228 Ipse
2283 3195 2384 3230 quan-

1449 3222 1498 3258 do
1533 3221 1690 3258 exaltatus
1716 3221 1792 3259 est?
1824 3227 1916 3260 Cum
1942 3238 2093 3263 mortuus
2118 3228 2164 3264 est
2183 3257 2190 3265 .
2228 3234 2323 3277 Ergo
2350 3238 2384 3268 δε

1451 3284 1541 3309 tuam
1575 3272 1807 3309 exaltationem
1832 3273 1905 3321 post
1938 3288 2081 3314 mortem
2117 3278 2233 3326 spera,
2267 3285 2299 3316 in
2336 3296 2383 3318 re<

1449 3321 1652 3358 surrectione
1687 3334 1900 3360 mortuorum
1935 3324 2023 3371 spera
2045 3352 2056 3370 ,
2091 3332 2165 3375 quia
2200 3329 2256 3366 ille
2283 3331 2384 3368 resur-

1449 3375 1533 3408 rexit
1559 3375 1591 3407 &
1626 3370 1768 3408 ascendit
1788 3399 1798 3410 .
1832 3375 1893 3410 Sed
1919 3374 1977 3411 ubi
2014 3377 2176 3414 dormi-vit
2200 3389 2211 3416 ,ἢ
2245 3385 2286 3417 In
2311 3395 2384 3418 crw

1449 3435 1513 3458 ce.
1550 3422 1698 3465 Quando
1722 3422 1885 3459 dormivit
1910 3427 1946 3460 in⁴
1969 3438 2069 3464 eruce
2084 3453 2101 3470 ,
2131 3428 2256 3475 tignum
2284 3432 2384 3477 gesta-

1450 3470 1507 3508 bat
1527 3495 1539 3513 ,
1576 3474 1679 3506 immo
1713 3471 1871 3518 implebat
1904 3476 1999 3520 quod
2023 3476 2243 3523 significatum
2274 3481 2320 3518 est
2348 3486 2381 3519 in

1449 3521 1558 3557 Adam
1585 3535 1593 3556 t
1629 3523 1705 3568 quia
1739 3533 1815 3557 cum
1850 3523 2014 3562 dormiret
2049 3527 2159 3564 Adam
2184 3554 2200 3573 ,
2229 3531 2318 3568 costa
2344 3533 2381 3568 il.-

1449 3570 1471 3605 li
1507 3569 1650 3605 detracta
1675 3567 1721 3606 est
1748 3596 1761 3612 ,
1792 3577 1828 3608 &
1854 3574 1925 3610 Eva
1949 3573 2032 3611 saeta
2066 3576 2113 3613 est
2137 3593 2145 3614 :
2180 3579 2221 3615 stc
2248 3584 2284 3616 &
2307 3586 2380 3620 Do-

1448 3623 1544 3656 mino
1569 3631 1647 3654 cum
1683 3619 1847 3658 dormitet
1873 3626 1906 3658 in
1934 3636 2031 3661 cruce
2057 3651 2071 3667 ,
2102 3627 2186 3665 latus
2222 3610 2576 3676 ejuslan-JMU'W'M‘

1447 3682 1503 3706 cea
1530 3666 1712 3716 percussum
1738 3669 1814 3724 est³
1841 3675 1874 3708 &
1900 3672 2100 3713 sacramenta.
2122 3678 2379 3725 profluxerunt.

1448 3718 1535 3755 unde
1571 3717 1651 3753 faeta
1690 3718 1736 3755 cst
1772 3721 1915 3758 Ecciefia
1950 3749 2101 3762 .....
2140 3730 2174 3764 Si.
2208 3740 2290 3776 ergo
2323 3731 2379 3770 ille

1446 3781 1513 3823 non
1540 3768 1741 3813 resurrexit,
1777 3771 1834 3809 nili
1867 3784 2020 3812 mortuus
2038 3799 2053 3819 ‚
2087 3788 2124 3814 tu
2150 3778 2378 3824 exaltationem

2263 3826 2329 3877 spe-

1885 2085 1916 2116 in
1956 2082 2227 2128 significationem
2257 2083 2401 2121 ium-iii·
2443 2086 2447 2090 ’

2425 3525 2458 3542 ΕΠ
2487 3524 2512 3542 2-
2531 3522 2576 3542 2¹-

2622 785 2643 998 if

1644 1580 1721 1623 quia
1739 1601 1750 1619 ‚
1791 1578 1897 1624 Qod
1927 1579 2100 1616 infirmum
2132 1579 2179 1617 est
2206 1583 2303 1623 Dei,
2336 1581 2403 1618 for*
2422 1592 2598 1630 neom-25.
2651 1610 2652 1624 1
