2652 4126
48 745 51 747 *
75 730 199 772 jun-6.
212 736 262 767 41.

46 786 57 801 ,κ
82 771 242 808 namq-⁶.

46 1372 49 1379 ‹
119 1390 155 1428 ὖ.
172 1403 218 1432 ¹5·

93 2650 167 2684 vers.
179 2658 228 2686 ¹7·

97 3066 172 3099 vers.
189 3074 235 3104 ις.

118 3734 191 3768 ναί.
205 3744 253 3766 ²².

548 208 628 270 ET
669 210 936 272 HtsTOR.
977 211 1265 272 SEMIPEL.
1307 224 1525 269 LucEM
1568 223 1929 276 AFFERUNT.

276 307 324 346 las
349 306 509 357 pretiosas
524 332 538 351 ,
561 312 597 346 δε
621 312 815 346 emit'eas?
846 312 878 346 Si
906 307 1008 346 fidem
1034 310 1203 344 invenires

276 358 453 402 venalem,
475 369 639 407 quantum
666 371 731 407 pro
756 359 812 396 illa
832 359 949 400 dares,
974 371 1075 406 quam
1100 369 1204 394 tevo-

276 407 340 446 luit
364 410 459 446 Deus
483 411 584 456 gratis
609 406 756 452 habere,
782 414 815 446 δε
843 413 989 456 ingratus
1015 410 1068 444 es?
1093 410 1203 455 Egent

277 471 362 506 ergo
386 458 438 496 illi
463 458 585 496 divites
609 469 708 504 egent
733 473 742 494 ε
778 464 812 496 δι
838 458 934 507 quod
959 457 1006 494 est
1031 462 1165 504 gravius
1192 482 1204 500 ,

278 521 363 558 pane
387 519 506 557 egent.
532 511 588 546 Ne
612 506 702 544 forte
726 513 874 557 putetis,
900 513 979 557 quia
1003 521 1088 545 auro
1107 518 1205 556 egent

277 563 314 596 δι
337 569 479 606 argento
498 584 510 603 ,
534 570 740 606 quamquam
766 563 800 595 &
826 558 895 596 hoc
920 569 1038 607 egeant
1056 585 1064 593 .
1090 562 1205 603 Quan-

278 618 352 646 tum
376 606 496 647 habuit
519 608 681 656 quidam,
706 612 741 646 δε
766 609 849 657 quid
874 621 952 645 eum
970 607 1125 646 satiavit?
1150 611 1204 645 Sic

277 669 433 696 mortuus
457 656 505 695 est
530 669 649 705 egens,
674 660 751 706 quia
777 659 875 708 plura
901 657 1037 696 volebat
1054 658 1206 706 adquire—

278 721 338 753 re,
362 720 464 757 quam
489 706 642 745 tenebat.
668 710 779 756 Egent
797 714 946 758 &pane.
974 711 1089 754 Quare
1107 718 1205 756 egent

277 762 314 795 δι
339 759 456 807 pane?
488 761 522 796 Si
546 770 617 796 non
642 759 802 807 intelligis
827 771 971 808 panem,
996 758 1053 794 ille
1078 758 1167 794 dixit
1193 782 1206 799 ,

277 810 355 856 Ego
378 806 450 845 sum
484 811 579 856 panis
604 811 700 845 vivus
727 834 740 851 ‚
773 812 832 857 qui
856 808 899 846 de
923 807 1007 844 caelo
1032 804 1205 845 descendi:

275 862 335 901 δι,
359 859 453 896 Beati
502 861 536 895 ui
560 857 707 894 esuriunt
732 858 888 896 &fitiunt
913 857 1098 904 justitiam,
1122 872 1206 907 quo-

275 910 370 945 niam
394 906 456 958 ipfi
477 871 730 946 saturabuntur.
756 913 948 954 Inquirentes
972 917 1081 945 autem
1101 912 1206 944 Domi·

273 969 351 995 nunt
373 971 431 995 non
462 961 641 998 minuentur
662 962 745 998 omni
767 958 840 997 bono
864 985 874 995 .

276 1007 344 1054 jam
368 1007 517 1045 diximus
911 957 975 996 sed
1006 969 1078 1004 quo
1111 957 1206 994 bono

338 1180 394 1216 Ex
417 1178 524 1216 eadem
547 1180 742 1271 enarrajione
765 1180 797 1214 in
820 1175 985 1221 Pfislmum
1008 1181 1146 1213 XXXIII.

594 1238 678 1264 ver.
703 1238 755 1273 15.
774 1240 803 1264 n.
829 1238 882 1271 19.
1019 1230 1038 1240 ⁴·

337 1361 408 1398 El)
430 1360 514 1409 quid
539 1360 589 1398 est
607 1385 621 1405 ,
654 1361 786 1400 necltna
811 1373 832 1396 a
856 1360 971 1397 malo?
1005 1361 1130 1398 Parum
1155 1358 1204 1396 est

362 1409 446 1448 nulli
473 1423 593 1452 noceas
611 1436 624 1454 ,
658 1410 790 1448 nullum
817 1409 950 1447 occidas
972 1436 984 1453 ‚
1020 1423 1089 1446 non
1117 1409 1206 1447 fitte-

273 1464 321 1498 ris
340 1486 353 1503 ,
387 1473 454 1497 non
480 1459 647 1501 adulteres
664 1485 677 1504 ,
701 1473 771 1496 non
796 1460 948 1497 fraudem
974 1460 1071 1496 facias
1095 1485 1108 1503 ,
1134 1473 1204 1496 non

272 1509 392 1548 falsum
418 1509 652 1551 testimonium
677 1509 783 1548 dicas.
812 1511 969 1547 Declinaa
995 1511 1099 1546 malo:
1124 1523 1204 1546 cum

273 1560 522 1604 declinaveris,
546 1560 629 1601 dicis
646 1587 658 1604 ,
683 1564 822 1598 Securus
851 1559 921 1597 sum
944 1586 958 1603 ,
982 1560 1105 1608 perfeci
1131 1572 1206 1596 om-

274 1614 329 1647 nia
345 1635 357 1654 ,
380 1609 516 1649 habebo.
544 1614 647 1648 vitam
667 1635 679 1654 ,
705 1609 831 1650 videbo
856 1610 927 1647 dies
954 1609 1063 1646 bonos
1088 1637 1097 1645 .
1124 1613 1206 1646 Non

273 1660 385 1701 solum
410 1661 528 1703 declivia
553 1673 574 1697 a
598 1661 679 1698 malo
698 1674 711 1701 3
736 1660 789 1698 sed
807 1686 819 1702 ,
845 1663 888 1698 θ’
906 1660 964 1706 fac
990 1659 1122 1697 bonum.
1151 1665 1209 1697 Pa·

274 1723 354 1749 rum
379 1710 427 1747 est
453 1721 491 1748 ut
516 1723 585 1748 non
605 1711 778 1760 expolies:
805 1709 888 1749 vesti
916 1709 1065 1747 nudum.
1093 1713 1207 1746 Sinon

273 1760 506 1809 expoliaveris
523 1786 536 1804 ‚
570 1761 741 1798 declinasti
767 1773 786 1797 a
822 1760 916 1796 malo
940 1774 950 1795 ε
987 1759 1042 1796 led
1067 1772 1136 1794 non
1165 1760 1208 1794 fa-

273 1814 344 1849 cies
377 1809 507 1850 honum
531 1835 546 1854 ,
580 1810 639 1847 nili
665 1825 742 1848 cum
778 1814 996 1859 peregrinum
1030 1808 1208 1857 susceperis

273 1865 312 1901 in
337 1860 479 1898 domum
504 1872 618 1899 tuam.
644 1864 741 1910 Ergo
765 1861 808 1900 fic
831 1860 965 1900 declina
984 1873 1003 1898 a
1028 1859 1144 1902 malo,
1170 1870 1207 1897 ut

274 1910 374 1950 facias
397 1910 547 1954 bonum.

331 2118 388 2150 Ex
410 2115 519 2150 eadem
543 2119 742 2151 enarratione
765 2119 799 2151 in
824 2115 995 2159 ‘Psalmum
1018 2120 1155 2152 mni

571 2161 657 2205 WJ:
681 2173 735 2205 ῃ.
753 2174 838 2198 num.
860 2175 918 2203 21,

375 2260 444 2295 culi
467 2262 591 2296 Domini
612 2259 707 2306 super
727 2257 824 2305 justos
846 2283 859 2301 ,
895 2259 940 2296 &⁶
963 2270 1055 2295 aures
1079 2257 1149 2304 ejus
1173 2260 1216 2293 ad

398 2317 504 2353 preces
529 2320 635 2349 eorm
651 2334 660 2345 .
695 2310 801 2344 Forte
826 2308 946 2345 dicunt
971 2308 1051 2344 mali
1079 2333 1091 2350 ‚
1118 2312 1215 2355 Ergo

276 2357 412 2399 securus
450 2357 539 2394 facio
561 2357 651 2395 mala
675 2383 690 2402 ,
724 2361 804 2406 quia
829 2370 899 2394 non
936 2356 1036 2406 super
1058 2370 1114 2393 me
1141 2357 1215 2393 sunt

276 2407 372 2445 oculi
407 2409 582 2447 Domini:
618 2409 684 2454 'nm
709 2410 804 2444 Deus
829 2407 872 2444 ad
906 2408 1011 2453 justos
1034 2406 1178 2443 attendit
1204 2432 1216 2449 ,

275 2471 335 2495 me
359 2469 431 2499 non
457 2457 550 2494 videt
565 2482 578 2500 ,
601 2463 637 2494 &
663 2457 833 2504 quidquid
856 2457 993 2498 fecero,
1019 2455 1151 2491 securus
1172 2455 1216 2490 fa—

277 2511 340 2546 cio
361 2534 372 2546 .,
404 2510 522 2548 Statim
548 2505 686 2552 subjecit
714 2505 828 2542 videns
853 2509 1078 2550 cogitationes
1102 2502 1219 2539 homi·-

279 2570 368 2595 num
390 2555 678 2605 Spiritus-sanstus
695 2581 708 2599 ,
737 2559 773 2591 &
799 2557 847 2590 ait
867 2579 879 2596 ,
903 2555 995 2590 oculi
1018 2557 1146 2590 Domini
1164 2553 1218 2598 su-

278 2618 336 2655 per
356 2607 476 2656 justos,
500 2609 544 2645 ἰν
567 2619 660 2644 aures
683 2604 750 2654 ejus
774 2605 816 2640 ad
839 2613 948 2649 preces
962 2615 1086 2640 eorum:
1112 2601 1218 2640 *vul-

290 2668 343 2694 tus
367 2667 476 2699 antem
499 2660 626 2698 Domini
646 2655 744 2702 super
757 2654 914 2701 facientes
938 2654 1026 2691 mala
1044 2678 1058 2696 ,
1088 2662 1127 2690 ut
1150 2662 1219 2700 per-

282 2709 342 2750 dat
364 2710 403 2749 de
427 2717 514 2747 terra
539 2710 726 2745 memoriam
750 2716 873 2742 eorum,

364 2884 418 2918 Ex
437 2879 544 2915 eadem
562 2878 758 2914 enarratione
771 2878 803 2912 in
821 2873 984 2918 ‘Psalmum
1009 2879 1148 2911 XXJHII.

587 2924 672 2970 vers.
696 2937 749 2971 19·
770 2937 855 2963 num.
876 2936 933 2972 23.

332 3069 433 3103 ‘Uxta
459 3061 503 3107 eli
527 3065 677 3100 Dominus
695 3061 743 3099 his
769 3062 824 3105 qui
849 3057 1052 3096 obtriverunt
1076 3070 1126 3094 cor
1145 3083 1156 3099 ‚
1183 3058 1227 3095 &-

359 3113 491 3151 humiles
508 3115 627 3158 Spiritu
650 3110 763 3155 salvos
775 3109 897 3155 faciet.
925 3107 1026 3144 Altus
1044 3107 1093 3144 est
1112 3111 1228 3150 Deus,

362 3162 504 3200 humilis
537 3161 575 3198 fit
608 3159 824 3199 Christianus
850 3185 858 3194 .
893 3161 926 3195 si
961 3158 1036 3195 vult
1071 3168 1112 3195 ut
1142 3158 1228 3194 altus

296 3215 393 3252 Deus
419 3214 588 3248 vicinetur
608 3211 665 3248 illi
690 3236 703 3253 ,
739 3210 795 3246 ille
824 3207 966 3245 humilis
991 3208 1030 3244 fit
1055 3236 1063 3244 .
1099 3210 1230 3255 Magna

297 3262 486 3312 mysteria,
510 3263 664 3303 Fratres,
689 3263 783 3298 Deus
809 3259 905 3307 super
930 3261 1045 3294 omnia
1071 3256 1138 3294 est:
1165 3261 1229 3293 eri-

298 3318 363 3415 gp}
378 3324 453 3398 tid,
472 3316 508 3349 &
522 3323 603 3400 seq-n
619 3309 728 3398 tiillpm
752 3313 859 3358 tangis
877 3323 889 3344 τ
911 3307 1070 3346 humilias
1096 3318 1128 3344 te
1155 3333 1167 3351 ,
1193 3313 1227 3345 δε

297 3366 315 3401 ι·
354 3377 372 3402 e
462 3373 500 3400 te.
580 3374 617 3401 ce
677 3371 718 3397 t.

371 3540 425 3574 Ex
441 3536 551 3572 cariem
569 3535 765 3571 enarratione
787 3535 819 3569 in
838 3531 1005 3577 ‘Psalmum
1027 3537 1162 3568 XXXIII.

603 3582 689 3627 vers.
708 3594 765 3619 22.
779 3594 863 3620 num.
883 3593 938 3628 25.

425 3714 484 3747 ors
499 3714 700 3754 peccatorum
726 3703 854 3752 peffimae
870 3731 880 3741 .
908 3704 1093 3741 Adtendite
1111 3730 1119 3738 .
1145 3707 1237 3740 Vere

451 3770 591 3805 magnus
615 3759 811 3798 Dominus,
835 3759 870 3791 δι
895 3753 1121 3790 misericordia
1146 3755 1237 3797 eius,

314 3823 394 3849 vere
419 3813 478 3858 qui
504 3805 602 3845 nobis
634 3805 726 3844 dedit
750 3803 952 3843 manducare
986 3817 1109 3854 corpus
1145 3803 1239 3840 suurn

413 3867 445 3898 S.
470 3858 633 3904 Prosperi.

1262 309 1296 341 in
1322 318 1392 354 quo
1418 315 1508 344 tanta
1534 306 1700 356 perpessus
1725 309 1794 354 est,
1820 317 1855 349 δε
1881 313 2067 360 sanguinem
2093 317 2186 356 bibe·'

1262 369 1316 391 re.
1345 356 1537 402 Quomodo
1563 358 1696 407 respicit
1721 361 1807 398 maia
1834 367 2016 411 cogitantes
2042 392 2054 408 ,
2078 373 2110 404 δε
2136 369 2185 405 di-

1262 416 1402 443 centess
1438 406 1503 442 Ille
1530 407 1616 443 male
1642 421 1797 447 mortuus
1821 412 1870 448 est
1890 439 1901 455 ,
1927 427 1946 451 a
1971 414 2082 452 bestiis
2106 431 2186 455 con·

1262 455 1412 504 sumptus
1438 455 1487 492 est
1512 470 1521 491 ε
1555 470 1625 494 non
1652 471 1722 496 erat
1748 461 1806 497 ille
1833 463 1933 505 iustus
1950 490 1962 506 ‚
1996 464 2074 502 ideo
2098 468 2186 504 male

1263 509 1364 554 periit
1389 519 1400 543 ς
1434 518 1511 542 nam
1539 520 1606 543 non
1631 514 1756 556 periret
1782 510 1835 548 *ἓ
1869 517 1965 561 Ergo
2000 515 2058 552 ille
2082 517 2186 563 justus
2202 506 2349 553 ‘Subauca

1262 556 1310 591 est
1330 581 1341 597 ‚
1366 559 1424 602 qui
1451 558 1486 592 in
1512 556 1619 594 domo
1645 558 1698 596 sua
1716 585 1728 602 ‚
1763 565 1798 598 ὅ(
1822 565 1856 598 jn
1883 563 1974 600 'esto
1999 564 2059 603 suo
2083 572 2171 603 mor.
2204 547 2318 581 fiiussus
2332 547 2373 578 es-

1263 608 1340 642 tur?
1365 608 1447 642 Hoc
1472 606 1520 643 est
1545 621 1648 656 ergo,
1674 613 1808 658 inquis,
1834 613 1929 660 quod
1954 618 2085 658 miror,
2109 621 2189 664 quia

1264 659 1348 691 novi
1374 666 1509 703 peccata
1533 661 1568 697 δε
1593 658 1713 696 scelera
1737 660 1857 709 ipfius,
1881 662 2009 703 &bene
2034 664 2190 705 mortuus

1263 705 1333 747 est,
1358 708 1391 741 in
1418 706 1527 744 domo
1551 708 1626 752 sua,
1653 713 1739 746 intra
1765 711 1880 748 limina
1906 713 1960 750 sua
1979 740 1990 756 ‚
2015 715 2106 752 nulla
2132 730 2188 766 pe-

1264 758 1501 802 regrinationis
1525 761 1644 804 iniuria
1661 783 1674 801 ,
1700 760 1792 797 nulla
1820 762 1871 797 vel
1901 766 1933 799 in
1959 775 2089 803 matura
2115 778 2189 803 :eta-

1265 816 1297 840 te
1317 833 1324 841 .
1353 805 1444 842 Audi
1466 820 1475 841 t
1501 812 1587 844 Mors
1609 818 1809 854 peccatorum
1833 811 1958 858 peffima
1980 839 1987 846 -
2016 819 2101 861 Quae
2126 816 2189 853 tibi

1265 854 1400 892 videtur
1425 854 1513 894 bona
1539 870 1632 894 mors
1658 884 1670 900 ,
1705 861 1841 908 peffima
1864 862 1913 898 est
1939 888 1951 906 ,
1978 864 2001 899 fi
2026 869 2113 902 intus
2139 869 2189 902 vi-

1263 904 1339 940 deas
1358 932 1366 940 .
1393 906 1500 942 vides
1524 907 1607 944 foris
1631 909 1793 954 jacentem
1819 915 1852 947 in
1878 911 1968 949 lecto
1987 939 1998 956 ,
2024 915 2190 963 numquid

1264 954 1358 991 vides
1385 958 1473 992 intus
1485 968 1618 1002 raptum
1644 958 1685 994 ad
1698 958 1909 1006 gehennam?
1935 964 2086 1008 Audite,
2111 969 2188 1002 Fra-

1262 1016 1351 1047 tres,
1375 1008 1409 1041 &
1434 1018 1477 1042 ex
1503 1007 1692 1054 Evangelio
1718 1009 1868 1057 inspicite
1887 1037 1899 1053 ,
1924 1013 2006 1060 quid
2032 1015 2069 1050 fit
2094 1028 2189 1052 mors

2164 583 2188 604 ¹⁸
2205 588 2244 619 set
2252 610 2262 622 .

1263 1064 1481 1103 peccatorum
1507 1057 1643 1103 peffima
1663 1085 1671 1092 .
1699 1057 1880 1107 Numquid
1905 1074 1974 1097 non
1997 1063 2068 1099 duo
2095 1075 2190 1101 erant
2208 1081 2379 1117 Lug-‚¹4¹5

1264 1108 1298 1140 in
1326 1103 1392 1140 isto
1417 1104 1537 1142 saeculo
1561 1132 1573 1150 ,
1609 1107 1702 1143 dives
1728 1111 1785 1156 qui
1814 1109 2014 1147 induebatur
2040 1125 2190 1162 purpura

1264 1159 1299 1191 δε
1324 1152 1445 1200 bysso,
1470 1160 1504 1192 &
1529 1155 1729 1204 epulabatur
1753 1159 1905 1207 quotidie
1927 1161 2119 1209 splendide;
2145 1164 2191 1200 al-

1264 1213 1315 1240 ter
1340 1217 1468 1252 pauper
1503 1210 1561 1254 qui
1587 1205 1713 1253 jacebat
1736 1209 1778 1245 ad
1804 1210 1932 1254 januam
1966 1213 2034 1257 ejus
2060 1213 2191 1249 ulcero·

1263 1254 1336 1297 sus,
1360 1259 1505 1291 &canes
1532 1256 1754 1295 veniebant&
1781 1258 1952 1306 lingebant
1963 1261 2073 1298 ulcera
2099 1265 2190 1308 ejus,

1264 1308 1298 1341 &
1324 1303 1528 1341 desiderabat
1563 1306 1698 1344 saturari
1724 1307 1766 1344 de
1801 1313 1898 1345 micis
1923 1324 1997 1359 quae
2028 1312 2191 1350 cadebant

1263 1353 1305 1390 de
1330 1354 1440 1391 mensa
1465 1355 1606 1393 divitis?
1632 1361 1791 1405 Contigit
1817 1370 1928 1396 autem
1941 1365 2028 1397 mori
2050 1366 2190 1412 inopem

1262 1404 1382 1446 illum,
1407 1409 1422 1448 (
1447 1405 1549 1450 justus
1575 1419 1646 1443 erat
1673 1408 1730 1444 ille
1756 1412 1854 1457 inops
1874 1411 1916 1452 ,)
1940 1416 1975 1447 δε
2000 1412 2122 1448 auferri
2149 1412 2192 1449 ab

1265 1454 1406 1502 Angelis
1433 1459 1467 1492 in
1493 1455 1597 1492 finum
1626 1456 1792 1495 Abrahae.
1819 1463 1891 1506 Qui
1919 1461 2050 1497 viderat
2067 1475 2193 1511 corpus

1264 1504 1352 1541 illius
1377 1505 1483 1550 jacere
1508 1506 1549 1542 ad
1575 1506 1679 1543 limen
1706 1507 1822 1545 divitis
1845 1534 1857 1552 ,
1892 1515 1927 1547 &
1953 1524 2021 1546 non
2047 1511 2108 1548 esse
2134 1516 2194 1560 qui

1266 1554 1420 1602 sepeliret
1446 1581 1458 1597 ,
1495 1567 1617 1604 quanta
1642 1558 1732 1595 forte
1757 1559 1912 1596 diceret?
1948 1564 2000 1597 Sic
2026 1565 2196 1599 moriatur

1266 1604 1322 1640 ille
1351 1607 1507 1644 inimicus
1533 1620 1648 1650 meus,
1674 1613 1708 1644 δι
1727 1608 1784 1645 ille
1810 1614 1868 1657 qui
1895 1623 1950 1645 me
1962 1611 2196 1660 persequitur,

1267 1653 1309 1690 fic
1336 1655 1436 1691 illum
1465 1656 1618 1693 videam.
1646 1660 1964 1707 Execratuscorpus
1991 1660 2111 1708 sputo,
2138 1674 2197 1709 pu*

1267 1715 1340 1744 tent
1376 1705 1514 1742 vulnera
1540 1719 1553 1746 ‚-
1586 1713 1620 1742 δε
1646 1707 1704 1743 ille
1732 1712 1766 1744 in
1799 1709 1869 1746 finu
1895 1709 2044 1747 Abrahae
2070 1713 2199 1758 requie-⁴

1268 1754 1327 1792 stit
1349 1781 1357 1789 .
1386 1757 1416 1789 Si
1445 1754 1632 1792 Christiani
1658 1758 1769 1793 sumus
1797 1784 1808 1799 ‚
1834 1760 2010 1795 credamus
2036 1775 2044 1795 ε
2078 1760 2101 1796 fi
2128 1771 2198 1795 non

1267 1803 1458 1846 credimus,
1484 1807 1619 1847 Panes,
1646 1819 1749 1842 nemo
1775 1807 1805 1842 se
1827 1809 1930 1855 fingat
1941 1808 2198 1844 Christianum.

1266 1853 1361 1894 Fides
1389 1866 1450 1889 nos
1477 1855 1630 1902 perducit
1654 1883 1662 1891 .
1700 1858 1894 1902 Quomodo
1929 1858 1987 1893 illa
2012 1858 2100 1894 dixit
2128 1861 2204 1894 Do-

1268 1907 1403 1946 minus,
1428 1902 1470 1941 fic
1497 1903 1571 1941 sunt
1589 1933 1597 1941 .
1626 1909 1682 1942 An
1709 1919 1793 1942 vero
1818 1907 1900 1943 dicit
1926 1907 1991 1943 tibi
2016 1907 2203 1944 mathema-

1267 1957 1376 1996 ticus,
1403 1957 1437 1989 &
1463 1966 1582 1991 verum
1609 1955 1678 1992 ests
1706 1956 1789 1992 dicit
1817 1955 1998 1999 Christus,
2023 1963 2059 1993 δε
2083 1957 2204 1993 falsum

1266 2003 1338 2041 est?
1364 2003 1468 2049 Quali
1496 2016 1606 2041 autem
1634 2016 1746 2040 morte
1775 2017 1930 2042 mortuus
1948 2005 1997 2042 est
2022 2006 2205 2043 illedives?

1274 2054 1396 2101 Qualis
1423 2066 1516 2090 mors
1542 2055 1609 2091 esse
1630 2059 1743 2104 potuit
1771 2060 1804 2091 in
1830 2069 1980 2105 purpura
2006 2061 2040 2092 &
2066 2055 2165 2103 byss'o
2190 2081 2205 2100 ,

1272 2117 1373 2153 quam
1402 2103 1616 2153 sumptuosa,
1643 2119 1743 2154 quam
1760 2106 1948 2155 pomposa?
1973 2110 2207 2155 quaeexequiae

1274 2155 1400 2193 funeris
1426 2154 1471 2191 ibi
1500 2159 1624 2192 erant?
1649 2160 1780 2204 quantis
1806 2156 2013 2194 aromatibus
2037 2157 2206 2206 sepultum

1272 2204 1320 2240 est
1348 2204 1434 2240 illud
1460 2205 1627 2242 cadaver?
1653 2209 1699 2241 Et
1723 2219 1835 2243 tamen
1863 2221 1941 2244 cum
1967 2207 2055 2255 apud
2082 2207 2209 2244 inferos

1274 2255 1308 2286 in
1333 2256 1513 2287 tormentis
1531 2252 1631 2294 effet,
1656 2255 1854 2291 defideravit
1881 2270 1924 2292 ex
1939 2257 2028 2292 illius
2053 2268 2207 2293 contem-

1277 2302 1324 2348 pti
1354 2304 1509 2348 pauperis
1544 2301 1656 2349 digito
1682 2303 1756 2338 insti
1782 2304 1844 2339 lari
1885 2318 1978 2352 aquae
2002 2317 2135 2353 guttam
2160 2319 2211 2342 ar-

1274 2351 1366 2387 denti
1395 2350 1517 2397 linguae
1542 2350 1605 2387 suae
1631 2377 1643 2393 ,
1678 2365 1786 2399 neque
1812 2357 2011 2401 impetravit
2035 2380 2044 2389 .
2080 2355 2211 2392 Discite

1275 2411 1359 2444 ergo
1383 2399 1467 2445 quid
1495 2399 1554 2439 sit,
1580 2406 1667 2435 Mors
1688 2410 1890 2444 peccatorum
1913 2402 2060 2446 peffimas
2086 2409 2121 2439 ἂν
2149 2417 2210 2439 τιον

1275 2447 1335 2482 lite
1362 2449 1571 2491 interrogare
1597 2447 1718 2483 stratos
1744 2449 1894 2495 pretiosis
1921 2450 2067 2488 vestibus
2077 2452 2207 2496 leetos,

1276 2501 1310 2536 δε
1335 2508 1470 2531 carnem
1497 2495 1612 2531 multis
1637 2496 1767 2533 divitiis
1793 2497 2019 2543 obvolutam,
2043 2502 2209 2540 lamenta-

1275 2548 1381 2581 tionis
1414 2557 1578 2593 pompam
1604 2544 1803 2583 exhibentes
1822 2574 1833 2590 ,
1868 2550 2084 2598 plangentem
2110 2552 2208 2589 fami-

1277 2595 1358 2631 liam
1385 2621 1396 2638 ,
1433 2593 1574 2631 turbam
1607 2594 1862 2645 obsequentium
1900 2600 2141 2648 praecedentem
2167 2613 2209 2639 ae

1277 2645 1469 2693 sequentem
1486 2670 1498 2687 ,
1533 2657 1611 2681 cum
1637 2658 1760 2695 corpus
1786 2647 1925 2685 effertur
1948 2674 1960 2692 ‚
1987 2662 2210 2688 marmoratas

1280 2695 1472 2742 auratasque
1507 2699 1690 2732 memorias
1709 2723 1717 2731 .
1753 2701 1843 2734 Nam
1877 2698 1900 2735 fi
1927 2698 1999 2736 haec
2025 2704 2211 2749 interroga-

1281 2750 1346 2787 tis,
1374 2744 1574 2793 respondent
1600 2745 1698 2782 vobis
1724 2747 1840 2784 falsum
1861 2774 1873 2792 ,
1898 2749 2000 2797 quod*
2019 2751 2211 2787 multorum

1281 2808 1350 2832 non
1377 2795 1498 2831 leviter
1524 2807 1764 2843 peccatorum,
1790 2797 1846 2834 sed
1868 2804 2013 2836 omnino
2037 2799 2212 2837 scelerato-

1281 2858 1359 2883 rum
1385 2859 1479 2882 mors
1504 2848 1636 2893 optima
1659 2845 1730 2889 est,
1755 2851 1815 2895 qui
1842 2847 1885 2885 fic
1910 2849 2044 2897 plangi,
2069 2849 2213 2887 fic'con-

1283 2896 1350 2932 diri
1378 2921 1389 2938 ,
1424 2895 1467 2931 fic
1491 2898 1659 2942 contegi,
1685 2896 1727 2932 fic
1751 2897 1887 2941 efferri,
1914 2899 1958 2935 si'c
1982 2898 2116 2946 stpeliri
2142 2913 2211 2936 me-

1285 2956 1443 2982 ruerunt.
1470 2944 1533 2981 Sed
1559 2948 1761 2991 interrogate
1774 2949 2021 2996 Evangelium,
2045 2953 2080 2986 ὅ(
2102 2948 2215 2985 osten-

1283 2996 1341 3033 det
1365 2995 1444 3032 fidei
1469 2994 1587 3031 vestrae
1614 2999 1646 3031 in
1676 3000 1784 3043 poenis
1809 2997 1985 3035 ardentem
2002 3003 2148 3035 animam
2164 2999 2213 3036 di-

1285 3049 1388 3088 vitis,
1414 3058 1514 3094 quam
1541 3044 1626 3082 nihil
1653 3046 1852 3088 adiuverunt
1873 3061 1990 3084 ornnes
2014 3046 2210 3086 honores&

1285 3095 1445 3145 obsequia
1466 3121 1479 3138 ,
1503 3108 1577 3143 quae
1602 3107 1747 3135 mortuo
1761 3102 1905 3148 corpori>
1928 3100 1996 3146 ejus
2021 3101 2215 3136 viventium

1289 3149 1415 3184 vanitas
1440 3144 1605 3195 praebuit.

1338 3405 1392 3439 Ex
1415 3404 1607 3438 enarratione
1624 3400 1759 3447 ejusdem
1784 3406 1816 3440 in
1841 3401 2006 3447 ‘Psalmum
2029 3409 2167 3442 nm

1506 3457 1601 3488 Serm.
1618 3457 1657 3487 II.
1678 3450 1761 3496 verfi
1785 3463 1841 3499 14.
1863 3465 1946 3491 num.
1969 3457 1999 3489 6.

1391 3601 1514 3639 Uando
1547 3600 1728 3649 gandemus
1764 3604 1801 3637 in
1838 3606 1994 3639 oratione
2028 3628 2040 3645 ,
2084 3604 2219 3652 quando

1415 3664 1508 3687 mens
1533 3650 1646 3687 nostra
1672 3650 1844 3688 serenatur
1865 3677 1877 3695 ,
1901 3665 1970 3688 non
1997 3652 2218 3702 prosperitate

1417 3701 1549 3744 saeculi,
1575 3699 1715 3737 scdluce
1743 3706 1912 3738 veritatis:
1937 3707 1994 3750 qui
2021 3702 2219 3741 fimithanc

1296 3752 1428 3794 lucem,
1454 3754 1552 3786 novit
1577 3750 1670 3799 quod
1695 3750 1796 3793 dico,
1821 3756 1857 3788 δε
1882 3753 1975 3788 videt
1999 3752 2056 3789 hic
2084 3780 2095 3797 ,
2119 3767 2220 3801 agno-

1298 3802 1421 3850 scitque
1455 3801 1548 3849 quod
1583 3801 1712 3838 distum
1747 3800 1796 3837 est
1828 3826 1841 3844 ,
1886 3807 1974 3839 Sicut
2006 3807 2183 3848 proximum
2208 3829 2221 3847 ,

1725 3850 1746 3887 f
1763 3848 1782 3887 f
1826 3863 1847 3885 2·
2088 3852 2170 3897 ficut

2242 3773 2309 3806 vets.
2327 3783 2373 3811 24.
