2652 4126
536 248 614 292 ET
658 230 924 290 HisToR.
964 227 1254 287 SEM1P1-3L.
1297 243 1518 288 wei-:M
1552 241 1931 321 :aFFssRUer

335 333 425 378 Quis
449 340 562 367 autem
589 327 744 365 nostrum
769 326 873 370 dicit,
897 323 1105 372 conjugalium
1123 336 1220 361 mem-

284 380 407 418 brorum
425 381 544 417 malum
570 377 624 426 effe
643 378 840 422 consertum,
866 379 902 412 in
920 387 992 423 quo
1017 377 1141 423 nuptiae
1163 373 1219 410 be-

284 438 326 468 ne
352 441 495 468 utuntur
529 428 571 465 ad
597 427 835 477 propagandos
860 425 952 464 filios
977 423 1216 473 concupiscen-

284 485 338 518 tiae
363 481 455 518 malo
474 483 597 526 {Quae
621 477 893 527 concupiscentia
920 475 1049 512 malurn
1075 488 1144 512 non
1171 474 1215 511 es-

284 530 332 568 set
350 556 362 574 ,
386 530 410 568 fi
436 530 504 567 sola
529 528 710 578 generandi
736 525 840 565 caussa
865 525 909 563 ad
934 525 1066 562 licitum
1090 538 1215 563 concu-

284 580 396 618 bitum
421 589 620 617 moveretur
646 607 655 615 .
689 582 791 615 Nunc
818 589 905 614 vero
939 587 1018 612 cum
1044 579 1075 611 ei
1102 574 1220 612 refistit

284 630 469 681 conjugalis
489 629 675 678 pudicitia,
701 629 797 665 limes
815 627 865 664 est
884 626 986 664 malis
1009 629 1043 662 &
1063 625 1141 662 ideo
1160 624 1222 662 bo-

284 694 368 719 num
393 679 461 717 est.
487 679 589 717 Unde
615 692 686 716 non
711 682 829 716 crimen
853 676 920 724 eius
946 701 959 720 ,
984 675 1065 712 ficut
1092 676 1219 713 calum-

285 730 411 769 niando
435 730 587 779 loqueris
612 754 624 772 ,
650 732 842 774 impunitum
863 725 905 771 fic
928 736 985 773 per
1009 726 1186 770 religionem
1206 739 1217 761 ε

282 785 362 831 quia
387 780 513 817 nullius
533 779 582 816 est
607 782 781 822 criminis,
806 775 944 826 quando
971 789 1031 825 per
1057 776 1136 813 fidei
1153 774 1215 812 bo·

282 843 366 868 num
383 829 469 867 bene
493 833 603 868 utitur
626 828 777 867 libidinis
803 828 914 864 malo.
941 830 1064 874 Neque
1089 825 1148 862 hie
1165 826 1216 862 di-

281 884 315 918 ei
341 880 477 930 potest,
502 890 542 917 ut
559 891 678 931 putas,
702 882 870 916 Faciamus
889 876 1001 919 mala,
1025 886 1063 912 ut
1081 879 1215 913 veniant

281 929 384 968 bona:
411 934 490 980 quia
516 944 560 967 ex
585 930 679 967 nulla
709 928 757 966 sui
785 941 880 978 parte
906 925 1035 963 malum
1062 925 1135 976 ¹sunt
1160 939 1220 964 nu-

309 985 364 1018 tiae
390 1011 398 1019 .
425 985 510 1019 Non
537 985 629 1018 enim
655 992 771 1016 earum
798 978 926 1015 malum
951 976 999 1014 est
1027 1002 1039 1020 ,
1065 976 1160 1026 qu'od
1186 980 1222 1014 in

281 994 440 1068 llominis
465 1045 552 1081 quos
579 1041 733 1081 parentes
759 1033 925 1077 gignunt,
949 1039 1020 1064 non
1046 1026 1220 1070 fecerunt,

281 1081 339 1119 sed
365 1085 567 1118 invenerunt
594 1109 603 1118 .
633 1085 674 1118 In
701 1083 819 1129 primis
843 1090 954 1116 autem
980 1077 1181 1126 conjugibus
1207 1102 1220 1119 ‚

282 1135 343 1181 qui
367 1145 411 1169 ex
439 1132 540 1168 nullis
567 1131 763 1181 parentibus
789 1132 858 1166 nati
885 1127 960 1165 sum
979 1154 992 1172 ,
1017 1140 1078 1176 per
1105 1140 1221 1176 pecca·

281 1192 358 1219 tum
393 1181 517 1219 accidit
543 1182 690 1219 earnalis
715 1178 993 1229 concupiscentiae
1031 1177 1220 1214 discordio-

280 1232 356 1276 sum
381 1233 538 1276 malurn,
562 1245 634 1281 quo
658 1235 785 1281 nuptiae
809 1229 894 1267 bene
919 1239 1096 1266 uterentur
1112 1241 1125 1268 ,-
1150 1241 1220 1264 non

279 1295 343 1332 per
368 1283 452 1331 ipsas
477 1286 633 1332 nuptias,
659 1293 698 1319 ut
723 1280 800 1318 inde
818 1282 947 1317 merito
968 1278 1220 1315 damnarentur.

279 1332 380 1380 Quid
405 1346 490 1381 ergo
516 1337 659 1382 quaeris,
683 1341 790 1369 utrum
817 1333 850 1367 in
869 1328 1049 1376 conjugibus
1074 1327 1222 1373 christia-

278 1385 327 1419 nis
351 1393 567 1420 conventuum
592 1383 795 1429 voluptatem
819 1405 831 1423 ,
852 1382 1041 1427 pudicitiam
1059 1405 1071 1422 ,
1096 1392 1138 1416 an
1162 1382 1223 1416 im·

277 1433 469 1479 pudicitiam
495 1435 677 1470 nominem?
701 1434 790 1468 Ecce
819 1428 1032 1480 respondeo,
1059 1443 1129 1478 non
1152 1428 1221 1477 ipsa

279 1486 482 1519 nominatur
508 1482 693 1532 pudicitia,
719 1479 775 1517 sed
799 1482 868 1527 ejus
896 1479 976 1516 mali
1002 1479 1113 1517 bonus
1125 1478 1220 1518 usust

280 1544 354 1618 quo
378 1531 438 1569 usu
463 1531 560 1570 bono
585 1531 625 1569 fit
646 1557 659 1576 ,
685 1541 724 1568 ut
751 1531 839 1567 illud
866 1530 995 1566 malum
1022 1543 1082 1567 nec
1110 1534 1222 1579 impu-

306 1585 396 1618 icitia
421 1582 489 1620 dici
514 1582 633 1632 poffit.
661 1581 870 1630 Impudicita
888 1579 937 1617 est
963 1583 1055 1616 enim
1073 1580 1220 1627 ejusdem

280 1632 365 1667 mali
390 1631 465 1669 usus
491 1631 698 1681 flagitiosum
724 1631 809 1669 ficut
833 1630 996 1681 pudicitia
1021 1632 1219 1680 virginalis,

280 1681 412 1718 nullus.
438 1682 535 1720 Salva
561 1686 667 1731 igitur
684 1682 851 1732 pudicitia
868 1681 1063 1728 coniugali,
1088 1681 1220 1719 malum

4 1776 7 1779 ι
281 1730 324 1767 de
350 1732 445 1768 malo
480 1732 646 1770 nascendo
671 1731 820 1770 trahitur
846 1758 859 1778 ,
891 1730 989 1781 quod
1013 1730 1219 1768 renascendo

184 1793 188 1799 ’
281 1793 470 1830 purgetur.
599 1785 602 1789 ”

0 1797 31 1896 ἓ
330 1834 389 1869 Sed
404 1841 531 1879 propter
549 1834 626 1876 hoc,
648 1837 759 1882 inquis
770 1858 782 1876 ,
800 1831 938 1870 libidinis
956 1832 1076 1869 malum
1088 1857 1100 1875 ,
1117 1834 1218 1868 etiam

0 1910 16 1935 :⁴22
278 1883 317 1919 dc
339 1881 520 1930 conjugibus
537 1883 718 1927 christianis
741 1884 842 1930 proles
867 1882 1030 1926 criminosa
1047 1882 1220 1928 profertur,

0 1942 16 1981 3
276 1931 422 1978 sequitur
445 1942 483 1969 ut
505 1935 664 1979 pudicitia
696 1933 867 1978 virginalis
887 1932 932 1979 fit
951 1932 1123 1979 felicitatis
1148 1931 1220 1968 illa-

0 1986 3 1990 '
275 1986 368 2018 trixe
393 1984 437 2020 &⁴
463 1986 538 2028 quia
563 1987 596 2020 in
620 1987 731 2030 impiis
756 1986 944 2026 invenitur,
970 1985 1103 2031 inquis,
1127 1991 1217 2018 ante-

274 2032 391 2069 cellunt
415 2031 551 2075 infideles
566 2035 726 2079 pudicitia
742 2036 870 2070 virtute
888 2031 1218 2077 sublimes-,Christia-

274 2085 323 2118 nis
347 2081 485 2119 libidinis
509 2081 583 2119 tabe
605 2084 736 2128 pollutis
753 2111 761 2119 .
788 2086 874 2120 Non
899 2083 948 2119 est
975 2087 1021 2120 ita
1046 2093 1086 2120 ut
1110 2082 1217 2121 diciss

0 2171 9 2177 K,
84 2136 256 2169 Ininfideli-
273 2129 424 2165 multum
449 2130 577 2165 falleris
605 2155 613 2163 .
652 2133 727 2164 Nec
754 2131 892 2166 libidins
918 2136 1012 2168 enim
1038 2132 1115 2169 tabe
1141 2133 1217 2181 pol-

0 2180 15 2218 ’ἐξ
87 2178 235 2223 ὒῑὲῑνῐῐὲῑ·
274 2178 424 2216 luuntur
443 2204 456 2222 ,
481 2181 542 2226 qui
569 2176 712 2213 libidine
738 2175 823 2212 bene
849 2186 995 2210 utuntur
1022 2190 1032 2213 ς
1058 2186 1218 2222 quamvi,

0 2225 10 2273 ἑ
88 2225 238 2286 uitasscar-
275 2238 438 2277 generent
462 2227 611 2264 libidinis
637 2225 714 2264 tabe
741 2224 895 2274 pollutos
918 2249 931 2266 ,
957 2228 992 2259 δε
1019 2223 1099 2259 ideo
1125 2237 1218 2271 rege-

87 2266 246 2331 ῗέᾗῖςξξξ
277 2278 467 2313 nerandos:
490 2290 553 2312 nec
572 2280 608 2312 in
635 2279 747 2324 impiis
768 2277 942 2312 invenitur
963 2273 1126 2322 pudicitia
1148 2277 1217 2310 vir-

88 2337 230 2378 pudicitia
281 2326 402 2375 ginalis
428 2351 441 2369 ,
465 2329 622 2374 quamvis
647 2326 839 2362 inveniatur
864 2326 1042 2370 virginitas
1067 2327 1176 2361 carnis
1204 2337 1215 2363 ι

88 2377 262 2416 virginalis.
278 2380 359 2426 quia
384 2387 463 2412 vera
483 2375 647 2430 pudicitia
672 2388 742 2412 non
769 2373 881 2424 potest
907 2371 1062 2410 habitare
1088 2377 1123 2411 in
1147 2377 1216 2411 ani·

281 2439 344 2465 mo
371 2425 558 2464 fornicante
582 2452 592 2461 .
627 2428 682 2463 Ae
707 2439 768 2475 per
794 2424 866 2462 hoc
899 2437 970 2460 non
995 2428 1216 2473 anteponitur

282 2474 453 2523 virginale*
467 2473 597 2511 bonum
623 2479 812 2523 impiorum
830 2473 929 2510 bono
947 2473 1116 2520 coniugali
1137 2471 1218 2507 fide-

0 2549 7 2561 .·
283 2527 371 2564 lium
393 2539 403 2560 ι
430 2523 484 2560 sed
509 2525 669 2572 conjuges
693 2523 779 2560 bene
803 2532 934 2559 utentes
961 2522 1054 2557 malo
1079 2531 1155 2556 ante

0 2558 18 2614 l
283 2586 413 2614 nuntur
432 2573 622 2623 virginibus
639 2574 729 2610 male
743 2570 916 2610 utentibus
933 2569 1047 2606 bono.
1073 2572 1120 2606 Et
1138 2533 1219 2606 ἑξεῖ

285 2638 366 2663 cum
387 2624 503 2662 fideles
529 2625 699 2671 conjugati
718 2622 803 2660 bene
821 2631 960 2658 utantur
979 2619 1130 2657 libidinis
1149 2633 1219 2656 ma-

286 2676 326 2713 lo
343 2701 356 2720 ,
380 2688 451 2711 non
477 2676 562 2721 apud
587 2687 640 2712 nos
664 2678 733 2718 (ut
759 2671 1008 2712 calumniaris)
1030 2679 1160 2716 propter
1181 2667 1220 2713 fi-

285 2727 357 2763 dem
374 2734 539 2762 exercetur
555 2727 726 2771 impunitas
742 2724 905 2764 criminis,
930 2720 986 2756 sed
1014 2723 1048 2756 in
1074 2723 1124 2761 eis
1141 2733 1220 2768 pro-

287 2786 367 2826 pter-
391 2775 494 2812 fidem
522 2787 600 2811 vera
625 2787 696 2810 non
721 2772 798 2810 falsa
826 2775 935 2808 virtus
961 2770 1009 2807 est
1035 2769 1193 2807 castitatis
1208 2798 1217 2807 .

287 2850 290 2852 -
339 2825 434 2871 Quid
453 2835 566 2862 autem
590 2824 632 2861 ad
657 2837 720 2860 nos
745 2825 890 2871 pertinet
907 2823 988 2869 quia
1006 2819 1219 2858 Maniehaeos

285 2875 401 2912 dicere
426 2873 574 2912 affirmas
599 2899 612 2917 ,
645 2877 678 2911 Si
702 2876 772 2920 quis
796 2873 1000 2910 homicidium
1033 2869 1220 2915 conscicntia

283 2926 475 2973 formidante
499 2923 687 2968 commiserit
714 2949 727 2967 ,
751 2935 822 2960 rcus
846 2921 888 2965 esi
906 2947 918 2965 ‚
943 2924 1018 2968 quia
1044 2923 1173 2957 timuitx
1194 2920 1222 2966 fi

241 3022 245 3025 A
287 2985 398 3013 autem
422 2976 547 3021 aliquod
564 2974 692 3019 facinus
708 2973 890 3019 exsultante
904 2974 1099 3018 perpetrarit
1123 2973 1221 3007 auda*

287 3029 364 3068 oia,
390 3025 484 3062 velut
501 3026 625 3061 credens
645 3023 681 3068 se
705 3035 746 3060 ex
761 3021 822 3066 fide
841 3022 950 3068 facere
967 3023 1048 3067 quod
1072 3022 1156 3057 male
1168 3021 1221 3067 fa-

289 3078 359 3117 cit,
383 3075 488 3121 cvafit
505 3074 665 3120 culpam?
678 3073 773 3122 quod
797 3071 936 3120 quidem
958 3083 1147 3119 numquam
1167 3080 1221 3108 au·-

291 3123 364 3159 divi
390 3124 502 3163 dicere
526 3122 758 3161 Manichaeos.
784 3121 848 3159 Sed
873 3121 957 3170 quid
982 3121 1023 3158 ad
1043 3134 1127 3164 nos,
1152 3121 1220 3158 five

292 3176 395 3209 etiam
422 3173 499 3222 ipfi's
520 3174 762 3210 calumnieris:
788 3185 866 3209 cum
892 3171 962 3208 hoc
987 3169 1157 3208 catholica
1184 3172 1220 3208 fi-

292 3223 352 3260 des
369 3235 438 3259 non
457 3222 568 3266 dicat,
592 3236 695 3271 quam
712 3234 887 3264 tenemus,
914 3226 948 3258 δε
966 3223 1058 3264 cuius
1082 3233 1117 3257 te
1137 3235 1222 3270 pon·

292 3273 375 3311 idere
393 3278 568 3321 urgemus.
593 3275 670 3310 Nos
693 3277 784 3310 enim
805 3286 842 3309 ea
860 3285 933 3320 quae
957 3271 1118 3308 videntur
1136 3285 1218 3323 ope·

294 3337 332 3361 ra
357 3321 470 3367 bona,
495 3323 639 3359 dicimus
655 3336 725 3359 non
750 3321 811 3359 ess‘e
829 3335 908 3358 vere
934 3321 1024 3358 bona
1043 3321 1109 3358 fine
1129 3323 1219 3359 fidet

295 3377 458 3422 quoniam
483 3386 587 3421 opera
612 3385 691 3409 vere
715 3372 804 3409 bona
829 3370 953 3408 necess‘e
978 3371 1028 3408 est
1052 3375 1134 3409 Deo
1152 3373 1220 3422 pla-

296 3435 393 3464 eere,
412 3427 468 3460 cui
492 3422 560 3458 fine
576 3422 642 3458 fide
667 3426 746 3471 quia
770 3421 975 3471 impoffibile
999 3421 1059 3459 est*
1074 3422 1221 3470 placere,

297 3472 458 3523 profecto
485 3472 582 3520 quod
609 3485 687 3509 vere
709 3482 795 3521 opus
820 3472 869 3509 est
886 3471 1040 3515 bonum,
1065 3471 1131 3510 stne
1156 3473 1224 3510 fide

296 3535 372 3561 non
403 3522 513 3571 potest
537 3520 599 3559 effe
624 3550 632 3559 .
666 3526 912 3560 Verumtamen
938 3521 996 3558 illa
1020 3535 1124 3571 opera
1148 3535 1225 3572 quae

297 3573 501 3622 apertissime
534 3572 622 3610 mala
647 3571 724 3609 sunt
753 3585 823 3610 non
847 3572 927 3609 facit
953 3571 1035 3609 fides
1062 3585 1137 3621 qnae
1163 3586 1224 3620 per

243 3624 249 3635 ³
298 3623 522 3661 dileaionem
555 3632 715 3673 operatur
739 3635 750 3658 τ
781 3625 862 3670 quia
889 3621 1032 3659 dilectio
1067 3626 1222 3671 proximi

298 3673 429 3713 malum
448 3678 525 3709 'non
549 3683 729 3721 operatur.

349 3730 435 3762 Bona
452 3725 551 3771 igum
564 3721 807 3769 comupiscen'tia
823 3721 978 3759 naturalis
987 3747 999 3765 ,
1009 3725 1117 3770 inquis
1127 3747 1140 3765 ,
1149 3735 1223 3760 eru-

298 3771 404 3811 bescis
430 3776 522 3810 enim
543 3771 659 3809 dicere
682 3769 845 3815 carnalis,
867 3782 935 3817 qua
958 3783 1028 3808 cum
1052 3776 1136 3810 intra
1155 3784 1219 3809 mos

299 3824 378 3863 dum
397 3823 491 3871 suum
514 3831 665 3873 tenetur,
685 3825 796 3870 inquis
812 3845 838 3866 ,ν
850 3821 936 3860 nulla
958 3822 1037 3871 mali
1057 3821 1221 3869 adspersio·

18 800 21 801 ⁷
80 810 162 839 Rom.
179 819 207 848 3.
215 807 244 840 8.

108 3350 212 3384 Hebm
222 3360 233 3380 1
239 3352 276 3381 .6.

2094 242 2203 309 169

1279 338 1315 361 ne
1340 334 1492 371 turpatur
1516 353 1524 361 .
1560 323 1757 371 Quomodo
1781 334 1916 361 tenetur
1948 327 2039 362 intra
2064 330 2208 369 modian
2225 324 2292 355 Cal.
2309 328 2370 360 5-6·

1279 374 1396 418 suum,
1423 375 1534 423 quaeso
1557 387 1593 411 te
1618 373 1640 415 ’ξ
1656 374 1838 423 quomodo
1862 386 2021 418 oenaur,
2046 378 2105 412 nifi
2130 394 2209 418 cum
2225 366 2397 404 Ramajuo.

1279 429 1311 461 ei
1337 424 1524 462 resistitur?
1546 429 1622 462 Cur
1647 436 1759 462 autem
1785 424 1970 470 resistitur,
1995 425 2056 462 nifi
2080 439 2121 462 ne
2145 434 2210 466 im-

1274 476 1364 525 pleat
1383 474 1543 512 defideria
1564 475 1673 513 mala?
1690 475 1886 522 Quomodo
1904 475 1952 514 est
1973 479 2078 525 igitur
2096 475 2208 515 boma

1354 623 1407 668 Zx
1431 627 1509 667 libro
1532 631 1640 677 quinto
1663 627 1799 676 ejusdem
1817 638 1928 667 contra
1947 607 2139 678 julianum,
2170 643 2172 645 ’

1677 689 1748 725 cap.
1774 692 1809 727 4.
2102 691 2105 694 ·

2203 777 2377 811 ,Capuan

1400 835 1568 869 nitentiam
1592 840 1626 867 te
1642 833 1789 867 adducit.
1806 832 1942 868 Verum
1961 831 2034 875 est,
2055 832 2211 882 constats
2229 813 2343 885 Romllzl...
2353 865 2382 890 4,

1280 881 1335 918 sed
1362 895 1465 929 quem
1491 880 1743 929 praedestinavit
1766 880 1907 918 adducit
1924 895 1937 915 :
1960 887 2118 930 quamvis
2144 882 2212 931 ipse

1281 931 1464 968 secundum
1502 930 1666 967 duritiam
1691 930 1784 967 suam
1809 935 1844 967 &
1878 943 1940 968 cor
1963 936 2174 981 impaenitens
2195 955 2213 976 3

1281 992 1450 1031 quantum
1468 979 1511 1016 ad
1530 980 1639 1028 ipsum
1659 979 1809 1022 adtinet,
1825 978 2032 1018 thesaurizet
2055 982 2115 1019 fibi
2126 986 2212 1019 itam
2229 1009 2293 1040 Iba
2362 1010 2401 1042 &

1281 1057 1309 1076 „
1335 1035 1370 1067 in
1396 1031 1451 1067 die
1477 1033 1535 1066 irae
1559 1035 1594 1066 ἃ
1622 1029 1836 1065 revelationis
1862 1030 1939 1076 justi
1964 1032 2078 1078 judicii
2104 1034 2174 1068 Dei
2200 1056 2214 1076 ,
2230 1025 2270 1080 ⁶³
2295 1018 2346 1046 '5'

1282 1107 1308 1126 „
1334 1085 1394 1130 qui
1421 1080 1539 1117 reddet
1565 1082 1748 1127 unicuique
1773 1079 1957 1116 secundum
1983 1090 2088 1130 opera
2107 1082 2177 1129 ejus
2203 1108 2212 1118 .
2249 1072 2260 1083 ⁸

1281 1158 1308 1176 „
1334 1129 1534 1178 Quamlibet
1554 1134 1645 1166 enim
1666 1128 1810 1179 prebeat
1830 1133 2026 1177 patientiam
2041 1131 2124 1171 3nifi
2144 1131 2212 1181 ipse

1279 1182 1436 1224 dederit,
1459 1182 1536 1229 quis
1561 1184 1630 1228 agit
1657 1183 1885 1228 paenitentiam
1905 1183 1918 1217 ,²
1944 1184 2002 1217 An
2026 1180 2155 1218 oblitus
2179 1194 2214 1218 es

1279 1233 1375 1282 quod
1400 1231 1492 1269 idem
1518 1229 1587 1281 ipst:
1611 1230 1738 1267 doetor
1764 1233 1832 1272 ait,
1860 1234 1915 1267 Ne
1941 1230 2032 1267 forte
2058 1231 2116 1267 det
2143 1231 2213 1268 illis
2312 1266 2317 1272 ,

1281 1287 1376 1321 Deus
1403 1285 1630 1331 paenitentiam
1656 1281 1698 1316 ad
1716 1279 1985 1327 cognoscendam
2008 1284 2214 1325 veritatem,
2231 1275 2257 1334 ζ
2275 1267 2407 1337 ξζῖὲιῖ

1281 1339 1316 1371 &
1335 1332 1525 1381 resipiscant
1550 1345 1568 1369 a
1590 1329 1719 1367 diaboli
1745 1330 1892 1379 laqueis?
1917 1331 1980 1367 Sed
2006 1331 2127 1377 judicia
2143 1333 2213 1379 ejus
2233 1315 2276 1385 1³}ss
2291 1328 2381 1386 35,7‚‘

1282 1383 1390 1421 multa
1414 1379 1574 1429 abyss'us'.
1601 1385 1676 1418 Nos
1702 1391 1793 1417 certe
1819 1381 1843 1417 fi
1867 1394 1925 1418 eos
1945 1406 1957 1424 ,
1981 1384 2017 1416 in
2042 1394 2128 1429 quos
2154 1390 2216 1418 no·—

1283 1434 1334 1472 bis
1364 1431 1509 1482 potestas
1533 1431 1605 1474 est,
1631 1442 1708 1468 ante
1733 1431 1854 1468 oculos
1879 1431 2015 1468 nostros
2041 1442 2213 1480 perpetra-

1283 1498 1320 1521 re
1346 1483 1468 1521 scelera
1495 1485 1751 1532 permittamus,
1776 1485 1826 1518 rei
1851 1495 1930 1518 cum
1957 1481 2033 1530 ipfis
2061 1485 2186 1518 erimus
2202 1495 2215 1517 ε

1281 1547 1384 1584 quam
1405 1547 1492 1571 vero
1517 1531 1778 1569 innumerabilia
1796 1531 1855 1568 ille
1882 1535 2049 1580 permittit
2067 1531 2142 1568 fieri
2161 1545 2216 1568 an-

1282 1597 1318 1622 te
1343 1584 1466 1622 oculos
1492 1583 1567 1620 suos
1590 1608 1602 1626 ,
1628 1596 1702 1631 quae
1726 1586 1844 1631 utique
1869 1583 1893 1618 fi
1918 1580 2096 1625 noluisset,
2122 1581 2216 1618 nulla

1279 1639 1412 1673 ratione
1439 1637 1655 1683 permitteret
1673 1648 1688 1670 ι.
1709 1638 1744 1670 &
1769 1644 1883 1669 tamen
1910 1632 2014 1678 justus
2040 1637 2075 1669 &
2102 1631 2213 1669 bonus
2235 1659 2260 1678 2,
2270 1650 2406 1687 pe,‚3‚9‚

1278 1685 1328 1722 est
1347 1713 1355 1721 .
1382 1689 1430 1722 Et
1457 1683 1554 1733 quod
1580 1682 1765 1732 praebendo
1791 1687 1991 1732 patientiam
2015 1682 2073 1720 dat
2098 1682 2217 1718 locum
2236 1701 2263 1720 ι.
2282 1691 2360 1721 Tim.
2379 1700 2406 1721 ι.

1279 1738 1482 1785 paenitentiae
1501 1734 1622 1770 nolens
1641 1734 1791 1781 aliquem
1811 1737 1944 1781 perire,
1972 1737 2072 1769 novit
2092 1735 2218 1768 Domi·
2234 1738 2304 1799 kim
2322 1771 2337 1796 8
2365 1771 2398 1797 20

1376 789 1428 825 lt,
1453 784 1565 829 inquis
1587 806 1600 824 ,
1624 778 1794 827 Apostolus
1811 804 1825 822 ,
1849 783 1977 817 Bonitas
2002 785 2063 819 Dei
2086 783 2130 820 ad
2151 791 2202 829 pa

1278 1798 1341 1822 nus
1365 1788 1424 1834 qui
1446 1783 1521 1819 sunt
1551 1785 1642 1829 ejus,
1668 1788 1703 1819 δι
1730 1786 1845 1818 omnia
1871 1793 2078 1830 cooperatur
2102 1785 2137 1817 in
2156 1781 2218 1817 bo-
2236 1808 2341 1839 Mmh

1279 1848 1387 1878 num,
1411 1833 1467 1870 sed
1493 1832 1549 1870 his
1569 1837 1629 1880 qui
1656 1831 1838 1868 secundum
1860 1831 2076 1881 propositum
2103 1834 2218 1868 vocati
2238 1859 2286 1886 14·
2346 1822 2410 1841 '²²'

1280 1886 1374 1923 sunt.
1400 1887 1484 1922 Non
1505 1887 1596 1920 enim
1622 1895 1743 1919 omnes
1769 1886 1827 1930 qui
1849 1886 1962 1919 vocati
1985 1881 2082 1924 sunt,
2107 1880 2219 1918 secun·

1282 1936 1366 1972 dum
1392 1933 1609 1983 propositum
1634 1932 1710 1969 sunt
1738 1936 1872 1968 vocati.
1902 1932 2011 1968 Multi
2038 1935 2131 1966 enirn
2157 1944 2218 1967 vo-

1278 1989 1343 2023 cati
1370 2010 1383 2027 ,
1409 1987 1507 2033 pauci
1534 1996 1619 2018 vero
1644 1982 1744 2018 electi
1769 2008 1778 2016 .
1806 1984 1877 2026 Qui
1904 1993 1988 2026 ergo
2013 1980 2112 2015 eleeci
2138 2005 2151 2022 ,
2177 1979 2217 2016 hi

1278 2035 1461 2073 secundum
1483 2031 1700 2082 propositum
1720 2034 1854 2066 vocati.
1880 2029 1982 2067 Unde
2007 2033 2042 2066 &
2068 2028 2150 2066 alibi
2168 2030 2218 2066 di·
2237 2059 2262 2089 D
2307 2059 2330 2089 1,
2387 2074 2396 2081 N

1280 2090 1328 2123 cit
1354 2111 1367 2128 ,
1402 2083 1594 2122 Secundum
1629 2085 1795 2118 virtutem
1833 2083 1901 2116 Dei
1939 2079 2050 2115 salvos
2085 2093 2148 2116 nos
2171 2080 2218 2116 fa·
2234 2069 2412 2132 cassss'sslsl

1280 2139 1423 2178 cientis,
1447 2139 1482 2172 δε
1511 2136 1665 2169 vocantis
1691 2135 1874 2167 vocatione
1899 2128 1954 2165 sua
1979 2130 2088 2166 sancta
2109 2156 2121 2173 ,
2145 2142 2218 2167 non
2238 2142 2349 2171 2.T÷'m.
2366 2152 2390 2172 1.

1280 2185 1467 2220 steuudum
1502 2196 1609 2229 opera
1634 2181 1751 2217 nostra
1775 2206 1788 2224 ,
1825 2179 1882 2216 sed
1906 2178 2087 2217 secundum
2122 2179 2217 2216 suum
2234 2181 2351 2217 8.<9·9·

1279 2229 1498 2276 propositum
1525 2233 1559 2263 δε
1586 2232 1731 2274 gratiam
1746 2252 1759 2270 ,
1784 2241 1858 2274 quae
1882 2230 1958 2265 data
1983 2230 2032 2265 est
2058 2229 2156 2266 nobis
2184 2234 2219 2267 in
2236 2222 2408 2278 {5⁰”²·⁸·²3·

1279 2276 1428 2316 Christo
1447 2275 1521 2317 Jesu
1539 2287 1616 2312 ante
1635 2277 1752 2313 saecula
1769 2287 1889 2313 aeterna
1901 2305 1908 2313 .
1929 2279 2088 2327 Denique
2107 2285 2142 2317 &
2159 2279 2220 2318 hic
2236 2269 2298 2293 we.

1281 2340 1363 2365 cum
1383 2324 1542 2369 dixisset,
1568 2329 1698 2363 Omnia
1724 2339 1931 2376 cooperatur
1958 2333 1992 2366 in
2013 2329 2142 2367 bonum
2165 2329 2220 2368 his
2240 2365 2252 2381 κ

1278 2376 1531 2426 quisecundum
1558 2377 1774 2423 propofitum
1797 2382 1911 2413 vocati
1930 2378 2026 2413 sunt:
2053 2385 2220 2416 continuo

1278 2426 1452 2466 subdidit,
1470 2427 1648 2468 Quoniam
1668 2437 1756 2470 quos
1775 2435 1851 2459 ante
1870 2425 2060 2471 praescivit,
2078 2432 2112 2463 δι
2136 2441 2220 2477 pra-

1279 2499 1308 2517 „
1333 2472 1515 2510 destinavit
1533 2472 1731 2508 conformes
1750 2475 1906 2520 imaginis
1919 2475 1996 2511 Filii
2015 2477 2105 2520 ejuS,
2123 2489 2162 2514 ut
2180 2479 2219 2516 stt

1280 2549 1308 2567 „
1334 2524 1587 2572 primogenitus
1606 2525 1640 2557 in
1654 2522 1771 2560 multis
1780 2522 1938 2560 fratribus
1957 2539 1966 2559 ε
1991 2538 2078 2573 quos
2103 2525 2219 2566 autem

1279 2598 1305 2616 „
1331 2571 1603 2622 praedestinavit,
1629 2571 1707 2608 illos
1726 2577 1762 2608 δε
1791 2577 1995 2612 vocavits&
2015 2589 2100 2623 quos
2120 2591 2218 2616 vocar-

1280 2648 1305 2667 „
1331 2621 1502 2672 vit,ipsos
1523 2626 1558 2658 &
1579 2621 1890 2671 justificavitsquos
1902 2635 2013 2661 autem
2033 2626 2218 2672 justicavir,

1279 2699 1307 2718 „
1332 2672 1421 2722 ipsos
1443 2677 1479 2709 &
1500 2671 1733 2720 glorificavit.³
1755 2676 1804 2710 Hi
1830 2674 1904 2710 sunt
1930 2674 2111 2712 secundum
2138 2690 2219 2726 pro-

1281 2722 1431 2773 pofitum
1461 2726 1595 2758 vocati.
1628 2722 1696 2770 Ipsi
1725 2736 1809 2771 ergo
1836 2724 1958 2767 electi,
1987 2731 2022 2762 δε
2050 2725 2120 2763 hoc
2141 2739 2217 2766 ante
2233 2714 2330 2783 {phe—fi
2347 2726 2411 2752 ¹⁸4·

1280 2773 1402 2811 mundi
1422 2772 1729 2816 constitutionem,
1755 2772 1798 2810 ab
1817 2787 1860 2810 eo
1880 2779 1939 2822 qui
1960 2787 2061 2812 vocat
2088 2791 2124 2813 ea
2142 2792 2216 2827 quae
2236 2766 2411 2825 R‘o'ssul‘rm

1279 2837 1352 2861 non
1365 2822 1439 2860 sunt
1458 2834 1631 2871 tamquam
1649 2822 1809 2866 fint‚Sed
1819 2824 1917 2861 eleeti
1942 2827 2217 2874 perelectionem
2308 2816 2316 2826 ’
2361 2805 2408 2834 ’ς’

1276 2879 1415 2922 gratie.
1441 2872 1543 2911 Unde
1570 2873 1655 2909 dicit
1683 2873 1775 2909 idem
1801 2873 1925 2911 doetor
1952 2881 1987 2912 &
2012 2877 2054 2913 de
2081 2878 2179 2915 Istael
2206 2895 2216 2916 ι
2263 2885 2379 2917 Eleffio
2401 2909 2409 2920 .

1280 2923 1458 2972 Reliquiae
1482 2935 1545 2972 per
1569 2924 1774 2960 eiectionem
1788 2928 1904 2972 gratiae
1930 2925 2026 2962 fac'tae
2050 2927 2144 2965 sunt.
2170 2933 2216 2966 Et
2235 2935 2405 2971 nonexprae

1281 2988 1323 3010 ne
1350 2974 1440 3010 forte
1473 2984 1551 3009 ante
1576 2973 1854 3010 constitutionem
1882 2975 2001 3010 mundi
2028 2989 2071 3013 ex
2096 2984 2210 3027 operi-
2233 2969 2360 3012 ⁶⁰gr¹¹5¹¹⁵
2377 2979 2409 2997 ⁰·

1280 3024 1342 3062 bus
1369 3028 1581 3073 praecognitis
1606 3035 1804 3072 putarentur
1829 3024 1952 3067 electi,
1977 3025 2106 3063 secutus
2130 3009 2370 3078 est›,¹1³223le³;³„⁵6‘

1279 3080 1315 3112 &
1341 3075 1524 3122 adjunxit3
1551 3078 1584 3111 Si
1609 3085 1722 3110 autem
1733 3078 1861 3122 gratia,
1886 3076 1952 3122 jam
1979 3088 2048 3111 non
2075 3088 2212 3126 exope-
2373 3069 2379 3075 ¹

1278 3124 1393 3163 ribuss
1420 3125 1573 3172 alioquin
1600 3128 1704 3172 gratia
1731 3126 1795 3171 jam
1822 3138 1892 3160 non
1920 3124 1968 3161 est
1994 3129 2099 3173 gratia
2121 3152 2129 3160 .
2156 3131 2212 3168 Ex

1278 3175 1349 3212 isto
1379 3187 1526 3212 numero
1559 3174 1749 3210 electorum
1786 3179 1820 3210 &
1855 3174 2171 3223 praedestinatorum
2197 3205 2212 3223 ,

1279 3230 1384 3262 etiam
1409 3228 1469 3274 qui
1497 3225 1668 3273 peffimam
1695 3225 1865 3260 duxerunt
1890 3229 1997 3261 vitam
2019 3252 2031 3268 ,
2057 3239 2118 3275 per
2137 3230 2208 3265 Dei

1280 3276 1525 3323 benignitatem
1549 3274 1764 3311 adducuntur
1789 3274 1831 3310 ad
1858 3279 2092 3322 paenitentiam
2112 3302 2124 3319 ,
2150 3286 2229 3326 per‘

1281 3327 1374 3373 cujus
1399 3328 1601 3374 patientiam·
1617 3337 1687 3360 non
1713 3324 1787 3360 sunt
1798 3323 1878 3360 huic
1904 3328 1982 3362 vitae
2008 3329 2041 3362 in
2068 3327 2135 3375 ipsa
2145 3328 2212 3365 sce-

1283 3376 1392 3412 lerum
1419 3378 1669 3423 perpetratione
1695 3373 1877 3416 subtracti,
1902 3386 1941 3411 ut
1966 3375 2209 3416 ostendatur&

1283 3426 1359 3474 ipfis
1384 3429 1418 3462 δε
1437 3425 1511 3461 aliis
1535 3423 1761 3461 coheredibus
1771 3437 1915 3467 eorum,
1940 3425 1982 3461 de
2007 3439 2109 3474 quam
2123 3441 2204 3476 pro-

1281 3475 1390 3513 fimdo
1414 3474 1508 3511 malo
1533 3475 1633 3523 poffit
1660 3477 1727 3510 Dei
1753 3477 1858 3521 gratia
1885 3474 2048 3512 liberare:
2074 3480 2129 3514 Ex
2151 3477 2207 3514 his

1284 3538 1387 3562 nemo
1412 3527 1523 3572 perit,
1548 3536 1761 3572 quacumque
1786 3534 1880 3559 aetate
1898 3529 2082 3563 moriatur.
2109 3527 2207 3564 Abfit

1283 3580 1376 3613 enim
1402 3584 1443 3610 ut
1465 3573 1716 3622 praedestinatus
1740 3573 1782 3610 ad
1807 3576 1913 3610 vitam
1937 3575 2005 3611 fine
2024 3576 2205 3614 sacramen·
2215 3602 2253 3640 J„
2274 3612 2292 3631 n
2303 3605 2322 3630 6

1281 3636 1322 3662 to
1347 3623 1549 3662 Mediatoris
1584 3623 1686 3659 finire
1708 3626 1923 3671 permittatur
1949 3625 2037 3662 hanc
2062 3629 2167 3664 vitam
2192 3653 2201 3664 .
2221 3611 2395 3680 κὲρξοὼῇ

1280 3681 1426 3723 Propter
1451 3671 1516 3710 hos
1542 3675 1716 3709 Dominus
1742 3677 1811 3715 ait,
1836 3677 1922 3710 Haec
1946 3675 1995 3711 est
2019 3687 2131 3718 autem
2141 3691 2202 3714 vo·
2221 3681 2380 3712 electorum

1279 3725 1389 3760 luntas
1406 3724 1475 3769 ejus
1500 3726 1559 3771 qui
1585 3722 1673 3758 mifit
1699 3735 1753 3758 me
1770 3727 1897 3767 Patris,
1922 3736 1961 3762 ut
1986 3738 2089 3762 omne
2107 3728 2201 3775 quod
2222 3721 2376 3765 naseuntur

1279 3774 1372 3811 dedit
1397 3771 1510 3816 mihi,
1533 3785 1602 3808 non
1627 3772 1767 3820 perdam
1793 3786 1835 3809 ex
1860 3787 1923 3810 eo.
1951 3779 2068 3813 Ceteri
2087 3787 2199 3813 autem
2219 3761 2391 3793 ¹²¹¹¹¹⁸²¹⁶¹¹¹⁸

1277 3823 1438 3863 mortales
1462 3826 1522 3872 qui
1546 3835 1589 3860 ex
1614 3821 1681 3860 isto
1705 3835 1850 3861 numero
1873 3838 1944 3863 non
1968 3824 2065 3872 sunt,
2092 3830 2126 3862 &
2150 3839 2193 3863 ex

2028 3874 2144 3911 eadem
